2549 3825
644 259 704 287 AD
739 259 980 287 STAGthM
1017 259 1041 287 A
1082 257 1272 287 DAEMONE
1309 256 1544 286 VEXATUM.
1585 256 1671 284 Llss.
1711 256 1775 285 111.
2146 236 2237 302 275

195 346 290 389 λείας
304 346 377 382 τῶν
386 344 551 394 οὐρανῶν,
572 340 697 389 ἀθύμει
712 339 772 377 καὶ
789 340 919 387 πένθει,
940 343 958 378 ὁ
975 339 1139 378 κωλύσων
1163 341 1215 379 οὐ·

1290 352 1361 376 non
1378 338 1480 375 liceat
1497 352 1516 374 a
1532 350 1682 375 moerore
1699 351 1836 375 vacare.
1859 338 1948 374 Nam
1964 337 1994 374 si
2011 336 2238 383 adulterium,

197 406 277 448 δείς·
294 407 323 443 εἷ
342 402 378 441 δὲ
394 402 523 442 τούτων
537 403 580 452 τῇ
592 403 652 438 τοῦ
669 401 762 439 Θεοῦ
780 399 901 452 χάριτι
917 400 1058 438 πάντων
1078 400 1216 452 πόῤῥω-
1242 403 1266 432 D
1292 398 1322 436 si
1337 398 1588 447 homicidium,
1607 398 1636 436 si
1651 398 1764 436 scelus
1779 397 1926 448 aliquod
1941 396 2148 449 hujusmodi
2166 411 2243 449 per-

196 472 252 506 θεν
268 465 438 511 ἕστηκας,
450 463 485 500 τί
505 462 620 512 μάτην
635 461 775 504 κόπτεις
795 460 942 508 σαυτόν,
958 459 1034 507 Τὴν
1047 460 1117 512 γὰρ
1136 463 1217 498 ἀθυ-

198 526 280 578 μίαν
304 526 462 572 ἐνέθηκεν
480 526 582 574 ἠμῶν
601 527 619 561 ὁ
640 523 730 565 Θεὸς
745 524 789 572 τῇ
806 521 918 574 φύσει,
941 523 1007 572 οὐχ
1024 521 1081 558 ἵνα
1098 522 1217 563 ἁπλῶς

195 587 256 626 καὶ
284 586 437 637 ἀκαίρως
472 584 532 622 καὶ
557 587 593 622 ἐν
619 589 692 627 τοῖς
725 582 890 625 ἐναντίοις
927 582 1014 633 αὐτῇ
1048 581 1217 633 χρώμεθα

196 647 425 699 πράγμασιν,
451 646 521 684 οὔδ’
555 644 612 682 ‘lvx
646 642 840 696 φθείρωμεν
871 641 1034 689 ἑαυτοὺς,
1065 643 1142 680 ἀλλ’
1161 641 1218 679 ἵνα

198 710 244 748 τὰ
272 708 420 759 μέγιστα
439 706 660 760 κερδάνωμεν
690 704 724 749 ἐξ
746 706 864 751 αὐτῆς.
882 705 967 747 Πῶς
995 703 1032 741 δὲ
1055 703 1219 755 κερδᾶναι

201 770 321 816 ἔστιν;
348 767 464 806 ’Ὀταν
489 768 537 810 εἷς
564 765 686 818 καιρὸν
718 765 825 812 αὐτὴν
859 763 1193 816 παραλαμὸάνωμεν
1211 779 1219 786 ·

201 829 321 880 καιρὸς
339 829 367 866 δ’
385 826 533 878 ἀθυμίας
559 827 624 878 οὐχ
651 825 734 865 ὅταν
762 824 958 877 πάσχωμεν
987 828 1126 873 κακῶς,
1143 825 1220 862 ἀλλ’

201 889 285 929 ὅταν
305 889 442 940 δρῶμεν
463 889 581 930 κακῶς
595 903 603 910 ·
621 890 725 936 ἡμεῖς
749 885 861 932 δὲτὴν
892 885 988 930 τάξιν
1009 885 1224 937 ἀνεστρέψα-

203 965 286 999 μεν,
308 947 460 991 καὶτοὺς
474 946 615 999 καιροὺς
630 945 923 996 ἀντηλλαξάμεθα
933 974 943 992 ,
966 946 1026 984 καὶ
1046 949 1224 987 ποιοῦντες

205 1009 268 1059 μὲν
290 1007 395 1062 μυρία
412 1008 519 1054 κακὰ,
535 1008 612 1046 οὐδὲ
634 1006 720 1058 πρὸς
747 1006 861 1058 βραχὺ
883 1006 1158 1057 συστελλόμεθα·
1181 1004 1222 1051 ἢν

202 1070 238 1108 δὲ
259 1069 383 1122 μικρόν
405 1085 440 1107 τι
458 1070 542 1122 παρ’
564 1072 703 1107 ὁτουοῦν
730 1067 914 1118 πάθωμεν,
929 1067 1196 1117 καταπίπτομεν
1213 1095 1222 1113 ,

203 1131 429 1181 ἷλιγγιῶμεν,
460 1131 709 1180 ἀπαλλαγῆναι
736 1128 797 1166 καὶ
825 1131 1023 1176 ἀποστῆναι
1056 1131 1115 1165 τοῦ
1149 1127 1224 1178 βίου

204 1191 410 1242 σπεύδομεν.

264 1559 455 1612 Τοιγάρτοι
468 1560 526 1598 διὰ
543 1565 645 1598 τοῦτο
657 1560 819 1612 φορτικὸν
838 1565 897 1599 καὶ
913 1560 1004 1612 βαρὺ
1024 1577 1062 1599 το
1081 1577 1230 1612 πραγμα

210 1625 298 1659 εἶναι
313 1625 398 1672 ἡμῖν
418 1622 528 1668 δοκεῖ,
543 1620 663 1672 ὥσπερ
677 1625 734 1658 οὖν
748 1621 838 1660 καὶὸ
851 1622 956 1671 θυμὸς
973 1637 1034 1659 και
1059 1624 1081 1667 ἡ
1112 1624 1231 1660 ἐπιθυ-

211 1682 287 1731 μία.
309 1682 379 1720 Καὶ
381 1681 474 1763 γὰρῦ
477 1681 658 1719 καὶταῦτα
675 1684 706 1720 οἱ
721 1681 770 1731 μὴ
785 1682 1004 1733 χρησάμενοι
1023 1683 1139 1725 καλῶς
1157 1698 1233 1731 μη·-

211 1742 246 1781 δὲ
274 1744 322 1785 εἷς
354 1741 428 1780 δέον
457 1740 675 1780 ι’διέὸαλοψ
704 1742 766 1780 καὶ
794 1742 982 1793 συμὸαίνει
1012 1742 1139 1790 ταύτὸ,
1162 1746 1232 1780 οιον

209 1803 268 1842 ἐπὶ
287 1805 356 1842 τῶν
373 1803 569 1856 φαρμάκων
591 1806 660 1842 τῶν
680 1803 777 1855 παρὰ
795 1819 864 1841 των
884 1805 1012 1854 ἰατρῶν
1031 1803 1232 1854 διδομένων·

210 1865 271 1903 καὶ
289 1864 356 1916 γὰρ
380 1867 494 1903 ἐκεῖνα
514 1879 595 1902 οταν
616 1863 665 1914 μὴ
678 1870 749 1907 τοῖς
773 1864 1032 1914 καταλλήλοις,
1058 1864 1159 1902 καὶ
1146 1863 1235 1916 υπὲρ

212 1919 261 1962 ὧν
280 1925 579 1973 κατεσκεύασται,
599 1925 676 1963 ἀλλ’
698 1924 827 1976 ἑτέροις
846 1927 920 1964 ἀνθ’
941 1925 1066 1977 ἑτέρων
1091 1927 1233 1972 ἐπιτεθη

1246 1967 1296 1991 225

1291 468 1477 510 petrasses,
1491 459 1585 509 quod
1602 468 1636 496 te
1646 473 1754 510 regno
1771 458 1900 497 caelesti
1914 457 2133 505 excluderet,
2150 467 2244 496 recte

1293 533 1457 558 moereres
1488 534 1529 557 ac
1558 521 1695 571 lugeres
1724 520 1915 570 nullusque
1940 529 1973 558 te
1997 519 2205 571 prohiberet
2233 535 2241 558 :

1292 579 1388 629 quod
1407 580 1438 617 si
1462 594 1524 631 per
1540 581 1606 618 Dei
1635 580 1787 631 gratiam
1815 580 1861 616 ab
1884 580 1942 618 his
1967 581 2135 618 omnibus
2160 581 2244 618 lon-

1293 639 1436 690 gissime
1461 650 1616 678 remotus
1636 655 1692 686 es,
1724 639 1812 690 quid
1835 640 1963 677 frustra
1987 642 2142 692 teipsum
2163 653 2246 678 con·
2304 648 2363 675 Cur
2380 657 2450 674 moea

1294 698 1416 737 cidis?
1444 702 1635 738 Moerorem
1654 713 1798 751 quoque
1822 700 1919 736 Deus
1936 699 2085 737 inseruit
2114 710 2246 738 naturae
2262 688 2452 758 ζίἓῗὲῡξζζ

1295 760 1518 809 mortalium,
1536 774 1605 798 non
1632 770 1671 798 ut
1688 761 1751 798 abs
1766 774 1805 798 re
1818 770 1852 797 et
1878 759 2121 811 intempestive
2136 759 2198 797 illo
2211 760 2247 798 in
2264 778 2336 799 turae
2375 774 2454 800 {osez

1297 822 1404 860 rebus
1420 821 1606 859 contrariis
1622 830 1780 871 utamur,
1798 834 1910 871 neque
1925 828 1965 857 ut
1978 820 2138 869 nosipsos
2156 821 2249 870 peri-
2266 815 2372 840 mem·

1299 895 1459 929 mamus,
1489 895 1614 919 verum
1642 891 1682 919 ut
1706 895 1752 919 ex
1771 895 1812 919 eo
1829 880 1988 918 maxima
2013 879 2252 917 emolumenta

1300 955 1569 993 consequamur.
1603 943 1770 989 Quonam
1797 955 1883 980 vero
1906 939 2013 979 modo
2043 940 2104 978 illa
2133 953 2254 978 conse-

1299 1003 1478 1054 quemur?
1495 1002 1533 1040 Si
1550 1002 1654 1039 illum
1670 1002 1880 1054 tempestive
1892 1013 2126 1040 assumamus.
2142 1001 2254 1038 Porro

1302 1064 1464 1102 moeroris
1482 1072 1623 1115 tempus
1639 1075 1708 1100 non
1729 1071 1814 1100 tunc
1830 1070 1896 1112 est,
1912 1075 1994 1100 cum
2009 1060 2147 1112 aliquid
2161 1062 2256 1112 pati-

1301 1137 1384 1162 mur
1403 1123 1560 1169 adversi,
1590 1123 1651 1161 sed
1669 1136 1752 1161 cum
1769 1122 1862 1160 male
1877 1136 2079 1175 operamur.
2107 1124 2155 1158 At
2172 1134 2256 1159 vero

1303 1199 1366 1224 nos
1383 1185 1546 1224 ordinem
1566 1184 1817 1234 pervertimus,
1838 1193 2072 1235 temporaque
2089 1182 2259 1220 immuta·

1303 1246 1435 1291 vimus,
1448 1246 1510 1296 qui
1525 1259 1606 1282 cum
1623 1245 1809 1282 innumera
1826 1245 1919 1282 mala
1937 1253 2197 1296 perpetremus,
2215 1257 2259 1281 ne

1303 1306 1459 1344 breviter
1486 1305 1633 1356 quidem
1658 1305 1781 1343 dolore
1808 1305 2055 1342 contrahimur
2074 1304 2156 1342 :sin
2176 1317 2259 1341 vero

1303 1366 1490 1418 quippiam
1516 1379 1536 1403 a
1562 1379 1741 1416 quoquam
1766 1365 1947 1417 patiamur
1965 1365 2071 1412 mali,
2098 1364 2260 1415 protinus

1305 1425 1546 1473 concidimus,
1561 1424 1738 1463 haeremus
1750 1455 1759 1473 ,
1777 1425 1994 1474 liberarique
2017 1433 2051 1462 et
2073 1423 2199 1462 cedere
2217 1437 2262 1461 ex

1307 1488 1380 1524 vita
1395 1486 1617 1524 festinamus.

1359 1556 1423 1592 14.
1455 1556 1590 1593 Gravis
1612 1555 1723 1606 igitur
1744 1564 1778 1592 et
1799 1567 1945 1592 onerosa
1966 1567 2005 1591 ea
2032 1567 2086 1591 res
2105 1553 2261 1598 videtur,

1306 1629 1376 1653 non
1386 1629 1485 1653 secus
1495 1629 1603 1666 quam
1615 1614 1803 1653 iracundia
1819 1624 1852 1652 et
1866 1613 2161 1666 concupiscentia.
2173 1615 2266 1652 Nam

1306 1685 1340 1714 et
1365 1675 1443 1714 haec
1468 1675 1772 1728 reprehenderunt
1790 1675 1839 1725 ii,
1863 1675 1923 1726 qui
1942 1676 1993 1726 ,iis
2017 1689 2084 1713 non
2110 1684 2205 1714 recte
2234 1685 2267 1714 et

1307 1736 1554 1775 convenienter
1565 1745 1647 1775 sunt
1660 1737 1725 1774 usi.
1742 1737 1995 1788 Contingitque
2009 1735 2105 1774 idem
2120 1736 2218 1787 quod
2231 1737 2267 1774 in

1312 1798 1592 1846 medicamentis,
1603 1812 1681 1848 quae
1695 1812 1715 1835 a
1734 1797 1881 1836 medicis
1903 1797 2120 1835 traduntur:
2136 1798 2269 1850 quippe

1309 1868 1343 1897 et
1358 1859 1420 1897 illa
1445 1859 1472 1896 si
1491 1872 1560 1896 non
1574 1872 1638 1896 suo
1662 1858 1787 1896 ordine
1801 1868 1834 1896 et
1857 1867 2032 1910 tempore,
2051 1872 2091 1896 ac
2110 1872 2176 1910 pro
2189 1858 2270 1909 qui-

1308 1920 1377 1958 bus
1391 1919 1526 1958 morbis
1540 1928 1663 1971 parata
1678 1928 1776 1968 sunt,
1794 1918 1853 1957 sed
1868 1932 1933 1971 pro
1946 1918 2024 1955 aliis
2041 1920 2271 1970 imponantur

213 1987 377 2035 πάθεσιν,
396 1989 434 2024 οὖ
455 1985 557 2036 μόνον
577 1988 640 2024 οὐκ
667 1986 848 2033 ἀπήλλαξε
878 1991 938 2026 τοῦ
966 1989 1155 2030 λυποῦντος
1177 1986 1235 2024 τὸν
1261 2006 1287 2034 A
1311 1981 1396 2028 alia,
1413 1994 1483 2018 non
1501 1980 1618 2017 solum
1642 1979 1804 2017 infirmos
1822 1980 1992 2031 languore
2014 1992 2082 2016 uon
2099 1978 2267 2023 liberant,

213 2048 416 2099 κάμνοντα,
431 2047 523 2086 ἀλλὰ
552 2064 611 2086 και
639 2050 801 2098 μαλλονὲι
815 2048 981 2101 ἐπέτριψε
1008 2048 1049 2086 τὸ
1076 2048 1216 2098 νόσημα

215 2109 302 2161 ὅπερ
319 2102 377 2148 οῦν
395 2108 454 2148 καὶ
472 2113 494 2156 ἡ
519 2108 652 2160 ἀθυμία
670 2114 784 2157 ποιεῖ,
800 2109 858 2146 καὶ
879 2108 1032 2153 εἰκότως.
1055 2109 1237 2161 Αὐστηρὸν

215 2169 283 2221 γὰρ
301 2163 388 2209 οῧσα
406 2170 465 2208 καὶ
485 2169 714 2222 διαὸρωτικὸν
734 2169 933 2222 φάρμακον,
947 2170 1007 2208 καὶ
1021 2172 1068 2213 ὡς
1088 2170 1128 2207 ἂν
1149 2170 1238 2208 εἴποι

215 2247 268 2275 τις
285 2231 518 2284 καθαρτήριον
538 2235 600 2278 τῆς
619 2231 788 2284 πονηρίας
809 2235 873 2278 τῆς
891 2234 926 2270 ἐν
947 2235 1033 2281 ἡμῖν
1048 2261 1057 2277 ,
1077 2230 1158 2269 ὅταν
1176 2230 1238 2281 μὲν

216 2291 370 2345 ἀργούσῃ
392 2294 487 2343 ψυχῇ
517 2292 578 2329 καὶ
607 2291 771 2343 τρυφώσῃ
796 2292 856 2330 καὶ
889 2291 998 2330 πολὺν
1030 2291 1158 2343 ἐχούσῃ
1181 2292 1238 2329 τὸν

215 2354 284 2390 τῶν
303 2351 569 2403 ἁμαρτημάτων
594 2352 739 2404 φορυτὸν
769 2351 988 2404 παρέχηται,
1009 2352 1159 2403 μέγιστα
1181 2351 1239 2389 τὸν

218 2411 403 2462 δεξάμενον
435 2412 566 2458 ὤνησεν
583 2426 591 2434 ’
615 2412 698 2450 ὅταν
738 2412 775 2451 δὲ
803 2412 954 2464 ἀθλούσῃ
983 2413 1043 2450 καὶ
1073 2414 1241 2463 ἀγωνιζο-

220 2473 307 2525 μένῃ
327 2473 387 2512 καὶ
407 2473 560 2524 πονούσῃ
579 2472 639 2511 καὶ
663 2473 953 2525 μεμεριμνημένῃ
974 2474 1035 2511 καὶ
1053 2473 1240 2526 πασχούσῃ

219 2537 354 2582 κακῶς,
372 2534 459 2586 πρὸς
477 2536 527 2586 τῷ
548 2532 654 2584 μηδὲν
673 2534 876 2586 ὠφελῆσαι,
897 2535 958 2572 καὶ
978 2534 1115 2585 μεγάλα
1136 2534 1239 2573 ἔὸλα-

219 2598 307 2648 ψεν,
322 2594 571 2646 ἀσθενεστέραν
596 2594 818 2646 ἐργασαμένη
851 2595 910 2634 καὶ
931 2595 1239 2646 εὐκαταγώνιστον.

221 2656 289 2695 Διὰ
323 2660 425 2695 τοῦτο
459 2662 530 2699 τοῖς
566 2655 629 2707 μὲν
667 2656 832 2701 ἑστηκόσι
875 2657 935 2695 καὶ
976 2657 1242 2707 ἀγωνιζομένοις

220 2717 363 2771 γράφων
384 2721 402 2756 ὃ
421 2718 561 2761 Παῦλος
589 2717 710 2769 ἔλεγε,
736 2717 886 2769 Χαίρετε
907 2720 942 2757 ἐν
966 2719 1085 2770 Κυρίῳ
1115 2720 1242 2757 πάντο-

221 2795 282 2818 τε·
313 2778 420 2818 πάλιν
451 2781 543 2832 ἐρῶ,
573 2778 715 2832 χαίρετε
736 2795 744 2803 ·
775 2785 846 2824 τοῖς
877 2779 913 2818 δὲ
946 2781 1141 2832 διαχυθεῖσι
1184 2781 1242 2819 καὶ

220 2840 354 2887 πολλὴν
375 2839 492 2892 ἔχουσι
516 2839 580 2887 τὴν
604 2839 822 2892 φλεγμονὴν,
844 2841 913 2880 Καὶ
944 2844 1044 2892 ὑμεῖς
1066 2857 1243 2892 πεφυσιω-

223 2901 320 2952 μένοι
351 2900 453 2948 ἒστὲ,
478 2900 541 2938 καὶ
572 2900 651 2952 οὐχὶ
678 2903 811 2952 μᾶλλον
843 2902 1078 2949 ἐπενθήσατε;
1101 2901 1146 2939 ‘O
1181 2903 1243 2952 μὲν

220 2961 289 3014 γὰρ
322 2961 565 3012 λιπαινόμενος
593 2964 644 3014 τῷ
665 2965 734 3001 τῶν
765 2963 1032 3015 ἁμαρτημάτων
1052 2965 1243 3015 λιπασμῷ,

222 3021 414 3074 ἶσχνούσθω
443 3022 505 3060 καὶ
532 3021 822 3068 ι’καταξάινέσθω
838 3027 888 3078 τῷ
907 3024 1085 3077 φαρμάκῳ
1109 3024 1241 3076 τούτῳ·

221 3087 240 3122 ὃ
259 3083 296 3123 δὲ
315 3086 460 3123 εὖυιτῶν
480 3083 538 3123 καὶ
565 3087 599 3124 ἰν
625 3088 670 3138 τῇ
689 3086 914 3138 προσηκούσῃ
934 3086 1148 3125 καταστάσει
1165 3087 1244 3124 δια-

223 3146 338 3197 τηρῶν
359 3144 498 3192 ἑαυτὸν,
518 3145 608 3189 τίνος
635 3146 749 3186 ἕνεκεν
770 3147 903 3200 φθείροι
928 3147 992 3193 τὴν
1028 3146 1159 3191 εὐεξίαν
1187 3147 1242 3186 διὰ

224 3207 287 3251 τῆς
306 3206 476 3257 ἀθυμίας;
502 3208 609 3246 Οὕτω
625 3208 693 3260 γάρ
722 3210 815 3247 ἐστιν
840 3207 928 3255 αὕτη
949 3208 1174 3260 δραστήριος,
1196 3212 1242 3251 ὼς

276 3328 293 3353 ¹»
317 3329 409 3362 Unus
426 3329 523 3362 colb.
552 3334 718 3366 σονέὸκλον.
738 3331 799 3363 Atii
832 3342 908 3363 vero
932 3333 1040 3364 miuus
1070 3340 1158 3365 recte
1181 3335 1236 3366 ὖιι-

235 3383 334 3414 ΰαλου.
353 3381 449 3422 [lmo
467 3384 600 3421 rcctuin,
617 3391 716 3425 utque
733 3381 765 3414 id
785 3382 1018 3425 restituimus]

283 3441 294 3455 ¹
317 3430 414 3464 Colli.
433 3438 584 3478 ἐπέτριψε,
602 3433 692 3466 Edit.
712 3440 866 3480 stirpi-pt·

1313 2042 1375 2081 sed
1400 2042 1646 2079 infirmitatem
1667 2041 1788 2093 potius
1806 2048 2030 2092 aggravant:
2048 2040 2096 2077 ita
2124 2054 2271 2091 prorsus

1314 2113 1349 2141 et
1365 2116 1494 2141 moeror
1508 2103 1608 2151 facit,
1630 2116 1671 2139 ac
1685 2102 1812 2139 merito
1826 2115 1919 2138 sane.
1940 2102 2031 2138 Nam
2052 2114 2134 2138 cum
2153 2109 2272 2138 auste-

1314 2178 1395 2203 rum
1415 2166 1461 2202 sit
1479 2163 1737 2214 corrodensque
1754 2162 2070 2209 medicamentum,
2092 2170 2211 2212 atque,
2234 2170 2273 2199 ut

1315 2225 1364 2262 ita
1382 2224 1552 2270 dixerim,
1578 2224 1746 2262 vitiorum
1763 2238 1841 2274 quae
1861 2223 1897 2260 in
1917 2222 2020 2260 nobis
2039 2232 2121 2260 sunt
2141 2235 2273 2274 purga-

1315 2285 1386 2333 tio,
1410 2285 1441 2322 si
1464 2286 1699 2322 admoveatur
1720 2284 1830 2322 otioso
1844 2297 1884 2321 ac
1899 2283 2052 2320 delicato
2066 2283 2199 2326 animo,
2220 2284 2274 2321 in-

1316 2345 1481 2396 gentique
1491 2354 1715 2397 peccatorum
1726 2344 2069 2396 pondereoppresso,
2078 2343 2270 2381 maximam

1316 2405 1370 2443 illi
1389 2406 1511 2443 afferet
1540 2405 1731 2443 utilitatem
1760 2420 1768 2440 ε
1796 2405 1850 2441 sin
1867 2412 1986 2441 autem
2005 2404 2125 2441 auimo
2144 2402 2271 2441 decer·

1316 2464 1420 2509 tanti,
1453 2464 1660 2510 dimicanti,
1691 2463 1878 2502 laboribus
1895 2464 2063 2511 exercito,
2085 2464 2180 2502 euris
2202 2479 2271 2515 op-

1318 2539 1450 2578 presso,
1468 2534 1501 2563 et
1521 2525 1674 2576 plurima
1691 2537 1856 2576 perpesso
1875 2523 2104 2570 adhibeatur,
2128 2534 2274 2575 pra-ter-

1317 2601 1423 2637 quam
1442 2586 1539 2637 quod
1555 2585 1647 2623 nihil
1667 2584 1823 2637 prodest,
1844 2585 2000 2622 maxime
2019 2594 2136 2631 nocet,
2158 2584 2273 2623 inibe·

1317 2648 1490 2686 cilliorem
1506 2647 1609 2684 illum
1622 2645 1752 2683 faciens
1777 2654 1882 2695 atquc
1894 2653 2102 2696 expugnatu
2118 2644 2271 2683 facilem.

1318 2710 1492 2756 Quocirca
1507 2708 1682 2745 stantibus
1696 2716 1729 2744 et
1744 2707 1870 2744 acriter
1881 2705 2127 2758 pugnantibus
2139 2706 2272 2745 Paulus

1319 2784 1398 2808 cum
1420 2769 1613 2814 scriberet,
1641 2766 1779 2805 dicebat
1800 2783 1809 2805 ε
1832 2768 2009 2805 Gaudete
2031 2770 2073 2804 ιή
2103 2768 2272 2806 Domino
2290 2764 2371 2822 ΓΜ·
2413 2778 2417 2804 ³

1319 2845 1465 2881 semper
1476 2846 1488 2872 ,·
1501 2832 1595 2867 itera
1602 2843 1637 2866 m
1651 2829 1752 2870 dico.
1770 2828 1945 2878 gaudete.
1960 2829 2071 2867 Porro
2085 2827 2273 2880 dissolutis
2287 2823 2317 2848 Ψ

1319 2893 1564 2942 ingentemque
1597 2889 1813 2927 habentibus
1843 2897 2017 2926 tumorem
2038 2918 2049 2935 ‚
2082 2891 2134 2927 Et
2161 2903 2232 2928 vos
2260 2919 2269 2933 .
2295 2905 2301 2923 ι
2341 2895 2394 2921 ¹1¹·

1316 2952 1460 3002 iuquit,
1493 2950 1619 3003 injlau'
1638 2952 1727 2987 estis
1746 2966 1756 2989 ,·
1779 2958 1815 2986 et
1837 2963 1913 2986 non
1930 2952 2059 3000 potius
2078 2948 2238 2997 flevistis
2256 2954 2273 2986 P
2293 2946 2305 2964 ³

1319 3018 1440 3063 ltaque
1459 3012 1488 3049 is
1506 3010 1650 3062 quidem
1670 3010 1731 3060 qui
1753 3018 1978 3061 peccatorum
1998 3010 2120 3060 sagina
2141 3009 2274 3061 impiu-

1319 3083 1461 3125 guatui·,
1473 3080 1684 3110 extenuetur
1698 3084 1738 3108 ac
1748 3070 1900 3108 siccetur
1911 3070 1978 3109 hoc
1993 3069 2255 3109 medicamento
2270 3087 2275 3106 z

1318 3140 1379 3191 qui
1402 3152 1485 3176 vero
1506 3138 1607 3175 bona:
1627 3134 1851 3174 habitudinis
1870 3144 1937 3179 est,
1958 3144 2063 3185 atque
2082 3135 2118 3172 iu
2137 3134 2274 3173 decenti

1320 3215 1412 3244 statu
1439 3204 1596 3256 seipsum
1616 3211 1757 3250 servat,
1790 3200 1879 3252 quid
1897 3209 1948 3240 est
1969 3212 2084 3239 eattsae
2099 3230 2107 3246 ,
2130 3214 2194 3242 cur
2215 3215 2277 3253 pet

1318 3331 1332 3352 ²·
1358 3327 1454 3361 1:011».
1488 3336 1520 3360 et
1551 3326 1653 3360 savit.
1689 3330 1921 3365 κττιξιινέοθω,
1946 3323 2060 3357 Motel-
2096 3331 2280 3362 ,ηιξ-πμ·

1276 3387 1374 3413 staua.

2094 3473 2148 3506 lb'.
