2513 3871
131 706 203 734 zue.
219 705 249 735 6.
266 702 316 744 al..

131 753 159 775 el
174 757 255 785 leqq·

342 236 426 283 106

332 333 435 372 bonis
450 333 581 370 frustra
596 343 728 368 carere.
751 331 888 369 Verum
903 328 940 367 id
955 328 1114 367 ediscere
1128 326 1280 366 nullate·
1304 330 1329 360 D

331 408 398 432 nus
411 405 575 446 possum;
593 390 631 429 id
642 391 738 429 enim
750 404 819 429 non
833 389 1041 443 permittitis
1063 402 1127 428 vos
1141 404 1150 425 :
1172 397 1281 440 atque

331 455 415 492 huie
431 451 612 491 sententiae
632 461 667 490 et
685 451 805 490 verbis
822 461 857 490 et
879 451 988 503 gestis
1006 450 1228 504 repugnatis,
1244 459 1280 488 et

330 514 505 553 contraria
523 513 659 552 docetis
681 530 690 551 ε
715 511 893 564 siquidem
918 527 960 550 ac
983 512 1013 550 si
1032 510 1153 551 dedita
1171 525 1280 564 opera

329 576 424 615 filios
443 573 591 629 perdere
605 575 790 620 studeatis,
809 574 859 613 sic
877 574 936 612 illa
951 575 1070 612 omnia
1087 572 1280 626 praecipitis

329 637 392 687 eis,
410 651 491 689 quae
505 636 566 689 qui
586 645 834 687 exsequuntur
852 635 1002 674 salutem
1021 633 1189 686 consequi
1209 648 1279 672 non

331 707 495 753 possunt.
518 700 607 737 Rem
626 698 735 736 altius
752 696 946 735 considera.
974 698 1052 744 l‘oe,
1072 695 1203 747 inquit,
1223 698 1282 733 ri-

331 758 525 799 dentibus.-
535 770 599 794 vos
609 764 728 794 autem
742 756 829 808 ipsis
843 755 974 793 multas
987 755 1151 808 praebetis
1167 753 1282 792 riden-

775 249 815 279 S.
850 248 960 279 JOAN
969 247 1038 278 ms
1071 245 1312 277 cnRYSOST.

182 821 322 849 hrt-'⁰¹0⁸
331 817 371 857 di
385 817 609 857 occasiones:
630 818 697 855 Vae
710 818 917 860 divitibus,·
937 831 1002 856 vos
1014 831 1100 856 vero
1124 824 1162 854 ut
1177 828 1281 867 pecu-

130 872 204 899 εει-»ε
218 873 288 890 eon-

130 905 250 932 iuriam

131 945 302 982 evangelioe

129 987 314 1025 disciplinam

130 1029 197 1056 filiii
217 1036 274 1058 tr:-

131 1071 219 1099 dunt.

129 1878 223 1905 lomi.
249 1883 296 1904 12.

240 1992 294 2023 .6.

332 879 424 918 niosi
440 879 511 918 sint
524 887 649 916 cuneta
664 878 862 916 molimini:
879 879 946 917 1²ae
964 892 1053 916 cum
1069 877 1282 916 benedixe-

332 942 410 979 rint
418 942 531 979 vobis
541 953 669 978 omnes
685 941 787 977 homi
791 953 857 978 nes
865 954 882 987 ;
896 953 959 978 vos
969 948 1086 977 autem
1099 953 1164 991 pro
1174 951 1285 990 popu-

333 1001 401 1041 lari
414 1016 500 1040 aura
521 1001 705 1040 facultates
719 1015 812 1054 saepe
831 1015 953 1040 omnes
971 1000 1171 1039 effunditis.
1191 1001 1283 1038 liur—

331 1077 413 1103 sum
433 1063 475 1112 is,
499 1063 562 1114 qui
585 1063 684 1101 fratri
706 1063 959 1101 contumeliam
984 1062 1103 1110 infert,
1128 1076 1212 1100 reus
1231 1070 1283 1099 est

331 1124 522 1177 gehennae3
537 1138 674 1176 vosque
691 1133 806 1162 tamen
824 1133 858 1163 et
875 1123 1074 1162 imbecillos
1088 1132 1122 1161 et
1139 1123 1283 1161 timidos

330 1199 407 1224 esse
429 1185 564 1238 putatis
589 1199 662 1231 eos,
688 1185 751 1235 qui
769 1184 875 1223 tacite
903 1184 1021 1222 illatas
1039 1184 1111 1221 sibi
1135 1183 1181 1221 ab
1200 1183 1283 1221 aliis

331 1245 562 1284 contumelias
589 1245 721 1283 ferunt.
752 1244 862 1284 Jubet
889 1244 1055 1283 Christus
1084 1257 1222 1295 pugnas
1249 1253 1282 1282 et

330 1307 412 1346 lites
431 1315 676 1349 contemnere-3
694 1319 758 1343 vos
775 1314 893 1342 autem
912 1304 993 1343 illos
1012 1304 1049 1341 in
1068 1304 1124 1341 his
1143 1318 1284 1356 semper

329 1367 435 1405 malis
455 1367 590 1405 versari
618 1365 760 1404 curatis.
786 1365 945 1403 Oculum
973 1364 1048 1413 ille,
1078 1364 1109 1402 si
1141 1374 1281 1414 noceat,

329 1442 451 1466 eruere
464 1441 557 1480 saepe
568 1427 692 1479 jubet;
707 1435 743 1465 at
758 1440 824 1465 vos
838 1440 898 1465 eos
911 1425 1070 1464 maxime
1084 1425 1185 1464 vobis
1199 1439 1282 1464 con-

329 1489 460 1528 ciliatis
483 1489 629 1536 amicos,
659 1487 721 1539 qui
751 1489 889 1539 possint
910 1486 1080 1539 pecunias
1105 1486 1279 1539 praebere,

329 1550 469 1589 etiamsi
492 1559 688 1588 extremam
711 1548 908 1600 nequitiam
925 1547 1088 1587 doceant.
1121 1550 1281 1587 Uxorem

331 1611 520 1665 repudiare
551 1625 620 1650 uon
649 1610 842 1663 permittit,
867 1619 1107 1663 praeterquam
1137 1609 1173 1647 in
1207 1609 1281 1648 sola

329 1673 497 1711 adulterii
511 1687 635 1719 causa;
646 1681 682 1709 at
695 1685 759 1710 vos
772 1670 859 1710 dum
870 1671 1039 1724 pecunias
1049 1670 1233 1722 acquirere
1243 1671 1287 1709 li·
1304 1703 1338 1727 ⁸7

330 1744 419 1782 ceat,
432 1734 497 1772 hoc
516 1742 733 1787 praeceptum
744 1732 926 1785 despicere
935 1732 1081 1770 docetis.
1095 1732 1284 1784 Jusjuran-
1308 1739 1336 1770 Δ

330 1796 419 1833 dum
441 1803 536 1833 vetat
554 1809 678 1843 omne;
695 1808 759 1833 vos
783 1795 813 1832 si
838 1807 946 1845 quem
966 1793 1002 1831 id
1022 1806 1163 1831 servare
1184 1792 1284 1831 vide·

333 1857 426 1905 ritis,
445 1857 551 1895 etiam
571 1855 707 1894 ridetis.
726 1857 802 1907 Qui
814 1863 943 1902 amat,
959 1854 1094 1906 inquit,
1108 1857 1285 1892 animam

333 1932 463 1967 suam,
478 1919 610 1968 perdet
627 1931 710 1955 eam
722 1933 737 1961 ;
755 1930 818 1955 vos
841 1915 886 1954 ad
904 1916 1000 1954 hunc
1021 1930 1176 1954 amorem
1203 1915 1284 1954 illos

331 1993 470 2032 semper
483 1978 666 2018 inducitis,
676 1979 808 2017 Sinon
818 1980 1058 2025 remIseritis,
1074 1977 1202 2028 inquit,
1216 1979 1283 2015 Ιιο-

331 2043 499 2080 minibus
517 2049 694 2088 peccata,
718 2054 839 2094 neque
854 2042 967 2077 vobis
980 2041 1147 2077 remittet
1162 2040 1284 2077 Pater

331 2111 462 2141 vester
479 2102 640 2140 ccelesiis
653 2117 667 2145 ;
688 2115 751 2140 vos
768 2101 841 2139 illis
857 2100 1095 2153 exprobratis,
1112 2114 1192 2138 eum
1210 2114 1282 2147 eos,

329 2163 392 2215 qui
418 2177 455 2201 se
476 2162 643 2212 laeserint,
664 2162 785 2201 ulcisci
807 2162 948 2214 nolunt3
967 2171 1075 2212 utque
1089 2161 1125 2199 id
1145 2171 1284 2201 mature

330 2233 497 2277 pra-stare
515 2225 651 2276 possint
667 2225 747 2262 illos
765 2223 962 2262 instituitis.
978 2223 1115 2262 Gloria:
1131 2223 1282 2276 cupidos

330 2286 449 2324 omnia
467 2287 598 2323 frustra
615 2299 720 2337 agere
734 2284 856 2323 docuit
873 2284 1052 2332 Christus,
1072 2284 1147 2323 sive
1164 2285 1216 2323 illi
1229 2286 1283 2337 je-

327 2346 548 2398 junaverint,
567 2346 642 2384 sive
660 2346 851 2394 oraverint,
865 2346 944 2384 sive
964 2345 1100 2384 miserti
1124 2346 1280 2396 fuerint;

331 2417 368 2446 at
385 2421 449 2446 vos
466 2417 503 2445 ut
521 2406 620 2445 illam
635 2417 870 2458 assequantur
885 2406 976 2445 nibil
993 2421 1063 2445 non
1083 2407 1201 2459 agitis.
1218 2407 1283 2447 Ec-

330 2467 417 2519 quid
435 2483 526 2521 opus
539 2469 657 2507 omnia
673 2471 852 2521 persequi,
868 2482 949 2506 cum
966 2483 1073 2521 supra
1090 2478 1282 2508 memorata

333 2529 537 2567 innumeras
562 2529 739 2580 gehennas
764 2529 895 2567 inferre
914 2529 1070 2582 possint;
1093 2544 1155 2568 nec
1176 2531 1282 2569 modo

333 2591 452 2629 omnia
482 2590 589 2629 simul
607 2619 618 2638 ,
658 2590 719 2630 sed
752 2605 911 2629 seorsum
940 2590 1107 2641 singula?
1144 2593 1187 2629 At
1219 2605 1285 2630 vos

333 2652 451 2690 omnia
464 2651 570 2690 simul
585 2661 763 2703 congesta,
775 2661 808 2690 et
824 2651 1047 2690 intolerabile
1060 2661 1284 2704 peccatorum

333 2727 422 2751 onus
438 2713 671 2766 imponentes,
683 2713 780 2752 sicin
795 2713 949 2752 fluvium
967 2713 1111 2764 igneum
1127 2714 1287 2753 immitti·

336 2774 395 2813 tis.
423 2774 576 2822 Quando
594 2775 743 2813 salutem
771 2774 926 2813 nancisci
956 2783 1122 2827 poterunt
1150 2784 1284 2813 tantam

338 2837 485 2874 ferentes
500 2836 591 2884 ignis
604 2836 746 2874 escam?
759 2837 879 2887 Neque
891 2835 925 2874 id
938 2835 1164 2875 solummodo
1177 2850 1287 2888 grave

335 2906 399 2939 cst.
429 2897 525 2948 quod
546 2897 678 2935 Christi
700 2897 886 2949 pra‘reptis
909 2898 1086 2936 contraria
1114 2897 1285 2945 doceatis,

337 2957 395 2995 sed
412 2957 508 3008 quod
527 2958 706 3010 praeclaris
721 2958 1025 3011 appellationibus
1043 2959 1129 2997 vitia
1144 2959 1288 3010 obtega-

337 3021 402 3064 tis,
435 3017 682 3070 hippodromis
715 3034 757 3057 ac
789 3019 935 3057 theatris
960 3019 1095 3070 jugiter
1121 3021 1288 3059 interesse

338 3079 575 3117 urbanitatem
598 3089 778 3127 vocantes,
800 3081 948 3119 divitias
970 3080 1187 3127 libertatem,
1210 3081 1287 3132 glo·

337 3139 397 3178 ria:
425 3155 579 3178 ainorcm
603 3142 944 3192 magnanimitatem,
975 3142 1216 3194 arrogantiam
1239 3143 1287 3180 fi-

378 3308 392 3323 ·
419 3298 492 3330 Duo
510 3298 585 3330 Mu.
606 3301 755 3336 ἱὺνιυτῃ,
775 3299 877 3331 Snvil.
898 3309 930 3331 et
947 3299 1064 3332 Morel.
1081 3303 1233 3336 ῑὺ-ιωνται.
1252 3299 1344 3332 Infra

338 3349 437 3383 tidem
457 3351 536 3383 blas.
553 3355 598 3385 dn*
618 3357 712 3388 αἰτία,-
735 3360 837 3393 piam.
862 3351 962 3384 Snvil.
988 3360 1021 3383 ι·ι
1043 3352 1158 3385 Mon-cl.
1188 3356 1234 3388 ἀπ’
1265 3359 1345 3395 altu?

335 3412 425 3446 [εὖ-ιη.

381 3467 394 3481 ·
420 3457 492 3489 Duo
511 3454 725 3497 manuscripti
753 3459 931 3497 άμᾷκισθιι.
967 3457 1056 3488 lufrn
1081 3455 1197 3488 staret.
1224 3458 1345 3493 νηπτιύ·

1351 245 1560 277 attentat».
1598 245 1681 275 CON
1689 243 1958 276 STANTmOP.

1353 330 1479 380 χεσθαι
1497 326 1626 379 μάτην.
1665 326 1770 365 Ἀλλὰ
1791 325 1859 378 γὰρ
1877 327 1916 364 οὐ
1935 325 2088 375 δύναμαι
2106 329 2207 365 τοῦτο
2224 331 2348 377 μαθεῖν
2365 341 2376 350 ·

1354 388 1394 426 οὗ
1418 387 1488 440 γὰρ
1510 388 1591 426 ἐᾶτε
1624 389 1743 438 ὑμεῖς,
1775 386 1836 425 καὶ
1864 386 1908 424 δι’
1940 379 1989 424 ὧν
2019 385 2140 438 λέγετε
2174 387 2236 426 καὶ
2264 389 2308 427 δι’
2329 382 2380 427 ὧν

1353 453 1485 485 ποιεῖτε
1498 446 1803 499 ἀντιφθεγγόμενοι
1814 443 1925 496 ταύτῃ
1945 447 1989 496 τῇ
2005 444 2126 498 ψήφῳ,
2140 446 2201 484 καὶ
2212 446 2382 485 τάναντία

1353 506 1576 551 παιδεύοντες
1593 523 1600 531 ·
1622 506 1744 560 ὥσπερ
1757 506 1826 559 γὰρ
1842 506 2041 552 ἐξεπίτηδες
2061 506 2253 546 ἀπολέσθαι
2267 522 2378 547 σπου-

1355 569 1513 614 δάζοντες
1528 568 1606 613 τοὺς
1626 569 1731 618 υἱοὺς,
1752 569 1861 612 οὕτως
1880 568 2020 607 ἅπαντα
2037 567 2197 607 κελεύετε
2211 575 2342 624 ποιεῖν,
2357 570 2380 608 ἃ

1355 629 1434 673 τοὺς
1464 634 1648 674 ποιοῦντας
1677 634 1832 677 σωθῆναι
1865 632 1926 669 οὐκ
1964 629 2028 668 ἔνι.
2046 627 2144 681 Ὅρα
2171 629 2207 667 δὲ
2235 630 2379 669 ἄνωθεν.

1355 692 1447 730 Οὐαὶ
1461 721 1470 737 ,
1492 692 1575 743 φησὶ
1594 721 1603 737 ,
1632 698 1702 736 τοῖς
1726 693 1874 741 γελῶσιν
1895 706 1903 714 ·
1922 693 2021 741 ὑμεῖς
2052 690 2087 730 δὲ
2107 689 2238 734 πολλὸς
2264 691 2380 734 αὐτοῖς

1355 751 1530 803 παρέχετε
1548 752 1698 804 γέλωτος
1722 752 1881 805 ἀφορμάς
1901 768 1909 776 ·
1929 752 2022 791 Οὐαὶ
2040 757 2111 796 τοῖς
2143 752 2351 791 πλουτοῦσιν
2373 767 2383 775 ·

1355 815 1453 862 ὑμεῖς
1468 813 1503 850 δὲ
1522 814 1614 857 ὅπως
1629 813 1916 867 χρεματίσαιντο,
1936 813 2052 852 πάντα
2068 812 2254 866 πράττετε·
2273 812 2381 859 Οὐαὶ,

1357 873 1438 910 ὅταν
1453 875 1568 917 καλῶς
1587 874 1732 913 εἴπωσιν
1757 877 1849 925 ὑμᾶς
1866 874 1993 918 πάντες
2011 876 2042 912 οἱ
2064 876 2241 927 ἅνθρωποι
2256 888 2265 897 ·
2281 875 2381 923 ὑμεῖς

1357 933 1394 971 δὲ
1419 934 1479 972 καὶ
1503 934 1620 979 οὐσίας
1646 935 1856 988 ὁλοκλήρως
1883 934 1971 988 ὑπὲρ
1991 938 2054 982 τῆς
2072 939 2141 974 τῶν
2162 935 2283 986 δήμων
2320 934 2381 972 εὗ-

1358 995 1491 1047 φτ,μιάς
1517 995 1709 1035 ἐκενώσατε
1729 996 1911 1040 πολλάκις.
1934 998 2047 1036 Πάλιν
2070 996 2106 1036 δὲ
2124 1000 2143 1036 ὁ
2157 998 2214 1036 τὸν
2232 995 2379 1047 ἀδελφὸν

1357 1056 1505 1109 ὑδρίζων
1520 1058 1707 1100 ὑπεύθυνός
1724 1060 1798 1097 ἐστι
1813 1060 1856 1110 τῇ
1871 1057 1992 1110 γεέννῃ
2007 1073 2015 1082 ·
2030 1062 2128 1108 ὑμεῖς
2144 1059 2179 1097 δὲ
2197 1058 2256 1096 καὶ
2273 1057 2380 1108 depa-

1357 1123 1425 1161 νεῖς
1451 1112 1539 1156 εἶναι
1559 1119 1715 1168 νομίζετε
1744 1121 1804 1157 καὶ
1826 1119 1958 1163 δειλοὺς
1976 1119 2055 1163 τοὺς
2078 1122 2160 1171 σιγῇ
2190 1119 2252 1163 τὰς
2283 1117 2381 1169 παρὰ

1357 1181 1425 1216 τῶν
1449 1179 1575 1230 ἑτέρων
1600 1180 1766 1232 φέροντας
1792 1181 1919 1233 ὕίρεις.
1943 1181 2073 1232 Μάχης
2091 1180 2224 1219 κελεύει
2245 1179 2306 1218 καὶ
2325 1179 2379 1216 δί-

1357 1254 1422 1286 κης
1440 1247 1669 1291 καταφρονεῖν
1683 1244 1701 1278 ὁ
1722 1242 1871 1293 Χριστός
1893 1255 1900 1263 ·
1924 1245 2022 1291 ὑμεῖς
2042 1242 2078 1281 δὲ
2104 1241 2227 1285 αὐτοὺς
2245 1242 2282 1280 ἐν
2297 1240 2380 1279 τού-

1356 1315 1428 1343 τοις
1457 1300 1623 1352 στρέφετε
1649 1307 1722 1344 τοῖς
1749 1304 1869 1345 κακοῖς
1895 1303 2096 1346 διαπαντός.
2113 1303 2185 1341 Τὸν
2202 1301 2381 1355 ὀφθαλμὸν

1356 1361 1527 1404 πολλάκις
1556 1360 1748 1412 ἐξορύττειν
1765 1363 1965 1410 ἐκέλευσεν,
1985 1364 2067 1402 ὅταν
2096 1363 2238 1414 βλάπτῃ
2257 1378 2265 1386 ·
2285 1363 2384 1413 ὑμεῖς

1357 1421 1393 1460 δὲ
1415 1421 1555 1466 τούτους
1575 1423 1730 1472 μάλιστα
1743 1426 1873 1462 ποιεῖτε
1893 1424 2013 1475 φίλους
2027 1453 2038 1472 ,
2061 1424 2205 1476 ὅσοιπερ
2223 1423 2264 1461 ἂν
2282 1427 2297 1444 ‘²
2323 1422 2382 1462 δύ·

1358 1498 1485 1521 νωνται
1500 1483 1671 1535 χρήματα
1686 1485 1825 1530 δοῦναι,
1840 1485 1904 1523 κᾶν
1918 1485 1981 1532 τὴν
1996 1485 2150 1538 ἐσχάτην
2168 1482 2385 1524 παιδεύσωσι

1359 1544 1499 1583 κακίαν.
1514 1545 1704 1584 Ἐκὸαλεῖν
1721 1549 1868 1598 γυναῖκα
1883 1549 1944 1586 οὐκ
1961 1549 2095 1599 ἀφῆκε,
2106 1546 2199 1593 πλὴν
2217 1545 2274 1585 ἐπ’
2288 1545 2385 1596 αἰτίᾳ

1360 1606 1448 1659 μόνῃ
1468 1607 1631 1658 πορνείας
1648 1622 1655 1630 ·
1672 1609 1772 1657 ὑμεῖς
1791 1608 1826 1646 δὲ
1846 1637 1857 1656 ,
1877 1609 1959 1646 ὅταν
1979 1608 2038 1660 ἐξῇ
2057 1608 2228 1661 χρήματα
2243 1607 2385 1655 λαόεἵν,

1360 1668 1420 1706 καὶ
1455 1669 1583 1716 ταύτης
1611 1672 1840 1721 καταφρονεῖν
1859 1670 2018 1709 κελεύετε
2043 1674 2107 1717 τῆς
2134 1670 2288 1717 ἐντολῆς.
2311 1670 2384 1708 Τὸν

1359 1729 1462 1782 ὅρκον
1480 1730 1619 1782 ἀπεῖρξε
1639 1732 1831 1774 παντελῶς·
1852 1734 1952 1782 ὑμεῖς
1967 1731 2021 1778 δὲ,
2041 1731 2082 1769 ἂν
2101 1731 2197 1777 ἴδητε
2215 1730 2386 1782 φυλαττό-

1361 1806 1464 1841 μενον
1476 1821 1487 1838 ,
1500 1793 1559 1830 καὶ
1575 1794 1715 1843 γελᾶτε.
1733 1791 1778 1831 ‘O
1793 1794 1902 1844 φιλῶν
1917 1792 1980 1840 τὴν
1996 1793 2112 1845 ψυχὴν
2134 1793 2253 1840 αὑτοῦ,
2265 1791 2385 1844 φησὶν,

1359 1853 1525 1891 ἀπολέσει
1539 1853 1648 1899 αὐτήν
1665 1869 1672 1876 ·
1688 1856 1786 1904 ὑμεῖς
1805 1853 1840 1892 δὲ
1859 1853 1981 1898 αὐτοὺς
2001 1855 2170 1892 πάντοθεν
2187 1855 2235 1897 εἰς
2251 1851 2384 1900 ταύτην

1359 1913 1553 1963 ἐμὸάλλετε
1568 1914 1632 1962 τὴν
1653 1914 1783 1967 φιλίαν.
1801 1914 1888 1954 Ἐὰν
1906 1914 1955 1966 μὴ
1968 1917 2081 1967 α’φῆτε
2094 1945 2104 1962 ,
2120 1914 2221 1966 φησὶ,
2241 1918 2313 1958 τοῖς
2325 1915 2387 1952 ἄν·

1359 1975 1510 2028 θρώποις
1529 1975 1573 2014 τὰ
1590 1975 1865 2028 παραπτώματα
1879 1978 2010 2024 αὐτῶν,
2027 1977 2103 2016 οὐδὲ
2122 1979 2203 2026 ὑμῖν
2217 1978 2236 2014 ὁ
2253 1973 2384 2026 Πατὴρ

1359 2038 1457 2087 ὑμῶν
1475 2036 1603 2090 ἀφήσει
1621 2040 1639 2076 ὁ
1658 2037 1814 2091 οὐράνιος
1825 2050 1833 2058 ·
1848 2040 1947 2088 ὑμεῖς
1959 2036 1996 2076 δὲ
2011 2038 2070 2075 καὶ
2083 2037 2265 2081 ὀνειδίζετε
2275 2066 2286 2083 ‚
2299 2035 2383 2074 ὅταν

1358 2097 1436 2142 τοὺς
1447 2099 1658 2144 ἠδικηκότας
1671 2099 1719 2149 μὴ
1732 2099 1878 2138 θέλωσιν
1892 2098 2182 2149 Ιἐἰμύνεσθαι,καὶ
2197 2099 2246 2141 εἰς
2256 2097 2320 2144 τὴν
2331 2096 2385 2135 δύ·

1356 2176 1463 2211 ναμιν
1478 2160 1603 2204 αὐτοὺς
1621 2161 1751 2207 ταύτην
1769 2161 1905 2213 ταχέως
1924 2160 2103 2212 ἐπείγεσθε
2126 2158 2385 2211 ἀγαγεῖν.Τοὺς

1357 2223 1457 2269 δόξης
1471 2227 1623 2276 ἐρῶντας
1637 2225 1749 2263 πάντα
1760 2225 1836 2275 εἰκῇ
1849 2230 1961 2263 ποιεῖν
1977 2223 2208 2276 ἀπεφήνατοὸ
2218 2222 2385 2276 Χριστὸς,

1357 2285 1421 2324 κᾶν
1437 2285 1648 2333 νηστεύωσι,
1665 2286 1730 2324 κᾶν
1747 2286 1934 2339 εὔχωνται,
1954 2285 2019 2324 κᾶν
2038 2287 2201 2324 ἐλεῶσιν·
2219 2286 2318 2335 ὑμεῖς
2330 2282 2383 2329 δὲ,

1356 2347 1451 2390 ὅπως
1464 2346 1592 2394 ταύτης
1607 2347 1802 2399 ἐπιτύχοιεν
1815 2377 1826 2396 ,
1841 2347 1981 2385 ἅπαντα
1995 2344 2298 2398 πραγματεύεσθε.
2312 2344 2384 2383 Καὶ

1356 2408 1390 2446 τί
1416 2409 1468 2446 δεῖ
1487 2409 1603 2447 πάντα
1623 2407 1756 2447 ἐπιέναι
1771 2425 1781 2454 ;
1799 2410 1880 2447 ὅταν
1898 2407 1966 2460 γὰρ
1985 2408 2045 2446 καὶ
2063 2406 2108 2446 τὰ
2124 2406 2295 2459 εἰρημένα
2314 2421 2385 2457 μυ-

1359 2469 1433 2521 ρίας
1448 2470 1553 2508 ἱκανὰ
1571 2470 1838 2523 παρασκευάσαι
1852 2469 1992 2520 γεέννας
2009 2463 2053 2520 ᾖ,
2066 2469 2145 2521 οὐχὶ
2163 2467 2280 2507 πάντα
2294 2471 2383 2518 ὁμοῦ

1359 2531 1567 2570 συνελθόντα
1581 2531 1699 2581 μόνον,
1715 2530 1805 2569 ἀλλὰ
1824 2530 1885 2569 καὶ
1898 2529 1915 2551 ¹³
1930 2531 2008 2569 καθ’
2029 2529 2130 2568 ἑαυτὸ
2145 2529 2276 2567 τούτων
2295 2527 2384 2566 (κα-

1360 2607 1440 2630 στον
1457 2607 1465 2614 ·
1486 2595 1584 2642 ὑμεῖς
1603 2591 1638 2630 δὲ
1659 2591 1774 2630 πάντα
1794 2594 1881 2642 ὁμοῦ
1908 2590 2220 2643 συμφορήσαντες,
2254 2587 2316 2627 καὶ
2342 2587 2385 2626 τὸ

1360 2652 1536 2705 ἀφόρητον
1550 2655 1620 2691 τῶν
1633 2652 1900 2705 ἁμαρτημάτων
1916 2651 2090 2693 ἐπιθέντες
2103 2649 2260 2702 φορτίον,
2274 2648 2385 2693 οὕτως

1361 2716 1407 2758 εἰς
1436 2714 1494 2752 τὸν
1513 2717 1574 2752 τοῦ
1605 2714 1714 2765 πυρὸς
1736 2713 1895 2762 πέμπετε
1916 2714 2088 2762 ποταμόν.
2116 2711 2211 2750 Πότε
2230 2714 2385 2757 σωθῆναι

1362 2776 1587 2823 δυνήσονται,
1614 2775 1787 2821 τοσαύτην
1808 2773 2007 2824 κομίζοντες
2026 2775 2076 2825 τῷ
2100 2772 2183 2825 πυρὶ
2216 2772 2282 2819 τὴν
2299 2787 2387 2823 τρο-

1361 2838 1429 2890 φήν
1446 2852 1455 2884 ;
1475 2837 1544 2875 Καὶ
1560 2839 1598 2874 οὒ
1611 2840 1712 2874 τοῦτο
1727 2835 1830 2886 μόνον
1851 2834 1925 2873 ἐστὶ
1938 2835 1978 2873 τὸ
1997 2835 2105 2873 δεινὸν
2121 2865 2131 2881 ,
2149 2834 2203 2872 ὅτι
2217 2833 2386 2872 τάναντία

1361 2901 1431 2942 τοῖς
1451 2902 1510 2936 τοῦ
1528 2899 1680 2949 Χριστοῦ
1701 2899 1901 2949 παραινεῖτε
1921 2897 2189 2948 προστάγμασιν
2202 2926 2212 2943 ,
2233 2896 2310 2934 ἀλλ’
2333 2895 2389 2933 ὅτι

1362 2959 1422 2998 καὶ
1437 2958 1686 3011 προσηγορίαις
1706 2958 1874 3008 εὐφήμοις
1893 2957 2137 3008 περιστέλλει-ε
2156 2956 2220 3004 τὴν
2239 2955 2383 3003 κακίαν,

1363 3020 1484 3070 τὸμὲν
1513 3019 1743 3070 ἱπποδρόμοις
1767 3019 1825 3056 καὶ
1843 3024 1856 3039 ‘
1877 3018 2031 3070 θεάτροις
2056 3020 2283 3069 προσκεῖσθαι
2314 3017 2390 3055 δια·

1363 3082 1492 3125 παντὸς
1513 3080 1722 3127 ἂστειόττ,τα
1750 3081 1935 3122 καλοῦντες
1948 3109 1958 3125 ,
1979 3080 2019 3117 τὸ
2045 3080 2081 3117 δὲ
2110 3081 2272 3118 πλουτεῖν
2293 3078 2390 3116 ἐλευ-

1363 3142 1480 3195 θερίαν
1493 3171 1503 3190 ,
1519 3142 1559 3179 τὸ
1578 3141 1613 3180 &l
1634 3140 1733 3187 δόξης
1753 3141 1833 3193 ἐρᾷν
1853 3140 2118 3193 μεγαλοψυχίαν
2133 3170 2144 3188 ,
2160 3139 2224 3187 τὴν
2243 3138 2280 3178 δὲ
2295 3136 2388 3178 ἀπό-

1380 3315 1460 3339 σωσι,
1478 3298 1531 3331 nlii
1550 3310 1666 3331 omnes
1684 3301 1856 3335 νηστεύουσι-

1425 3353 1440 3375 ¹·
1465 3352 1536 3383 Duo
1554 3351 1628 3382 Mu«.
1647 3353 1713 3383 100*
1730 3353 1834 3383 ἑαυτά.
1850 3349 1924 3380 Mox
1945 3360 2027 3382 unua
2058 3348 2117 3382 Ms-
2135 3349 2385 3392 συμρορίααντες,

1380 3413 1412 3437 et
1429 3416 1504 3436 mox
1523 3403 1610 3435 idom
1630 3408 1816 3440 ἐπιτιθέντες·

1425 3468 1437 3481 ·
1466 3457 1536 3489 Duo
1552 3456 1627 3488 usn
1646 3461 1779 3501 Οιατροες
1793 3459 1946 3497 ὀμεῖσθαι.
