2549 3825
903 268 977 316 'ms
1015 286 1191 317 hamno
1227 285 1388 317 concio
1424 288 1449 317 ι.

156 369 269 409 Ὅταν
289 368 356 420 γὰρ
377 368 540 420 ἐννοήσῃς
558 370 629 417 ὅτι,
652 370 711 406 σοῧ
730 369 952 412 καθεύδοντος
972 369 1029 407 ε’πὶ
1060 369 1179 415 κλίνης

157 430 392 483 ἐλεφαντίνης,
406 429 521 482 ἕτερος
536 430 606 467 οὐδ’
621 428 726 481 ἄρτου
746 428 836 479 μετὰ
855 429 972 472 ἀδείας
992 429 1177 468 ἀπολαύειν

156 491 251 544 ἔχει,
271 492 309 529 οὒ
330 489 595 542 καταγνώσεταί
623 505 684 528 σου
712 491 751 528 τὸ
771 490 942 537 συνειδὸς,
962 490 1021 528 καὶ
1049 492 1179 528 ἐπανα-

156 552 323 600 στήσεται
347 554 562 603 κατηγοροῦν
586 554 648 597 τῆς
675 552 878 602 ἀνωμαλίας
897 551 1049 600 ταύτης;
1076 553 1120 590 Εἰ
1143 552 1178 589 δὲ

155 613 194 651 τὸ
215 613 271 652 ἐπὶ
292 612 521 665 ἐλεφαντίνων
545 614 670 651 κλινῶν
691 612 868 651 καθεύδειν
891 613 1053 673 ἔγκλημα
1065 642 1075 660 ,
1096 613 1179 652 ὅταν

158 672 218 711 καὶ
236 673 376 726 ἀργύρῳ
390 672 689 726 περιβεδλημέναι
704 673 870 712 πάντοθεν
893 675 974 719 ὠσι,
986 673 1087 711 ποίαν
1108 672 1179 716 ἔξο-

157 747 221 783 μεν
242 733 449 785 ἀπολογίαν,
468 733 589 772 Βούλει
606 733 733 777 κάλλος
749 733 869 780 κλίνης
884 735 966 771 ἰδεῖν
981 749 991 780 ;
1009 732 1104 783 Ἐγώ
1125 749 1178 771 σοι

154 793 311 844 δείκνυμι
330 798 410 843 ν’ῠν,
431 796 494 833 οὒκ
516 795 710 842 ἰδιωτικῆς,
724 794 799 833 οὐδὲ
818 796 1072 846 στρατιωτικῆς
1086 823 1095 840 ,
1117 795 1178 831 ἀλ-

154 854 200 893 λὰ
223 857 407 906 βασιλικῆς
427 855 545 902 κλίνης
567 856 788 908 εὐπρέπειαν.
811 854 886 893 Κᾶν
912 854 980 906 γὰρ
1000 853 1178 905 φιλοτιμό·

153 931 256 960 τατος
270 911 312 968 ἧς
331 916 492 962 πάντων,
510 912 547 955 εὖ
564 911 640 955 οἶδα
660 916 713 954 ὅτι
740 918 800 962 τῆς
824 919 885 952 τοῦ
906 914 1078 966 βασιλέως
1100 915 1180 952 κλί-

154 992 213 1024 νης
242 977 303 1016 οὔκ
334 977 508 1024 ἐθελήσεις
536 976 627 1029 ἔχειν
656 975 934 1027 εὐπρεπεστέραν
952 989 959 997 ·
981 975 1040 1014 καὶ
1066 975 1105 1013 τὸ
1136 973 1176 1021 δὴ

155 1040 290 1088 μεῖζον,
307 1040 345 1076 οὗ
363 1042 424 1076 τοῦ
441 1038 604 1090 τυχόντος
624 1037 796 1089 βασιλέως
808 1067 818 1084 ,
838 1036 928 1075 ἀλλὰ
947 1040 1007 1075 τοῦ
1027 1036 1178 1088 πρώτου,

150 1098 210 1136 καὶ
229 1103 290 1137 τοῦ
308 1099 448 1137 πάντων
469 1097 642 1151 βασιλέων
665 1098 943 1150 βασιλικωτέρου
956 1127 966 1146 ,
988 1098 1048 1136 καὶ
1073 1097 1178 1149 μέχρι

151 1163 209 1197 νῦν
230 1159 398 1211 ᾀδομένου
416 1164 598 1212 πανταχοῦ
618 1162 680 1206 τῆς
697 1158 900 1210 οἰκουμένης
915 1174 922 1182 ·
944 1158 1103 1209 δείκνυμί
1126 1173 1179 1221 σρι

153 1219 274 1266 κλίνην
304 1219 368 1267 τὴν
397 1225 457 1259 τοῦ
480 1220 655 1274 μακαρίου
687 1219 811 1260 Δαυίδ.
833 1219 984 1266 Ποταπὴ
1009 1218 1120 1258 τοίνυν
1137 1222 1179 1266 ἠν

153 1280 288 1329 ἐκείνη,
309 1283 386 1320 Οὐκ
415 1281 555 1335 ἀργύρῳ
579 1282 640 1320 καὶ
665 1284 786 1335 χρυσῷ
801 1313 809 1329 ,
833 1281 923 1320 ἀλλὰ
943 1281 1091 1332 δάκρυσι
1118 1280 1177 1318 καὶ

153 1340 422 1394 ἐξομολογήσεσι
463 1343 634 1381 πάντοθεν
665 1338 707 1390 ἦν
741 1341 1073 1392 κεκαλλωπισμένη.
1108 1341 1178 1379 Καὶ

153 1407 265 1442 ταῦτα
283 1404 385 1447 αὖτός
405 1420 508 1456 φησιν
529 1404 619 1443 οὕτω
638 1403 748 1455 λέγων
764 1417 772 1424 ·
788 1403 914 1442 Λούσω
930 1404 1008 1441 καθ’
1027 1402 1178 1449 ἑκάστην

154 1463 261 1502 νύκτα
280 1464 342 1511 τὴν
365 1465 486 1511 κλίνην
507 1478 583 1516 μου·
605 1466 639 1502 ἐν
660 1465 807 1518 δάκρυσί
827 1480 892 1515 μου
908 1463 972 1510 τὴν
993 1464 1178 1516 στρωμνήν

156 1541 222 1575 μου
244 1525 369 1578 βρέξω.
387 1525 529 1577 (Ὠσπερ
547 1525 615 1578 γὰρ
636 1532 850 1578 μαργαρῖται
872 1525 915 1563 τὰ
939 1526 1073 1576 δάκρυα
1090 1527 1179 1577 αὐτῇ

154 1586 326 1638 ἐπεπήγει
341 1586 524 1625 πάντοθεν.

205 2134 275 2175 Καὶ
307 2134 430 2174 σκόπει
461 2150 521 2185 μοι
548 2134 703 2187 φιλόθεον
737 2134 873 2187 ψυχήν·
895 2134 1017 2182 ἐπειδὴ
1040 2134 1107 2186 γὰρ
1141 2137 1176 2173 ἐν
1191 2165 1239 2189 7¹3

2121 278 2212 339 379

1258 377 1381 407 eaetcra
1398 369 1545 420 quidem
1566 379 1708 423 peccata
1727 370 1854 409 saltem
1872 371 2029 423 aliquam
2047 373 2217 422 exiguam

1256 429 1527 470 delectationem
1547 430 1679 470 habent
1691 462 1704 482 ,
1735 432 1847 470 veluti
1867 433 2096 483 temulentia,
2128 448 2216 472 ava-

1256 490 1335 527 ritia
1368 500 1401 529 ct
1433 491 1579 530 luxuria
1608 509 1615 529 :
1648 502 1815 531 caeterum
1848 494 1885 532 in
1918 494 2018 532 lectis
2051 495 2217 532 eburneis

1254 550 1414 590 dormire
1429 582 1440 602 ,
1465 567 1571 604 quam
1595 554 1697 591 affert
1726 555 1977 607 voluptatem?
2001 555 2099 607 quod
2119 556 2215 594 sola·

1255 611 1376 649 tium?
1397 627 1484 650 num
1510 614 1591 652 lecti
1621 614 1853 666 pulchritudo
1878 615 1997 654 reddit
2028 616 2130 655 nobis
2153 631 2218 654 so·

1256 685 1381 709 mnuln
1404 674 1608 712 suaviorem
1628 674 1927 727 dulcioremque?
1948 678 2026 716 Imo
2045 677 2217 729 gravissi-

1256 745 1354 769 mum
1398 742 1451 770 est
1482 733 1575 771 illud
1616 735 2002 788 molestissimumque,
2045 739 2075 776 si
2109 738 2217 777 modo

1255 791 1450 842 sapiamus.
1479 793 1621 831 Etenim
1650 794 1679 831 si
1711 795 1799 832 dum
1819 805 1859 834 tu
1880 796 2015 835 dormis
2044 798 2080 835 in
2104 799 2216 836 ebur-

1256 865 1320 889 neo
1349 852 1467 902 lecto,
1499 863 1617 891 tecum
1646 864 1788 906 reputes
1822 857 1921 906 quod
1950 858 2042 895 alius
2070 872 2113 896 ne
2146 874 2216 910 pa-

1254 925 1335 948 nem
1367 912 1512 962 quidem
1533 914 1639 952 habet
1659 929 1729 965 quo
1756 930 1877 955 secure
1897 927 2079 968 vescatur,
2101 934 2217 958 nonne

1253 982 1288 1011 te
1308 982 1369 1011 tua
1396 974 1648 1013 condemnabit
1668 977 1903 1026 conscientia,
1938 987 1971 1016 et
2000 979 2161 1031 insurget
2179 982 2216 1018 in

1255 1034 1517 1074 accusationem
1547 1036 1649 1074 istius
1669 1037 1947 1089 inaequalitatis?
1964 1040 2077 1086 Quod
2093 1040 2124 1078 si
2143 1043 2218 1079 cri-

1254 1108 1334 1132 men
1351 1105 1402 1134 est
1417 1096 1584 1135 eburneis
1601 1096 1799 1136 indormire
1815 1100 1934 1150 lectis,
1956 1115 2038 1138 cum
2058 1101 2217 1153 undique

1255 1156 1362 1194 etiam
1376 1166 1521 1209 argento
1538 1158 1669 1197 fuerint
1685 1161 1886 1208 convestiti,
1904 1177 2011 1213 quam
2028 1163 2217 1202 afferemus

1254 1217 1517 1256 excusationem
1532 1219 1549 1256 ἶ)
1562 1219 1630 1258 Vis
1640 1219 1720 1257 lecti
1734 1221 1857 1260 videre
1875 1223 2186 1274 pulchritudinem
2197 1225 2215 1262 ‚⁹

1256 1276 1334 1328 Ego
1355 1278 1421 1316 tibi
1447 1291 1541 1317 nunc
1570 1291 1810 1319 commonstro
1824 1313 1834 1331 ,
1851 1296 1920 1320 non
1941 1283 2084 1335 plebeii,
2103 1298 2218 1336 neque

1254 1338 1433 1391 militaris,
1452 1339 1513 1377 sed
1530 1341 1618 1391 regii
1635 1341 1716 1379 lecti
1733 1353 1910 1382 ornatum.
1930 1345 2072 1382 Etenim
2091 1360 2217 1396 quam-

1255 1399 1310 1437 vis
1325 1400 1436 1439 fueris
1449 1402 1613 1439 omnium
1631 1402 1954 1453 ambitiosissimus‚
1974 1415 2026 1443 sat
2042 1407 2128 1455 scio,
2145 1421 2216 1445 non

1254 1460 1396 1512 optabis
1417 1462 1480 1499 tibi
1501 1462 1634 1501 lectum
1657 1464 1900 1516 pulchriorem
1923 1480 2031 1516 quam
2050 1467 2157 1518 regis,
2182 1477 2216 1506 ct

1254 1522 1350 1572 quod
1370 1524 1486 1574 majus
1506 1533 1576 1572 est,
1605 1526 1699 1577 regis
1719 1539 1789 1563 non
1809 1527 2020 1579 cujuslibet,
2054 1528 2116 1566 sed
2134 1529 2214 1581 pri-

1252 1583 1358 1620 marii
1387 1597 1583 1635 regumque
1611 1586 1775 1624 omnium
1805 1588 1974 1636 maximi,
2015 1589 2150 1640 quique
2176 1590 2212 1628 in

1252 1642 1467 1682 hodiernum
1489 1660 1599 1696 usque
1617 1646 1712 1684 diem
1729 1648 1928 1686 celebratur
1944 1658 2018 1687 toto
2035 1658 2211 1688 terrarum

1251 1704 1350 1742 orbe.
1383 1706 1462 1751 En,
1494 1707 1640 1745 ostendo
1668 1708 1734 1746 tihi
1762 1709 1895 1747 lectum
1915 1710 2008 1748 beati
2035 1712 2205 1753 Dat-idis,

1250 1765 1378 1811 Qualis
1395 1766 1506 1818 igitur
1524 1778 1597 1806 erat
1614 1769 1701 1806 ille?
1719 1771 1797 1808 Non
1813 1781 1959 1822 argento
1977 1781 2009 1810 et
2025 1786 2128 1821 auro,
2148 1774 2211 1812 sed

1250 1826 1408 1878 undique
1428 1828 1598 1881 lacrymis
1618 1840 1649 1868 et
1671 1832 1891 1871 consessione
1911 1843 1986 1872 erat
2005 1844 2210 1873 exornatus.

1250 1890 1335 1928 Haec
1361 1889 1437 1941 ipse
1457 1891 1587 1929 fatetur
1605 1892 1652 1929 ita
1672 1893 1819 1944 loquens
1839 1910 1847 1934 :
1868 1896 2026 1933 Lavabo
2044 1911 2115 1948 per
2129 1900 2210 1936 sin-

1250 1951 1363 1999 gulas
1394 1961 1523 1990 noctes
1552 1954 1694 1992 lectum
1726 1970 1874 2005 meum,
1908 1957 2096 2006 lacrymis
2117 1963 2211 1998 meis

1251 2022 1418 2052 stratum
1451 2029 1578 2053 meum
1604 2018 1755 2068 rigabo.
1789 2018 1915 2068 Itaque
1933 2018 2012 2057 vice
2032 2022 2210 2072 margari-

1252 2082 1368 2112 tarum
1390 2074 1548 2126 undiqnc
1568 2076 1740 2129 lacrymis
1758 2088 1830 2116 erat
1851 2079 2051 2119 distinctus.

1305 2135 1342 2174 8.
1358 2136 1426 2174 Hic
1442 2137 1531 2174 mihi
1549 2137 1731 2176 considera
1750 2149 1904 2178 mentem
1921 2155 2041 2179 amore
2059 2142 2123 2179 Dei
2139 2142 2212 2180 ssa-

152 2196 269 2250 ἡμέρᾳ
297 2197 425 2236 πολλαὶ
458 2199 493 2235 αἱ
517 2196 694 2249 φροντίδες
726 2196 930 2248 ἀρχόντων,
957 2196 1176 2248 ταξιαρχῶν,
1203 2203 1228 2231 Α
1252 2205 1428 2247 grantcm.
1461 2199 1552 2236 Nam
1573 2200 1741 2248 quoniam
1770 2200 1925 2239 interdiu
1947 2202 2055 2240 varice
2075 2202 2212 2241 sollici-

152 2260 276 2306 ἐθνῶν,
299 2258 418 2309 δήμων
432 2289 441 2306 ,
459 2260 682 2310 στρατιωτῶν
697 2287 706 2305 ,
726 2257 910 2307 πολέμων,
930 2257 1087 2309 εἰρήνης,
1108 2260 1176 2295 τῶν

151 2321 341 2358 πολιτικῶν
369 2319 609 2370 πραγμάτων,
629 2320 697 2356 τῶν
729 2318 820 2356 κατὰ
852 2318 915 2365 τὴν
948 2319 1083 2365 οἰκίαν,
1108 2321 1176 2356 τῶν

151 2380 345 2434 πόρ’ῥωθεν,
361 2383 429 2418 τῶν
445 2380 605 2426 πλησίον,
621 2381 818 2431 περιεῖλκον
835 2379 936 2418 αὐτὸν
953 2379 1012 2418 καὶ
1027 2382 1175 2431 ἀπῆγον·

152 2441 214 2489 τὴν
235 2440 382 2494 σχολὴν,
402 2441 444 2488 ἣν
459 2441 585 2485 πάντες
604 2443 651 2484 εἷς
671 2441 710 2479 τὸ
727 2440 902 2478 καθεύδειν
923 2440 1173 2491 ἀναλίσκομεν,

153 2504 199 2546 εἷς
229 2502 473 2554 ἐξομολόγησιν
520 2502 579 2539 καὶ
608 2500 709 2553 εὐχὰς
741 2501 800 2539 καὶ
825 2502 959 2555 δάκρυα
991 2502 1175 2548 ἀνήλισκεν

151 2565 294 2607 ἐκεῖνος.
316 2563 386 2602 Καὶ
405 2565 482 2615 οὐχὶ
510 2563 593 2613 μίαν
619 2566 719 2600 τοῦτο
742 2562 884 2609 ἐποίησε
910 2562 1037 2610 νύκτα,
1056 2563 1118 2610 τὴν
1139 2563 1173 2601 δὲ

151 2624 314 2678 δευτέραν
335 2625 530 2671 ἐπαύσατο,
546 2623 622 2663 οὐδὲ
644 2623 703 2662 δύο
730 2625 789 2662 καὶ
821 2631 934 2677 τρεῖς,
955 2625 1016 2668 τὰς
1048 2625 1082 2664 δὲ
1113 2642 1173 2676 με·

151 2685 234 2731 ταξὺ
286 2685 438 2724 διέλιπεν
457 2717 467 2734 ,
499 2685 590 2724 ἀλλὰ
624 2689 701 2724 καθ’
739 2687 889 2732 ἑκάστην
925 2686 1033 2725 νύκτα
1076 2690 1176 2725 τοῦτο

149 2746 314 2800 ἔπραττε.
340 2748 467 2787 Αούσω
485 2748 552 2800 γὰρ
572 2749 648 2786 καθ’
672 2748 822 2796 ἑκάστην
847 2747 966 2797 νύκτα,
986 2749 1091 2801 φησὶ,
1113 2749 1175 2796 τὴν

150 2809 268 2856 κλίνην
283 2824 350 2860 μου
363 2825 370 2833 ·
385 2811 419 2848 ἐν
433 2809 577 2861 δάκρυσί
597 2826 662 2860 μου
679 2809 742 2856 τὴν
758 2810 946 2863 στρωμνήν
966 2827 1031 2861 μου
1051 2810 1174 2862 βρέξιι),

149 2869 212 2918 τὴν
241 2870 419 2922 δαψίλειαν
448 2873 517 2909 τῶν
540 2870 697 2924 δακρύων
728 2870 786 2909 καὶ
806 2871 870 2918 τὴν
907 2872 1085 2924 συνέχειαν
1106 2873 1174 2922 ἐμ-

150 2930 293 2983 φαίνων.
319 2931 468 2970 Πάντων
494 2932 562 2984 γὰρ
589 2932 837 2984 ἡσυχαζόντων
853 2963 862 2980 ,
886 2934 945 2970 καὶ
976 2935 1010 2971 ἐν
1042 2933 1174 2985 ἠρεμίᾳ

148 2993 267 3041 ὄντων,
289 2992 389 3043 μόνος
411 2995 460 3044 τῷ
479 2995 561 3046 Θεῷ
581 2994 658 3032 τότε
679 2994 883 3046 ἐνετύγχανε
900 3024 909 3040 ,
938 2994 997 3032 καὶ
1023 2998 1139 3045 παρῆν
1158 2998 1175 3032 ὁ
1204 2999 1224 3028 lt

150 3053 339 3104 ἀκοίμητος
356 3054 531 3106 ὀφθαλμὸς
550 3054 747 3107 ὀδυρομένῳ
765 3056 824 3092 καὶ
850 3058 1030 3106 θρηνοῦντι
1051 3056 1109 3093 καὶ
1132 3055 1174 3092 τὰ

149 3115 260 3153 οἰκεῖα
289 3113 530 3165 ἐξαγγέλλοντι
558 3115 664 3153 κακά.
689 3115 866 3162 Ὶόιαύτην
896 3116 951 3153 καὶ
977 3116 1017 3154 σὺ
1060 3131 1174 3154 κατα-

149 3175 314 3215 σκεύασον
348 3174 484 3222 κλίνην.
518 3175 562 3213 ‘0
586 3179 648 3226 μὲν
669 3176 735 3229 γὰρ
763 3176 907 3228 ἄργυρος
936 3177 1175 3228 περικείμενος

150 3236 210 3274 καὶ
229 3236 350 3288 φθόνον
370 3237 466 3288 παρὰ
482 3237 674 3289 ἀνθρώπων
689 3237 832 3290 ἐγείρει,
846 3239 903 3276 καὶ
919 3238 1024 3291 ὀργὴν
1041 3240 1172 3277 ἐκκαίει

150 3294 214 3341 τὴν
229 3296 358 3334 ἄνωθεν
374 3312 380 3320 ·
395 3297 438 3334 τὰ
458 3296 492 3335 δὲ
510 3301 652 3336 τοιαῦτα
672 3298 803 3351 δάκρυα
816 3330 824 3346 ,
840 3293 893 3336 οἶα
915 3298 956 3336 τὰ
975 3303 1033 3336 τοῦ
1052 3300 1173 3346 Δαυὶδ,

150 3356 208 3395 καὶ
250 3357 332 3395 αὐτὸ
370 3358 408 3396 τὸ
441 3360 502 3404 τῆς
538 3359 678 3410 γεέννης
725 3353 793 3398 οἶδε
839 3360 1055 3399 >taraucam
1091 3365 1171 3413 πῧρ.

152 3416 273 3452 Βούλει
294 3431 347 3453 σοι
364 3416 422 3453 καὶ
438 3416 559 3469 ἑτέραν
580 3417 679 3462 δείξω
704 3418 844 3465 κλίνην;
868 3418 930 3465 τὴν
952 3424 1009 3456 10²3
1043 3419 1172 3457 'tumbe'

151 3475 252 3526 λέγω.
271 3476 422 3528 “Ι·’.δαφος
453 3471 543 3527 εἶχεν
563 3479 801 3534 ὓποκιίιιῑνον,
822 3481 878 3518 m'.
899 3480 990 3518 λίθον
1019 3482 1085 3518 ὑπὸ
1109 3482 1170 3530 τὴν

1253 2256 1394 2294 tudincs
1418 2272 1582 2309 curaeque
1600 2259 1822 2312 principum,
1846 2261 1980 2301 ducum
1996 2293 2005 2310 ,
2026 2264 2184 2314 gentium
2201 2294 2210 2307 ,

1252 2318 1486 2370 populorum,
1506 2318 1686 2365 militum,
1705 2320 1897 2368 bellorum,
1919 2324 2027 2374 pacis,
2048 2324 2211 2362 civilium

1251 2394 1291 2417 ae
1304 2379 1581 2418 domesticorum
1597 2382 1832 2431 negotiorum,
1845 2398 1967 2421 eorum
1983 2399 2061 2434 qua·
2073 2387 2212 2436 procul,

1252 2454 1374 2478 corum
1409 2454 1486 2490 quse
1523 2455 1633 2493 prope
1677 2441 1920 2482 distrahebant
1956 2455 1988 2482 et
2018 2446 2211 2484 evocabant

1253 2501 1432 2539 hominem
1447 2531 1456 2547 ,
1489 2503 1582 2552 quod
1604 2503 1666 2540 otii
1691 2505 1806 2541 caeteri
1827 2516 2041 2544 consumunt
2067 2522 2206 2552 sonnio,

1251 2563 1316 2601 illc
1332 2563 1366 2600 in
1386 2564 1676 2602 consess-iunctim·
1701 2566 1798 2617 yiiiis
1824 2582 1864 2604 ae.
1891 2568 2054 2619 precibus
2072 2568 2208 2620 impen-

1251 2624 1371 2664 debat.
1400 2626 1521 2676 Neque
1541 2626 1575 2663 id
1602 2626 1647 2663 ita
1669 2627 1816 2665 faciebat
1837 2643 1891 2679 pei
1919 2644 2024 2666 uuam
2051 2640 2202 2676 noctem,

1253 2695 1290 2723 ut
1310 2686 1419 2723 altera
1440 2686 1649 2736 quiesceret,
1674 2702 1784 2738 neque
1802 2689 1852 2726 sie
1880 2704 1941 2741 per
1960 2690 2049 2727 duas
2070 2701 2183 2730 tresve
2197 2723 2206 2735 ,

1252 2757 1289 2784 ut
1310 2747 1451 2785 interim
1469 2747 1645 2795 deiiceret,
1668 2763 1790 2786 xeruin
1818 2750 1966 2800 singulis
1988 2752 2149 2790 noctibus
2170 2753 2205 2791 iil

1251 2807 1399 2845 faciebat
1423 2824 1430 2844 :
1459 2810 1615 2846 Lat-alm
1634 2811 1750 2854 enini,
1775 2810 1913 2860 inquit.
1942 2827 2011 2863 per·
2029 2815 2205 2865 sa'rigulus

1252 2877 1378 2906 'noctes
1401 2870 1539 2906 lectum
1561 2884 1699 2915 meum,
1720 2882 1753 2908 «Ἰ
1779 2872 1879 2920 [ιιι-ν)
1896 2877 1965 2910 mis
1987 2875 2078 2912 meis
2106 2887 2205 2913 slis:-

1253 2938 1330 2967 tum
1349 2944 1471 2967 meum
1487 2933 1622 2982 rigabo
1640 2948 1647 2967 :
1670 2932 1834 2970 videlieet
1854 2933 2094 2986 l.iei·)¹1n.u·uni
2108 2936 2145 2973 ul
2159 2952 2207 2973 ιϊ-

1253 2999 1357 3027 tareni
1378 2991 1604 3042 exprimens.
1624 2992 1730 3029 simul
1753 3002 1784 3030 et
1806 2996 2088 3045 perpetuitatem.
2114 2998 2202 3034 (ἶιιιιι

1250 3066 1370 3088 omnes
1390 3053 1542 3103 quietem
1563 3062 1594 3089 et
1621 3054 1731 3091 otium
1754 3066 1907 3103 agerent,
1932 3057 2026 3094 solu>
2045 3058 2105 3095 ille
2122 3068 2204 3096 tum·

1254 3114 1364 3149 Deum
1398 3113 1642 3164 interpellabat
1661 3144 1670 3158 ,
1702 3124 1733 3151 et
1767 3114 1887 3154 aderat
1921 3117 2030 3169 sopiri
2067 3120 2203 3157 nescius

1249 3174 1374 3210 ueiilns
1403 3174 1555 3222 ploranti
1593 3175 1869 3227 l.uii‹·1it;uitique
1885 3207 1893 3222 ‚
1929 3192 2061 3229 suaque
2094 3182 2203 3232 pruti—

1252 3234 1335 3272 tenti
1354 3235 1458 3272 inala.
1478 3235 1601 3272 'l'alein
1620 3245 1655 3273 tu
1673 3251 1815 3287 qnoque
1836 3238 1899 3275 tibi
1918 3249 2039 3290 punito
2056 3240 2183 3279 leetuiu
2197 3275 2206 3284 .

1252 3298 1340 3334 Nam
1362 3296 1469 3334 lectu>-
1490 3307 1634 3347 argento
1653 3298 1812 3336 obn-cim
1832 3314 1912 3337 enin
1940 3302 2113 3341 invidiam
2135 3304 2203 3341 lw-

1251 3358 1387 3395 ininuni
1406 3359 1551 3403 excitat,
1574 3368 1646 3396 tuni
1678 3359 1764 3397 iram
1785 3362 1939 3413 supremi
1968 3365 2124 3403 numinis
2147 3367 2202 3402 in-

1251 3420 1406 3456 tlaininat
1430 3435 1435 3455 :
1457 3430 1621 3457 ‹neti-runi
1651 3420 1735 3457 mlv>
1756 3421 1922 3476 Ι.ιιϊ)ἰιι.ι·
1951 3425 2073 3474 quales
2104 3437 2201 3463 einim

1254 3483 1327 3520 tm·
1337 3481 1417 3522 idis.
1437 3482 1552 3532 ipsum
1563 3482 1668 3521 eiiam
1681 3482 1848 3533 gehenna*
1861 3484 2063 3525 incendium
2075 3503 2131 3527 nei
2143 3499 2199 3525 unt
2245 3535 2252 3546 γ

2230 1917 2317 1946 Psal.
2336 1917 2364 1946 6.
2385 1928 2414 1955 7-

2266 3481 2330 3508 ¹21]
2340 3495 2346 3508 ἱ
2358 3497 2398 3509 iti„
