2513 3871
298 250 391 297 838

746 262 784 290 S.
823 257 1009 289 somnis
1044 255 1285 287 CHRYSOST-
1325 256 1536 287 Attcnltzt’.
1574 256 1934 288 CONSTANTINOP-

300 347 396 392 bris,
417 345 486 384 alia
504 355 650 397 prorsus
663 342 800 380 auferet
815 356 824 377 ε
838 349 893 388 et,
911 340 942 378 si
960 352 1054 377 nunc
1073 351 1144 376 non
1164 350 1247 376 mo-
1270 341 1295 372 Ι)
1320 353 1457 389 wopa,
1479 338 1571 389 tart&
1594 343 1704 378 urna
1724 340 2006 392 ἀποθανούμεθα,
2025 340 2190 393 (Μαρτὸν
2212 341 2342 395 Myo-

298 408 451 455 riamur,
468 415 582 443 tamen
600 402 748 456 posthac
764 401 976 440 moriemur.
995 398 1151 438 Mortale
1165 412 1249 438 cor-

297 481 366 518 pus
392 464 507 504 sortiti
533 477 671 508 sumus,
693 476 763 501 non
794 470 834 500 ut
862 461 961 499 illius
989 458 1249 511 cupiditatibus

295 527 577 578 obtemperantes
595 523 812 576 impietatem
831 521 1105 574 amplectamur,
1126 519 1191 559 sed
1209 529 1248 559 ut

293 586 394 625 illius
425 585 674 624 affectionibus
702 583 749 622 ad
777 583 946 637 pietatem
974 591 1131 622 utamur.
1163 581 1247 620 Haec

292 647 388 686 enim
407 645 711 699 corruptibilitas,
727 654 762 683 et
778 644 846 683 hoc
865 645 983 697 ipsum
1004 642 1152 682 mortale
1165 656 1246 682 cor-

293 722 382 761 pus,
397 708 426 747 si
448 708 558 746 sobrii
578 707 772 752 fuerimus,
793 706 897 744 nobis
914 714 966 744 est
985 704 1136 745 materia
1148 718 1245 743 com·

293 768 552 816 mendationis,
570 767 790 819 multamque
809 766 912 805 nobis
931 767 967 804 in
992 766 1055 804 illo
1075 764 1134 804 die
1152 779 1246 818 prae-

291 830 400 870 stabit
416 828 608 877 fiduciam,
623 842 692 867 non
707 838 826 867 autem
841 828 877 866 in
894 827 957 866 illo
975 826 1243 874 solum,verum

291 891 398 931 etiam
418 891 453 929 in
474 889 636 943 praesenti
664 890 752 928 vita.
772 888 959 940 Siquidem
986 901 1068 926 cum
1101 887 1245 940 ejeceris

291 952 526 991 incantatores
552 951 664 989 multa
690 965 774 990 cum
799 949 1014 989 contumelia
1041 963 1086 988 ex
1105 949 1244 988 aedibus

292 1013 388 1060 tuis,
408 1026 534 1051 omnes
553 1012 620 1050 boc
634 1011 755 1049 audito
772 1009 1242 1058 laudabunt,mirabuntur,

289 1084 323 1112 et
351 1074 442 1112 inter
476 1088 511 1111 se
537 1073 656 1111 dicent
674 1088 681 1108 :
701 1072 768 1111 llle
787 1072 951 1110 laborans
970 1080 1215 1123 aegrotansque
1233 1100 1243 1117 ,

289 1134 471 1186 aliquibus
503 1133 670 1172 infinities
690 1132 933 1177 hortantibus,
952 1131 1187 1169 suadentibus
1212 1141 1244 1169 et

287 1194 557 1234 consulentibus
586 1203 626 1231 ut
659 1194 808 1245 magicis
836 1192 1057 1244 quibusdam
1084 1192 1243 1231 incanta-

286 1256 414 1294 mentis
447 1264 617 1300 uteretui·‚
648 1268 717 1292 non
747 1254 911 1300 admisit,
930 1253 992 1292 sed
1025 1253 1238 1305 respondit:

287 1316 409 1354 Satius
432 1325 484 1354 est
509 1315 576 1353 hoc
602 1324 706 1367 pacto
725 1315 816 1353 mori
831 1343 841 1362 ,
859 1328 966 1365 quam
985 1313 1146 1352 deserere
1164 1314 1241 1366 pie-

286 1386 404 1416 tatem.
426 1376 482 1415 Ad
507 1377 583 1415 haec
603 1384 864 1427 consequentur
890 1375 997 1415 multi
1026 1375 1173 1427 plausus
1193 1375 1239 1414 ab

285 1439 341 1477 his
369 1438 430 1489 qui
458 1437 655 1485 audierint,
682 1437 820 1475 cunctis
846 1436 1098 1489 stupentibus,
1118 1437 1235 1474 Deum

284 1499 582 1550 glorificantibus.
602 1499 679 1537 Hoc
707 1507 793 1550 quot
822 1498 950 1536 statuis
975 1511 1044 1536 non
1076 1497 1142 1535 erit
1170 1497 1296 1555 “blase

1321 414 1384 449 μεν
1401 399 1442 438 τὸ
1456 401 1581 450 σῶμα,
1598 399 1664 452 οὐχ
1680 399 1740 438 ἵνα
1767 400 1824 439 διὰ
1841 400 1887 438 τὰ
1910 400 2008 447 πάθη
2032 402 2137 440 αὐτοῦ
2164 400 2230 449 τὴν
2263 403 2343 443 ἀσί-

1320 459 1419 497 &m
1444 458 1750 511 ἐπισπασώμεθα,
1775 460 1866 500 ἀλλὰ
1893 460 1951 499 ἵνα
1971 467 2043 506 τοῖς
2072 461 2218 501 πάθεσιν
2237 463 2343 502 αὐτοῦ

1318 520 1404 573 πρὸς
1432 520 1610 560 εὗσέὸειαν
1630 520 1935 574 ἀποχρησώμεθα.
1954 522 2052 569 Αὐτὴ
2078 522 2147 576 γὰρ
2169 526 2192 570 ἡ
2212 523 2345 576 φθορὰ,

1319 580 1379 620 καὶ
1407 581 1493 620 αὐτὸ
1510 581 1550 619 τὸ
1569 582 1693 628 θνητὸν
1720 575 1810 621 εἶναι
1839 582 1880 621 τὸ
1914 585 2041 634 σῶμα,
2063 582 2123 622 ἐὰν
2159 583 2346 635 νήφωμεν,

1318 643 1479 686 ὑπόθεσις
1509 643 1771 694 εὐδοκιμήσεως
1791 647 1877 694 ἡμῖν
1910 645 2116 695 γενήσεται,
2131 644 2192 683 καὶ
2209 644 2343 692 πολλὴν

1317 706 1403 754 ἡμῖν
1419 706 1497 742 κατ’
1511 703 1645 751 ἐκείνην
1662 704 1726 751 τὴν
1747 704 1883 756 ἡμέραν
1902 705 2007 744 δώσει
2032 704 2096 751 τὴν
2117 705 2340 758 παρῤησίαν,

1317 767 1355 803 οὐ
1372 767 1451 803 κατ’
1469 765 1603 811 ἐκείνην
1623 764 1659 804 δὲ
1681 765 1784 815 μόνον
1796 795 1807 813 ,
1826 765 1918 803 ἀλλὰ
1939 766 1999 803 καὶ
2019 764 2112 804 κατὰ
2128 765 2192 812 τὴν
2210 768 2343 819 παροῦ-

1316 842 1380 866 σαν
1412 827 1518 874 ζωήν.
1547 826 1662 864 εὈταν
1688 826 1756 879 γὰρ
1786 827 1938 879 ἐκὸάλῃς
1964 826 2044 871 τοὺς
2069 826 2221 880 ἕπαῶοὺς
2253 826 2343 878 μετὰ

1315 889 1448 934 πολλῆς
1464 890 1526 934 τ’ἧς
1544 887 1676 939 ῦὸρεως
1692 889 1731 926 ἐκ
1747 891 1809 934 τῆς
1829 887 1942 932 οἰκίας
1956 917 1967 936 ,
1984 888 2112 932 πάντες
2132 887 2344 931 ἀκούσαντες

1317 948 1562 988 ἐπαινέσονται
1589 949 1649 986 καὶ
1676 949 1941 999 θαυμάσονται,
1970 948 2030 987 καὶ
2061 948 2148 1001 πρὸς
2172 948 2344 995 ἀλλήλαις

1318 1011 1465 1060 ἐροῦσιν·
1481 1014 1500 1049 ὁ
1516 1011 1609 1049 δεῖνα
1636 1012 1825 1061 ἀῤῥωστῶν
1849 1010 1907 1048 καὶ
1936 1009 2100 1059 κάμνων,
2133 1009 2239 1061 μυρία
2274 1023 2344 1047 πα·

1319 1071 1561 1120 ρακαλούντων
1594 1074 1698 1109 τινῶν
1726 1072 1785 1108 καὶ
1813 1071 2078 1123 παραινούντων
2104 1071 2165 1109 καὶ
2191 1069 2343 1121 συμὸου·

1317 1132 1484 1170 λευόντων
1503 1134 1652 1185 ἐπῳδαῖς
1668 1133 1868 1184 χρήσασθαι
1885 1138 2050 1184 μαγικαῑς
2066 1147 2170 1179 τισιν,
2184 1132 2222 1171 οὗ
2237 1147 2345 1183 προσ-

1316 1192 1448 1241 ήκατο,
1470 1194 1547 1231 ἀλλ’
1566 1187 1658 1232 εἶπε
1685 1194 1822 1243 βέλτιον
1849 1195 2035 1231 ἀποθανεῖν
2055 1192 2164 1235 οὕτως
2177 1222 2187 1237 ,
2209 1192 2231 1238 ἢ
2251 1208 2342 1244 προ-

1315 1253 1432 1291 δοῦναι
1464 1253 1528 1299 τὴν
1555 1253 1746 1292 εὖσέῧειαν.
1767 1252 1852 1290 Ἐπὶ
1882 1253 2016 1296 τούτοις
2051 1252 2192 1304 ἕψονται
2224 1253 2343 1305 κρότοι

1313 1314 1436 1351 πολλοὶ
1452 1313 1549 1367 παρὰ
1565 1316 1634 1351 τῶν
1651 1313 1860 1360 ἀκουόντων,
1871 1313 2012 1351 πάντων
2035 1314 2341 1364 ἐκπληττομένων,

1312 1373 1370 1411 τὸν
1390 1373 1480 1413 Θεὸν
1510 1374 1737 1418 δοξαζόντων.
1769 1374 1897 1411 Πόσων
1930 1368 1989 1411 οὖν
2018 1373 2117 1412 ἔσται
2152 1389 2207 1412 σοι
2240 1377 2342 1413 τοῦτο

1311 1439 1322 1452 ‘
1333 1434 1545 1486 ἀνδριάντων
1560 1433 1912 1486 τιμιώτερον,πόσων
1926 1433 2066 1473 εἰκόνων
2081 1433 2340 1487 λαμπρότερον,

1310 1495 1422 1542 πόσης
1459 1499 1564 1546 τιμῆς
1597 1495 1877 1547 ἐπισημότερον;
1897 1494 2069 1538 Ἅπαντες
2097 1495 2338 1534 ἐπαινέσονται

283 1560 553 1600 honorabilius?
572 1570 658 1612 quot
684 1558 902 1611 imaginibus
921 1558 1234 1611 magnificentius?
1260 1570 1282 1597 Λ
1308 1557 1368 1595 καὶ
1385 1560 1600 1610 μακαριοῦσι
1623 1558 1682 1596 καὶ
1703 1555 1978 1608 στεφανώσουσι,
1992 1556 2052 1595 καὶ
2070 1556 2168 1595 αὐτοὶ
2184 1557 2338 1608 βελτίους

283 1631 416 1673 quanto
449 1621 583 1660 honore
618 1620 819 1672 insignius?
838 1622 973 1659 Omnes
1009 1619 1236 1668 laudabunt,

281 1697 403 1722 omnes
422 1691 521 1721 tuam
548 1682 751 1720 felicitatem
780 1680 1047 1733 praedicabunt,
1061 1694 1184 1719 omnes
1204 1690 1236 1719 te

281 1744 515 1784 coronabunt.
528 1745 701 1782 Praeterea
719 1743 787 1796 ipsi
803 1756 945 1794 quoque
959 1742 1122 1781 meliores
1136 1743 1237 1791 fient,

281 1819 321 1844 ac
339 1806 498 1844 vicissim
519 1814 619 1843 tuum
639 1804 842 1856 exemplum
860 1803 1137 1849 aemulabuntur,
1156 1803 1235 1841 imi-

281 1867 525 1917 tabunturque
540 1875 637 1904 tuam
654 1865 901 1904 fortitudinem
920 1879 927 1900 :
943 1872 975 1902 et
995 1864 1025 1901 si
1044 1864 1124 1915 quis
1143 1865 1235 1902 alius

281 1927 351 1966 tale
370 1926 558 1979 quidpiam
587 1926 724 1972 fecerit,
745 1935 782 1963 tu
811 1925 1010 1964 mercedem
1039 1925 1127 1963 feres
1140 1955 1150 1973 ,
1169 1926 1232 1976 qui

280 1988 344 2026 zeli
366 1988 476 2027 fueris
496 1996 630 2025 auctor.
658 1985 786 2037 Neque
813 1995 948 2024 tantum
977 1996 1234 2037 consequentur

281 2048 404 2087 laudes
435 2057 527 2087 recte
549 2049 742 2095 factorum,
759 2061 886 2086 verum
917 2046 1023 2084 etiam
1049 2046 1234 2085 celerrima

281 2110 396 2149 morbi
412 2109 544 2148 levatio
561 2123 570 2147 ε
588 2123 669 2147 cum
690 2109 767 2162 ipsa
787 2119 846 2148 tua
862 2109 1032 2160 praeclara
1049 2108 1234 2146 voluntate

279 2171 496 2210 conciliante
514 2170 578 2209 tibi
601 2173 714 2209 Deum
738 2169 785 2208 ad
814 2170 986 2221 majorem
1015 2169 1233 2207 benevolen-

281 2232 388 2281 tiam,
407 2241 483 2269 tum
511 2231 641 2269 sanctis
675 2231 842 2269 omnibus
871 2229 1134 2281 gratulantibus
1163 2239 1232 2268 tuae

281 2292 534 2345 promtitudini
549 2323 559 2341 ,
574 2301 679 2344 atque
693 2306 738 2330 cx
753 2291 880 2329 intimo
895 2290 1003 2329 corde
1021 2305 1086 2344 pro
1106 2301 1140 2330 te
1154 2306 1232 2344 pre-

280 2367 338 2392 ces
355 2353 599 2393 fundentibus.
622 2353 729 2400 Quod
747 2352 775 2390 si
797 2351 856 2390 hic
879 2352 961 2390 talia
985 2361 1068 2390 sunt
1088 2353 1231 2405 praemia

280 2414 500 2453 fortitudinis
523 2415 631 2468 hujus
645 2446 656 2463 ‚
683 2415 798 2465 cogita
819 2423 970 2464 quantas
989 2414 1066 2452 illic
1086 2414 1234 2467 recipies

279 2490 443 2523 coronas,
469 2490 551 2515 cum
569 2504 579 2521 ,
610 2474 747 2526 angelis
783 2474 1037 2527 praesentibus,
1065 2474 1234 2513 omnibus

279 2537 512 2589 archangelis,
531 2536 699 2575 Christus
719 2534 913 2573 adveniens
931 2535 1102 2588 prehensa
1125 2550 1233 2574 manu

280 2607 339 2635 tua
364 2598 399 2636 in
428 2598 586 2636 medium
617 2606 650 2635 te
675 2596 767 2635 illud
797 2595 975 2634 theatrum
997 2596 1231 2648 produxerit,

280 2659 416 2697 cunctis
446 2658 678 2697 audientibus
703 2656 836 2695 dixerit
858 2672 866 2693 :
893 2657 961 2696 Hic
994 2657 1123 2703 houm,
1151 2672 1231 2696 cum

280 2719 472 2771 aliquando
487 2720 583 2759 febre
594 2728 779 2771 correptus
792 2718 1100 2764 essct,innnmcris
1114 2721 1233 2771 ipsum

280 2781 551 2819 exhortantibus
569 2790 608 2818 ut
629 2795 650 2818 a
671 2779 795 2818 morbo
828 2779 1039 2817 liberaretur
1056 2811 1065 2826 ,
1086 2790 1232 2833 propter

283 2855 406 2880 nomen
435 2856 552 2880 meum
583 2857 622 2880 ac
652 2841 815 2879 timorem
832 2840 866 2878 in
888 2855 967 2887 mc,
991 2854 1034 2878 ne
1053 2841 1088 2879 in
1110 2842 1233 2893 aliquo

281 2903 496 2951 offenderet,
512 2918 632 2942 omncs
667 2902 729 2952 qui
764 2902 1027 2954 pollicebantur
1062 2903 1130 2956 ipsi
1164 2905 1233 2942 isto

282 2962 389 3000 modo
403 2964 584 3002 sanitatem
597 2993 605 3009 ,
625 2963 773 3015 repulit,
791 2977 943 3014 cumque
960 2963 1152 3014 ignominia
1175 2979 1231 3003 rc-

279 3023 382 3072 jecit:
399 3039 438 3061 ac
454 3025 663 3077 pra-optavit
681 3024 820 3063 immori
837 3024 954 3076 potius
969 3024 1107 3075 morbo,
1124 3040 1233 3077 quam

283 3082 440 3121 deserere
471 3085 537 3121 mci
565 3083 736 3122 studium.
761 3086 899 3123 tiu-nim
930 3086 959 3124 si
985 3099 1043 3123 eos
1071 3087 1135 3137 qui
1164 3087 1230 3139 ipsi

286 3152 406 3193 potum
424 3143 610 3191 dederunt,
633 3145 694 3195 qui
718 3146 923 3193 vestierunt,
943 3146 1005 3197 qui
1031 3147 1149 3187 cibum
1172 3148 1231 3186 dc-

286 3201 435 3251 derunt,
457 3205 491 3241 in
512 3205 669 3243 medium
690 3205 835 3243 adducit
858 3222 865 3242 :
889 3207 1002 3245 multo
1021 3209 1136 3258 magis
1159 3208 1228 3248 ad—

286 3260 389 3299 ducet
408 3278 480 3309 eus,
500 3265 560 3314 qui
590 3275 731 3318 propter
753 3267 868 3318 ipsum
894 3276 1063 3319 optarunt
1083 3270 1230 3309 obnoxii

285 3335 358 3357 exse
376 3323 479 3363 fohri,
497 3326 616 3375 Neque
631 3327 723 3363 cuim
740 3327 854 3364 simile
872 3337 922 3364 cst
938 3327 1024 3366 dare
1045 3344 1169 3380 panem
1190 3345 1230 3369 ac

326 3435 338 3449 ⁰
363 3427 449 3456 Octo
470 3426 542 3457 Mat-⁴
563 3426 910 3474 {ctSat·.l·1'v5,pc·i·1tr.u
926 3443 1113 3475 σεμνότερον.

324 3490 334 3503 ⁸
360 3480 510 3519 Qun-tuor
541 3480 614 3513 Mu.
632 3480 638 3521 l
655 3490 685 3513 rt
702 3487 776 3512 Nav-
797 3484 900 3525 ΙκῚινΙ
928 3491 1046 3527 iponem
1083 3503 1130 3521 συ
1153 3499 1191 3520 τά·
1213 3504 1248 3522 ια

1308 1617 1463 1666 ἔσονται,
1492 1618 1551 1656 καὶ
1579 1618 1773 1665 ζηλώσουσι
1804 1617 1910 1656 πάλιν
1940 1618 1999 1656 καὶ
2032 1618 2249 1668 μιμήσονταί
2274 1635 2336 1658 σου

1307 1678 1370 1723 τὴν
1391 1679 1565 1730 ἀνδρείαν,
1595 1679 1659 1717 κᾶν
1679 1678 1795 1732 ἕτερος
1823 1678 2017 1730 ἐργάσηταί
2036 1695 2072 1716 τι
2102 1681 2273 1725 τοιοῦτον,
2293 1679 2335 1719 σὺ

1307 1741 1364 1777 τὸν
1396 1740 1518 1790 μισθὸν
1548 1740 1648 1788 ἔξεις,
1667 1744 1685 1779 ὃ
1700 1740 1762 1788 τὴν
1793 1740 1906 1792 ἀρχὴν
1940 1739 2137 1793 παρασχὼν
2157 1742 2208 1793 τῷ
2228 1740 2334 1793 ζήλῳ.

1306 1801 1383 1839 Οὐκ
1399 1801 1534 1840 ἔπαινοι
1555 1802 1591 1840 δὲ
1613 1804 1715 1852 μόνον
1734 1801 1896 1840 *ἔσονταί
1931 1816 1992 1839 σου
2013 1804 2082 1839 τῶν
2101 1804 2334 1853 κατορθωμά-

1305 1877 1395 1910 των,
1413 1862 1503 1901 ἀλλὰ
1522 1863 1581 1901 καὶ
1597 1862 1695 1907 λύσις
1713 1863 1863 1915 ταχίστη
1878 1865 1941 1909 τῆς
1964 1863 2078 1909 νόσου,
2094 1863 2199 1910 αὐτῆς
2215 1879 2253 1901 τε
2272 1865 2335 1909 τῆς

1305 1923 1464 1972 γενναίας
1494 1940 1555 1963 σου
1581 1923 1816 1976 προαιρέσεως
1835 1924 2085 1974 ἐπισπωμένης
2103 1923 2162 1961 τὸν
2175 1924 2266 1964 Θεὸν
2287 1926 2335 1968 εἰς

1306 1985 1448 2023 πλείονα
1467 1985 1602 2024 εὔνοιαν
1616 2016 1627 2032 ,
1651 1986 1798 2024 καὶτῶν
1831 1985 1940 2037 ἁγίων
1968 1984 2111 2023 πάντων
2140 1985 2335 2035 συνηδομέ-

1305 2063 1373 2086 νων
1400 2063 1461 2086 σου
1480 2051 1522 2099 τῇ
1543 2048 1735 2101 προθυμία,
1747 2048 1807 2086 καὶ
1827 2049 1868 2086 ἐκ
1885 2051 1946 2086 τοῦ
1965 2048 2090 2099 βάθους
2108 2050 2170 2094 τῆς
2189 2046 2335 2100 καρδίας

1305 2108 1367 2151 τὰς
1377 2109 1465 2161 ὑπὲρ
1481 2112 1541 2147 σοῦ
1555 2109 1772 2160 ποιουμένων
1785 2109 1903 2160 εὐχάς.
1923 2109 1967 2147 Εἰ
1980 2108 2015 2146 δὲ
2030 2110 2179 2146 ἐνταῦθα
2188 2111 2334 2147 τοιαῦτα

1305 2169 1349 2208 τὰ
1375 2169 1509 2209 ἔπαθλα
1535 2173 1598 2216 τῆς
1632 2169 1791 2222 ἀνδρείας
1814 2169 1963 2217 ταύτης,
1982 2168 2144 2216 ἐννόησον
2163 2169 2334 2216 πηλίκους

1305 2233 1376 2269 ἐκεῖ
1389 2232 1485 2283 λήψῃ
1497 2231 1789 2283 στεφάνους,ὅταν
1803 2233 1872 2269 τῶν
1890 2230 2048 2282 ἀγγέλων
2059 2230 2255 2281 παρόντων,
2265 2233 2334 2270 τῶν

1306 2293 1535 2345 ἀρχαγγέλων
1564 2292 1743 2341 ἁπάντων,
1759 2293 1838 2331 τότε
1865 2291 2052 2345 παρελθὼν
2067 2295 2086 2330 ὁ
2103 2291 2265 2344 Χριστὸς,
2273 2293 2335 2331 καὶ

1305 2357 1366 2400 τῆς
1388 2355 1505 2406 χειρός
1531 2370 1592 2394 σου
1624 2355 1818 2405 λαθόμενος
1846 2355 1892 2397 εἰς
1924 2353 2029 2404 μέσον
2056 2353 2254 2406 περιαγάγῃ
2295 2355 2335 2392 τὸ

1305 2415 1449 2469 θέατρον
1469 2418 1579 2455 ἐκεῖνο
1592 2446 1602 2464 ,
1623 2416 1683 2454 καὶ
1703 2416 1845 2455 πάντων
1864 2415 2060 2453 ἀκουόντων
2079 2413 2165 2466 λέγῃ
2179 2428 2186 2436 ·
2203 2407 2303 2458 οὗτος
2316 2417 2335 2453 ὁ

1306 2477 1487 2530 ἄνθρωπος
1518 2480 1658 2530 πυρετῷ
1691 2492 1777 2516 ποτε
1809 2476 1969 2528 ληφθεὶς,
1996 2475 2128 2528 μυρίων
2149 2476 2245 2528 αὐτῷ
2263 2490 2334 2514 πα-

1307 2538 1512 2588 ραινούντων
1539 2539 1789 2590 ἀπαλλαγῆναι
1822 2539 1884 2583 τῆς
1910 2537 2034 2583 νόσου,
2068 2535 2124 2575 διὰ
2153 2535 2194 2575 τὸ
2222 2535 2334 2587 ὄνομα

1304 2600 1343 2638 τὸ
1363 2600 1471 2650 ἐμὸν,
1505 2599 1565 2638 καὶ
1590 2599 1648 2638 τὸν
1683 2600 1788 2650 φόὸον
1820 2598 1879 2636 τὸν
1913 2599 1961 2640 εἰς
1996 2595 2080 2647 ἐμὲ,
2107 2596 2166 2635 ἵνα
2196 2598 2231 2636 ἰν
2261 2611 2333 2647 μη-

1305 2661 1375 2698 δενὶ
1404 2660 1652 2712 προσκρούσῃ,
1676 2659 1829 2699 διώσατο
1867 2659 1928 2697 καὶ
1958 2659 2118 2708 ἠτίμωσε
2144 2656 2224 2700 τοὺς
2256 2659 2332 2696 ὑπι-

1304 2722 1538 2773 σχνουμένους
1558 2722 1660 2759 αὐτὸν
1683 2720 1886 2773 θεραπεύειν
1911 2719 2034 2770 ἐκείνῳ
2052 2721 2103 2770 τῷ
2122 2718 2258 2771 τρόπῳ,
2273 2719 2334 2757 καὶ

1303 2782 1415 2821 εἵλετο
1444 2783 1576 2832 μᾶλλον
1608 2784 1831 2821 ἐναποθανεῖν
1852 2782 1902 2831 τῷ
1928 2780 2122 2830 νοσήματι,
2139 2778 2163 2826 ἢ
2180 2780 2333 2833 προδοῦ-

1305 2859 1362 2882 ναι
1379 2843 1443 2890 τὴν
1462 2845 1510 2886 εἰς
1523 2842 1584 2893 ἐμὲ
1605 2842 1753 2881 εὔνοιαν.
1772 2842 1789 2860 “
1802 2842 1844 2880 tit
1862 2840 1930 2892 γὰρ
1944 2841 2022 2884 τοὺς
2037 2839 2249 2884 ποτίσαντας
2267 2841 2333 2879 αὖ·

1304 2906 1363 2944 τὸν
1394 2905 1453 2943 καὶ
1483 2904 1693 2946 ἑνδύσαντας
1721 2903 1780 2941 καὶ
1818 2902 2013 2954 θρέψαντας
2041 2903 2088 2946 εἷς
2118 2901 2224 2952 μέσον
2257 2917 2332 2940 πα·-

1307 2967 1426 3019 ράγει,
1450 2967 1570 3017 πολλῷ
1596 2965 1729 3013 μᾶλλον
1749 2963 1827 3006 τοὺς
1854 2965 1897 3001 δι’
1919 2963 2020 3001 αὑτὸν
2048 2961 2232 3012 ἑλομένους
2251 2961 2331 3001 ἀνί-

1303 3031 1428 3080 χεσθαι
1458 3027 1630 3078 πυρετῶν.
1653 3025 1707 3064 Οὐ
1733 3025 1802 3078 γάρ
1831 3026 1924 3063 ἐστιν
1957 3024 2054 3071 ἴσον,
2080 3023 2183 3075 ἄρτον
2215 3023 2332 3062 δοῦναι

1305 3088 1363 3126 καὶ
1395 3087 1556 3139 ἱμάτιον,
1590 3086 1650 3124 καὶ
1691 3085 1788 3124 νόσον
1823 3085 1961 3135 μακρὰν
1997 3084 2182 3135 ὑπομένειν
2196 3112 2207 3131 ,
2239 3083 2331 3123 ἀλλὰ

1269 3173 1276 3180 ·
1304 3150 1424 3201 πολλῷ
1446 3150 1562 3200 μεῖζον
1591 3150 1693 3185 τοῦτο
1714 3146 1859 3184 ἐκείνου·
1880 3146 1952 3198 ὅσῳ
1976 3145 2010 3182 δὲ
2033 3146 2158 3195 μείζων
2175 3144 2330 3192 ὁπόνος,

1304 3211 1459 3263 τοσούτῳ
1473 3210 1531 3247 καὶ
1545 3213 1563 3248 δ
1576 3208 1741 3260 στέφανος
1755 3207 1851 3246 ἔσται
1865 3206 2120 3259 λαμπρότερος.
2133 3208 2257 3246 Ταῦτα
2269 3210 2328 3245 καὶ

1304 3272 1514 3323 ὑγιαίνοντες
1556 3272 1758 3321 μελετῶμεν
1806 3269 1864 3306 καὶ
1912 3268 2120 3318 κάμνοντες,
2147 3267 2206 3306 καὶ
2243 3266 2328 3320 πρὸς

1304 3333 1440 3384 ἐτέρους
1472 3332 1649 3383 λέγωμεν·
1670 3331 1734 3368 κᾶν
1760 3330 1889 3379 ἴδωμεν
1918 3329 2056 3372 ἑαυτούς
2091 3343 2174 3366 ποτε
2205 3329 2240 3367 ἰν
2261 3343 2325 3366 πυ-

1334 3442 1520 3477 mavemur.

1377 3491 1390 3504 ⁸
1416 3488 1529 3530 [Saul
1560 3504 1606 3521 ια·
1622 3506 1664 3529 pr,
1679 3494 1830 3530 'inlunio-»¹5
1845 3498 1850 3503 “
1871 3494 1893 3519 εἰ
1913 3493 1966 3531 ,ἀρ
1990 3485 1997 3525 l
