2513 3871
708 212 746 243 S.
785 212 859 242 JOA
869 212 893 241 N
903 211 971 242 MS
1005 211 1246 243 cnm'sosT.

264 203 326 260 42

263 299 372 338 nuere
391 297 551 350 patia‘ris.
573 296 665 334 Nam
681 294 711 334 si
732 295 847 332 Deum
864 307 1058 346 provocare
1075 307 1212 347 pergas,

261 374 318 399 eas
339 372 460 398 omnes
487 371 550 410 per
577 364 671 407 gesta
694 364 754 393 tua
775 355 922 408 perdes3
945 364 1065 394 contra
1082 370 1166 395 vero
1182 357 1212 395 si

260 429 450 470 antequam
482 416 635 455 multum
665 414 789 455 damni
823 415 991 466 accedat,
1021 425 1056 454 et
1079 426 1212 470 segetes

261 480 494 527 inundentur,
517 478 684 530 nequitiae
701 478 839 518 canales
857 479 1082 518 obstruxeris
1098 509 1108 528 ,
1133 493 1213 532 quae

261 540 398 594 pendita
414 549 497 579 sunt
513 554 720 593 recuperare
738 539 870 593 poteris
882 570 892 587 ‚
914 540 1028 591 iisque
1046 554 1116 579 non
1135 555 1212 581 mo-

257 600 378 640 dicam
415 602 650 640 accessionem
680 601 807 640 facere.
834 602 926 648 Quae
953 604 1072 640 omnia
1095 611 1211 642 tecum

258 671 427 716 reputans
443 672 571 702 excute
585 662 783 716 pulverem,
799 663 844 702 de
858 672 948 701 terra
962 677 1079 716 surge,
1093 672 1127 702 et
1141 664 1211 703 eris

258 722 462 762 adversario
475 723 715 762 formidabilis
735 739 743 761 :
762 724 837 776 ipse
854 724 987 777 quippe
1006 733 1039 763 te
1057 734 1212 778 prostra-

258 784 336 834 vit,
355 784 456 836 quasi
475 799 544 823 non
563 794 806 823 surrecturum
826 799 996 838 umquam
1016 801 1024 822 :
1043 786 1073 824 si
1093 795 1211 825 autem

259 854 294 884 te
313 860 454 885 rursum
471 845 604 884 viderit
621 846 746 884 erectis
767 855 885 885 contra
903 846 1083 897 manibus,
1105 847 1212 886 inex-

259 915 412 958 spectata
439 921 478 945 re
501 907 705 960 perculsus,
734 907 876 959 segnior
895 907 960 946 crit
979 907 1026 946 ad
1046 916 1079 947 te
1095 908 1213 947 denuo

259 967 562 1019 supplantandum
580 983 589 1016 ;
612 977 648 1005 tu
673 983 757 1006 vcro
776 969 913 1007 firmior
931 968 1075 1017 evades,
1107 980 1144 1008 ut
1165 984 1208 1008 ne

260 1027 401 1079 plagam
431 1028 639 1080 hujusmodi
667 1028 785 1068 denuo
813 1029 981 1082 accipias.
1021 1031 1162 1070 Etenim
1183 1031 1213 1069 si

257 1088 410 1126 aliorum
430 1089 648 1128 calamitates
667 1104 730 1128 nos
747 1090 888 1129 erudire
908 1101 1068 1143 possunt,
1094 1093 1208 1131 multo

258 1150 373 1200 magis
400 1150 495 1198 illae,
530 1165 618 1202 quas
645 1152 905 1200 sustinuimus,
935 1166 998 1190 nos
1033 1153 1209 1192 erudient.

257 1210 366 1257 Quod
383 1211 417 1248 in
440 1212 518 1264 ipso
537 1211 650 1264 capite
673 1222 732 1250 tuo
753 1212 960 1264 propediem
980 1227 1036 1251 me
1051 1213 1211 1252 visurum

257 1280 437 1323 exspecto,
453 1281 484 1309 et
504 1281 536 1310 te
553 1273 617 1310 Dei
635 1281 723 1310 nutu
745 1273 1022 1324 splendidiorem
1038 1275 1212 1322 futurum,

256 1341 290 1369 ct
312 1340 443 1369 tantam
464 1333 631 1370 virtutem
652 1333 916 1380 exhibiturum,
947 1343 985 1372 ut
1005 1335 1111 1373 etiam
1130 1336 1212 1374 aliis

256 1391 330 1429 illic
360 1393 574 1444 patrocinari
604 1393 731 1432 valeas.
757 1394 914 1432 Tantum
946 1408 989 1433 nc
1018 1395 1209 1448 desperes,

257 1467 369 1504 neque
389 1454 554 1492 concidas
572 1469 578 1490 ε
597 1454 664 1493 boe
679 1454 772 1492 enim
791 1455 855 1493 tibi
876 1455 911 1493 in
927 1456 1023 1494 omni
1041 1460 1212 1496 sermonis

257 1527 471 1565 congressu,
504 1515 721 1566 ubicumque
747 1525 780 1554 te
809 1515 960 1565 videro,
995 1527 1029 1555 et
1058 1519 1212 1557 aliorum

256 1575 364 1612 etiam
390 1589 450 1613 ore
470 1585 627 1627 repetere
647 1590 714 1615 non
736 1578 880 1615 cessabo
901 1594 908 1614 ε
928 1578 1024 1628 quod
1042 1580 1070 1617 si
1089 1580 1213 1619 audie-

259 1636 323 1682 ris,
346 1636 426 1674 aliis
445 1637 601 1689 amplius
621 1638 785 1676 remediis
806 1653 874 1676 non
894 1639 1025 1690 egebis.

1235 858 1260 889 E

304 1747 318 1762 ‘
340 1740 445 1775 Saxil.
462 1750 494 1773 ct.
512 1754 594 1773 uuus
608 1747 796 1783 ἀποτὶνκξαι.

1286 213 1491 244 aucun-29.
1525 212 1882 246 CONSTAN‘HNOP.

1283 296 1341 336 τὸν
1357 298 1515 340 ἀπολεῖς·
1532 296 1572 334 ἂν
1594 295 1629 334 δὲ
1648 295 1729 348 πρὶν
1752 296 1775 342 ἢ
1801 295 1934 344 πολλὴν
1960 297 2125 348 γενέσθαι
2153 297 2217 345 τὴν
2237 300 2301 346 ζη-

1285 357 1381 408 μίαν,
1403 357 1463 396 καὶ
1482 364 1552 396 πᾶν
1572 358 1827 402 ἐπικλυσθῆναι
1844 358 1884 397 τὸ
1898 357 2078 410 γεώργιον,
2098 359 2301 411 ἀποφράξῃς

1283 421 1345 466 τῆς
1364 419 1490 462 κακίας
1507 418 1585 462 τοὺς
1604 416 1754 469 ὀχετοὺς,
1770 417 1886 457 καὶτὰ
1905 419 2136 472 διαφθαρέντα
2151 421 2304 468 ἀνακτή-

1283 483 1412 518 σασθαι
1435 479 1564 531 δυνήσῃ
1587 480 1712 526 πάλιν,
1732 478 1793 516 καὶ
1814 479 1936 531 ἑτέραν
1959 480 2074 524 αὐτοῖς
2098 485 2302 533 προσθεῖναι

1283 539 1391 592 φορὰν
1411 542 1449 578 οὗ
1472 540 1612 591 μικράν.
1632 538 1742 590 Ἅπερ
1769 539 1908 578 ἅπαντα
1931 540 2160 591 λογισάμενος
2178 544 2192 561 ⁶
2208 544 2301 580 ἀπο-

1282 600 1417 645 τίναξον
1437 602 1496 640 τὸν
1515 606 1612 653 χοῦν,
1628 600 1797 646 ἀνάστηθι
1817 601 1887 639 ἀπὸ
1902 603 1965 647 τῆς
1985 604 2061 653 γῆς,
2080 601 2140 639 καὶ
2160 601 2303 655 φοὸερὸς

1281 661 1343 713 ἔσῃ
1360 665 1410 716 τῷ
1429 663 1684 714 ἀνταγωνιστῇ·
1701 661 1800 706 αὐτὸς
1815 659 1878 711 μὲν
1895 662 1963 713 γάρ
1979 677 2018 700 σε
2034 660 2241 709 κατέὸαλεν,
2256 662 2303 703 ὡς

1281 723 1343 760 οὐκ
1360 723 1641 773 ἀναστησόμενον
1661 722 1782 761 λοιπόν
1797 737 1805 745 ·
1823 722 1864 759 ἂν
1889 722 1926 760 δὲ
1945 722 2002 774 ἴδῃ
2024 721 2130 760 πάλιν
2150 722 2212 766 τὰς
2230 727 2304 774 χεῖ-

1283 800 1343 836 ρας
1367 785 1595 837 ἀνταίροντα,
1621 787 1671 837 τῷ
1700 783 1954 836 ἀπροσδοκήτῳ
1974 783 2119 835 πληγεὶς
2132 813 2143 832 ,
2162 783 2306 836 ὀκνηρό-

1281 860 1378 897 τερος
1397 845 1496 883 ἔσται
1515 846 1601 897 πρὸς
1619 845 1659 882 τὸ
1675 845 1904 884 ὑποσκελίσαι
1920 861 1959 884 σε
1980 845 2085 884 πάλιν
2102 874 2112 892 ,
2139 845 2242 888 αὐτὸς
2267 843 2303 884 δὲ

1282 907 1540 959 ἀσφαλέστερος
1568 907 1629 959 ἔσῃ
1653 907 1737 959 πρὸς
1763 907 1803 946 τὸ
1830 907 1958 958 μηκέτι
1978 911 2120 958 τραῦμα
2151 910 2304 945 τοιοῦτον

1281 967 1416 1006 λαὸεἰν.
1439 968 1482 1006 Εἰ
1501 967 1568 1020 γὰρ
1587 971 1622 1006 αἱ
1642 971 1711 1006 τῶν
1735 969 1852 1007 ἄλλων
1867 972 1962 1019 ἡμᾶς
1979 968 2097 1006 ἱκαναὶ
2118 969 2304 1006 παιδεῦσαι

1283 1028 1485 1080 συμφοραὶ,
1521 1030 1642 1080 πολλῷ
1675 1030 1807 1079 μᾶλλον
1838 1029 1876 1072 ἃς
1897 1028 1907 1050 ¹
1924 1029 2160 1079 ὑπεμείναμεν
2191 1027 2301 1066 αὐτοί.

1281 1087 1400 1141 αΟπερ
1418 1089 1478 1127 καὶ
1495 1090 1554 1127 ἐπὶ
1572 1093 1634 1136 τ’ἧς
1652 1092 1714 1136 σῆς
1732 1091 1916 1141 προσδοκῶ
1932 1090 2067 1142 ταχέως
2085 1090 2230 1141 ὄψεσθαι
2244 1103 2305 1126 κε-

1283 1151 1396 1201 φαλῆς
1409 1179 1418 1196 ,
1450 1150 1509 1188 καὶ
1538 1151 1644 1189 πάλιν
1663 1153 1706 1203 τῇ
1724 1155 1784 1188 τοῦ
1800 1154 1892 1190 Θεοῦ
1911 1154 2001 1203 ῥοπῇ
2023 1149 2248 1203 φαιδρότερόν
2266 1165 2305 1188 σε

1281 1210 1464 1261 γενέσθαι,
1483 1212 1543 1249 καὶ
1561 1212 1731 1257 τοσαύτην
1752 1211 1986 1256 ἐπιδείξασθαι
2003 1212 2065 1258 τὴν
2086 1210 2213 1264 ἀρετὴν
2228 1239 2238 1257 ,
2259 1212 2305 1253 ὡς

1282 1271 1341 1308 καὶ
1362 1271 1488 1324 ἑτέρων
1510 1275 1705 1324 προστῆναι
1724 1275 1805 1311 ἐκεῖ.
1831 1271 1947 1311 Μόνον
1967 1272 2016 1322 μὴ
2036 1274 2195 1324 ἀπογνῷς
2208 1301 2217 1319 ,
2236 1287 2303 1322 μη·

1283 1331 1319 1369 δὲ
1336 1332 1531 1383 ἀναπέσῃς·
1555 1335 1657 1370 τοῦτο
1675 1333 1744 1384 γάρ
1763 1347 1817 1371 σοι
1833 1333 1893 1370 καὶ
1908 1332 2006 1384 παρὰ
2029 1333 2144 1371 πάντα
2164 1333 2222 1370 τὸν
2244 1331 2307 1370 λό-

1281 1407 1342 1442 γον
1359 1421 1368 1437 ,
1385 1392 1445 1430 καὶ
1464 1391 1549 1431 ὅπου
1569 1394 1597 1431 δ’
1617 1393 1657 1430 ἂν
1678 1392 1759 1443 ἴδω,
1777 1394 1836 1431 καὶ
1849 1393 1894 1431 δι’
1916 1394 2043 1446 ἑτέρων
2065 1396 2103 1432 οὐ
2123 1392 2307 1443 παύσομαι

1282 1453 1453 1504 ἐπιλέγων
1470 1469 1477 1476 ·
1500 1454 1563 1492 κᾶν
1584 1453 1703 1493 τούτου
1726 1455 1889 1506 ἀκούσῃς,
1907 1455 2023 1494 οὐκέτι
2042 1454 2149 1507 δεήσῃ
2167 1453 2307 1507 φαρμά-

1283 1530 1352 1552 κων
1377 1514 1516 1567 ἑτέρων.

1347 1748 1361 1772 s
1389 1746 1535 1788 Quidam
1551 1749 1628 1781 Mss.
1652 1752 1868 1793 ὑπομείνωμεν,
1887 1761 1971 1782 unus
1987 1752 2184 1794 ὑπομένομεν.

404 1973 671 2013 EJUSDEM
706 1976 778 2013 AD
817 1975 1071 2016 EUMDEM

506 2096 851 2155 THEODOR
861 2100 963 2156 UM

572 2250 680 2275 mulin
705 2251 914 2277 SECUNDUS.

317 2356 351 2392 1.
365 2353 402 2393 Si
422 2354 524 2393 ssctus
537 2364 676 2407 possent
689 2366 722 2394 et
739 2357 890 2407 gemitus
908 2372 969 2409 per
983 2358 1102 2397 literas
1116 2360 1217 2398 exhi·

262 2415 595 2468 be1·i‚l1isrcpletam
606 2417 790 2469 epistolam
801 2419 846 2456 ad
861 2419 1089 2459 [emisissem.
1106 2421 1217 2472 Equi·

260 2475 341 2513 dem
363 2476 443 2524 ssco,
462 2490 528 2514 non
545 2477 642 2528 quod
659 2487 886 2529 paternarum
904 2494 1020 2518 rerum
1041 2482 1219 2520 sollicitu-

259 2536 378 2574 dinem
400 2551 502 2588 geras
520 2568 531 2587 ,
564 2538 624 2576 scd
653 2539 748 2591 quod
768 2554 810 2578 ex
832 2541 980 2580 fratrum
1004 2551 1038 2580 tc
1056 2543 1218 2595 catalogo

260 2598 549 2650 deleveris,quod
562 2610 662 2652 pacta
673 2616 751 2638 cum
762 2602 904 2641 Christo
915 2603 1002 2642 inita
1012 2605 1218 2645 calcaveris,

264 2659 315 2696 Ad
334 2659 408 2697 lucc
426 2660 566 2709 horreo,
582 2677 688 2714 super
702 2663 756 2700 his
770 2678 894 2715 angor,
912 2675 1094 2718 propterca
1112 2667 1218 2705 timeo

263 2729 296 2757 et
315 2730 439 2763 tremo.
459 2736 590 2771 gnarus
609 2724 734 2762 horum
753 2736 969 2765 contemtum
987 2741 1153 2779 magnam
1168 2729 1219 2765 as-

263 2782 354 2819 scrrc
364 2783 693 2823 condemnationem
707 2786 823 2838 iis,qni
836 2788 869 2826 in
882 2803 1016 2827 sacram
1027 2789 1219 2827 liaucmili-

265 2842 350 2880 tiam
363 2843 549 2895 adscripti,
564 2860 624 2896 per
633 2847 816 2897 segnitiem
831 2848 990 2888 ordinem
1002 2864 1106 2888 suum
1121 2850 1218 2889 desc-

266 2913 424 2941 rucrunt.
446 2905 551 2951 Quod
569 2916 684 2943 autem
702 2909 920 2961 supplicium
941 2910 983 2948 iis
1000 2910 1216 2948 destinatum

265 2964 412 3015 gravius
428 2965 488 3015 sit,
509 2967 561 3005 vcl
578 2981 622 3004 ex
639 2968 765 3020 reipsa
784 2970 930 3022 planum
946 2980 1009 3009 est.
1031 2972 1218 3010 Privatum

310 3096 323 3110 ¹·
339 3086 394 3119 Sic
408 3088 522 3121 Morcl.
540 3098 573 3122 ct,
588 3102 669 3122 unum
685 3091 866 3125 Cod.Coll›
885 3107 893 3135 3
909 3094 990 3127 alius
1007 3096 1085 3127 ‘uem
1103 3094 1201 3127 Colb.
1222 3101 1273 3130 τοῦ

271 3143 362 3173 αὐτοῦ
376 3146 448 3182 πρὸς
467 3148 518 3175 τὸν
530 3147 616 3177 αὐτὸν
633 3149 771 3184 tracto»,
789 3147 832 3188 β’.
851 3147 983 3179 'seruus
998 3148 1094 3182 Coll).
1114 3155 1166 3183 τοῦ
1184 3154 1274 3183 abab

269 3198 341 3235 πρὸς
350 3199 400 3226 τὸν
414 3198 502 3228 αὑτὸν
512 3199 664 3238 mmmm„
682 3206 888 3243 πνραινετικός
901 3206 929 3234 ἐν
946 3204 1013 3234 efflat
1026 3205 1178 3239 ὶπιπολῆς
1190 3205 1272 3244 λόγος

267 3243 311 3283 β’.
331 3242 342 3288 [
359 3244 461 3279 Smil.
483 3256 692 3291 Χρυτοστὸμω
711 3256 780 3293 προ,-
806 3267 835 3284 τ.
862 3258 950 3286 amu
972 3263 1009 3285 ω.
1036 3259 1196 3288 iamai-:rx
1222 3260 1273 3288 τοῦ

268 3303 408 3342 ἐναρέτου
420 3305 498 3343 βίου,
513 3304 575 3342 λογ.
590 3302 647 3343 α’.]
658 3303 841 3335 (hir-'nutem
862 3304 927 3335 lui-r
946 3305 1096 3347 Epistola
1112 3307 1154 3337 ud
1165 3306 1275 3338 ’Πιθο-

268 3349 400 3389 «lorum,
419 3364 490 3394 quae
509 3364 581 3384 vere
596 3353 738 3385 secunda
757 3364 823 3390 «nst,
845 3358 948 3397 prim-i
970 3357 1096 3389 locetur
1121 3360 1152 3390 in
1179 3358 1266 3391 Edit.

268 3402 368 3437 Saxil.
400 3405 432 3437 iu
450 3405 576 3439 Monito
596 3405 722 3439 ‹liituiu
743 3407 812 3440 suit.
837 3409 936 3441 ,δἠκίΙ.
957 3418 984 3440 ιι
1009 3423 1088 3442 uuus
1106 3413 1150 3443 :tw
1180 3412 1274 3444 initio

1557 1984 1571 2000 ‘²
1590 1983 1693 2021 ΤΟΥ
1723 1983 1892 2022 ΑΥΤΟΥ
1923 1985 2057 2023 ΠΡΟΣ

1330 2117 1479 2169 TON
1530 2118 1779 2171 AYTON
1837 2121 2224 2175 ΘΕΟΔΩΡΟΝ

1629 2266 1744 2292 ΛΟΓΟΣ
1770 2267 1812 2292 Ali
1818 2268 1952 2293 ΥΤΙΞΡΟΣ
1958 2284 1964 2291 .

1343 2361 1387 2398 Εἰ
1409 2359 1543 2412 δάκρυα
1562 2359 1622 2399 καὶ
1637 2360 1851 2412 στεναγμοὺς
1866 2355 1909 2409 ἧν
1929 2360 1987 2400 διὰ
2007 2363 2227 2414 γραμμάτων
2248 2364 2310 2412 δη·

1288 2423 1454 2469 λοῦσθαι,
1485 2421 1617 2459 τούτων
1648 2423 1688 2459 ἄν
1719 2437 1774 2460 σοι
1805 2422 1868 2469 τὴν
1905 2422 2091 2469 ἐπιστολὴν
2126 2424 2311 2474 ἐμπλήσας

1290 2483 1492 2522 ἀπέστειλα.
1508 2483 1658 2534 Δακρύω
1679 2484 1714 2523 δὲ
1731 2485 1797 2536 οὐχ
1817 2483 1868 2522 ὅτι
1888 2484 2078 2536 φροντίζεις
2089 2485 2310 2537 πραγμάτων

1289 2545 1462 2597 πατριξκυν
1475 2575 1484 2592 ,
1503 2545 1581 2584 ἀλλ’
1596 2545 1648 2584 ὅτι
1662 2551 1722 2584 τοῦ
1737 2546 1933 2596 καταλόγου
1951 2548 2019 2583 τῶν
2036 2546 2194 2598 ἀδελφῶν
2208 2561 2310 2584 σεαυ·

1289 2606 1346 2644 τὸν
1366 2607 1548 2658 ἐξήλειψας
1567 2636 1575 2650 ,
1607 2606 1659 2645 ὅτι
1687 2607 1748 2651 τὰς
1766 2607 1851 2658 πρὸς
1872 2607 1930 2645 τὸν
1958 2607 2109 2660 Χριστὸν
2137 2607 2311 2654 συνθήκας

1289 2667 1482 2713 ἐπάτησας.
1505 2668 1630 2705 Ταῦτα
1663 2667 1819 2719 φρίττω,
1846 2667 1904 2705 ἐπὶ
1933 2667 2066 2711 τούτοις
2097 2668 2219 2718 ἀλγῶ,
2253 2668 2309 2706 διὰ

1291 2733 1400 2767 ταῦτα
1421 2727 1595 2780 φοίῖοῧμαι
1618 2729 1677 2766 καὶ
1698 2729 1828 2779 τρέμω.
1854 2727 1869 2748 ¹¹
1885 2730 1899 2778 [
1915 2728 2026 2772 Ιίἰδὼς
2054 2731 2100 2772 ὡς
2127 2732 2148 2776 ἠ
2180 2728 2310 2768 τούτων

1291 2789 1453 2836 ἀθέτησις
1472 2788 1627 2840 μεγάλην
1648 2789 1767 2834 ἐπάξει
1787 2788 1851 2835 τὴν
1871 2789 2062 2835 καταδίκην
2081 2795 2150 2834 τοῖς
2176 2791 2222 2833 εἰς
2247 2790 2310 2838 τὴν

1291 2849 1400 2896 καλὴν
1417 2849 1742 2902 ἀπογεγραμμένοις
1756 2850 1941 2902 στρατείαν
1953 2879 1962 2895 ,
1981 2850 2039 2888 καὶ
2061 2850 2117 2888 διὰ
2139 2851 2311 2903 ῥαθυμίαν

1290 2911 1352 2958 τὴν
1373 2912 1502 2948 οἰκείαν
1522 2911 1618 2954 τάξιν
1636 2912 1878 2949 ἀπολιποῦσιν.
1898 2910 1984 2948 “Ort
2005 2911 2038 2948 δὲ
2056 2918 2126 2955 τοῖς
2146 2911 2311 2953 τοιούτοις

1290 2977 1312 3020 ἡ
1333 2971 1475 3015 κόλασις
1497 2971 1693 3025 βαρυτέρα,
1716 2973 1831 3019 δῆλον·
1848 2974 2014 3011 ἐντεῦθεν.
2042 2974 2049 3023 l
2070 2972 2230 3020 Ἰδιώτην
2248 2973 2310 3024 μὲν

1309 3095 1432 3127 hahent
1447 3101 1470 3130 εἰ
1496 3100 1544 3129 καὶ
1562 3099 1674 3140 δάκρυα
1687 3123 1695 3137 ,
1715 3104 1778 3128 etc.
1798 3095 1898 3128 l'aulo
1927 3104 2003 3139 post
2018 3095 2086 3128 duo
2102 3097 2176 3130 les.
2195 3100 2313 3144 δακρὺω

1308 3151 1337 3181 δὲ
1356 3155 1423 3191 ἐγώ.

1351 3202 1368 3226 t,
1394 3201 1471 3232 llsec
1489 3213 1562 3243 qum
1580 3201 1706 3233 uncinis
1723 3199 1958 3235 includuntur.
1978 3202 2011 3233 in
2030 3200 2118 3234 Edit.
2138 3201 2251 3234 Morel.
2279 3210 2310 3234 ct

1309 3255 1342 3286 in
1359 3251 1514 3285 omuibus
1529 3255 1604 3286 st.
1623 3255 1744 3288 nostris
1758 3252 2000 3285 desiderantur.
2018 3253 2084 3286 Sed
2101 3265 2137 3284 ea
2155 3254 2201 3285 sic
2219 3254 2313 3285 unci-

1311 3307 1360 3338 nis
1385 3307 1510 3338 inclusa
1543 3306 1641 3338 rvscn
1668 3306 1778 3338 Editio
1806 3306 2202 3349 Saviliuuu:optimeque
2229 3318 2309 3348 quw

1308 3356 1408 3390 ‹lruut
1426 3357 1469 3389 nd
1496 3371 1646 3395 sensum,
1669 3359 1712 3390 ita
1733 3366 1762 3390 ut
1785 3358 1870 3391 luisse
1889 3358 2008 3391 ‹lvmtis
2031 3358 2221 3402 imperfecta
2238 3370 2294 3391 scu
2309 3376 2315 3381 ·

1313 3412 1414 3444 u-nun
1433 3410 1593 3444 sidvatur.
