2513 3871
302 220 396 276 4t2
711 230 751 260 S.
789 228 975 260 soumis
1010 227 1252 259 cttnt'sosr.
1292 228 1498 260 ancttttzt‘.
1531 229 1889 263 CONSTathNOP.

302 313 642 363 insultantibusque,
661 311 774 349 multa
791 325 933 362 quoqne
951 319 1069 361 strage
1091 319 1218 348 cuncta
1235 310 1452 362 replentibus
1472 341 1480 357 ‚
1497 311 1549 349 sic
1576 314 1826 365 prosequitur:
1847 315 2002 367 Ecquid
2021 330 2112 354 vcro
2132 319 2288 363 mir-eun,
2309 320 2339 355 u·

301 375 415 412 multi
443 387 490 411 ez·
522 373 681 410 ducibus
713 373 785 410 hoc
818 373 932 410 modo
960 374 1188 410 interierunt
1203 401 1215 417 ,
1250 373 1411 423 quando
1438 381 1474 410 et
1506 375 1726 425 Imperator
1749 379 1828 427 ipse
1860 379 1899 413 in
1931 379 2022 414 vieo
2054 379 2222 428 quodam
2254 392 2345 417 cum

296 437 431 485 paucis
451 433 638 470 militibus
656 433 859 471 conclusus
873 462 883 475 ,
900 435 1004 471 crire
1018 433 1174 485 quidem
1189 441 1226 470 et
1242 446 1325 471 sese
1345 434 1618 473 invadentibus
1644 449 1834 487 opponere
1850 440 2009 474 me'm‘me
2032 451 2150 475 misus
2169 447 2225 476 est
2244 468 2253 483 ,
2276 439 2347 476 secl

299 499 401 532 intus
416 507 578 532 manens
597 507 761 532 accenso
780 496 830 532 ab
849 494 929 532 illis
945 497 1032 546 igne
1046 508 1126 532 una
1154 508 1244 533 cum
1271 497 1318 532 iis
1344 496 1530 541 omm'bus,
1550 509 1646 547 quos
1664 511 1793 535 secum
1810 498 1994 546 habebat,
2018 500 2237 537 combustus
2256 508 2313 538 est
2330 516 2343 543 ;

299 568 366 593 nec
378 557 476 592 viris
490 555 631 599 solum,
653 556 722 593 sed
735 556 855 594 etiam
870 558 979 607 equis
994 565 1030 594 et
1047 558 1222 595 trabibus
1236 565 1272 595 et
1291 562 1408 596 nutris
1426 566 1462 595 ct
1477 561 1583 595 omni
1587 560 1654 597 bus
1668 561 1710 596 in
1723 573 1842 597 unum
1858 567 1975 610 atque
1989 561 2163 598 eumdem
2178 563 2345 599 cinerem

298 617 530 654 abeuntibus
547 620 564 654 ?

351 677 390 715 In
409 676 506 715 hisce
520 677 708 729 postremis
728 677 975 730 Chrysostomi
1003 677 1112 717 dictis
1139 678 1376 717 miserandam
1396 679 1561 718 valentis
1579 679 1805 732 Imperatoris
1831 694 1953 720 necem
1976 680 2129 719 describi
2162 681 2344 733 liquidum

296 748 358 777 est.
388 736 529 776 Accidit
560 738 620 776 illa
651 753 744 776 anno
771 741 872 784 578,
889 741 911 778 5
930 739 1017 778 Idus
1034 742 1202 791 Augusti,
1222 750 1328 792 atquc
1346 740 1434 778 adeo
1452 750 1529 793 post
1552 740 1618 779 boc
1636 750 1776 793 tempus
1795 742 1925 781 emissa
1949 742 2014 780 suit
2031 742 2103 781 lutee
2127 742 2173 781 ad
2196 743 2346 783 viduam

294 799 473 851 juniorem
493 799 696 852 paraenesis.
719 802 767 838 L't
782 815 889 852 porro
908 815 952 840 ex
971 801 1051 840 aliis
1067 802 1144 853 ejus
1160 801 1388 840 verbisediti
1411 802 1575 853 opusculi
1599 816 1733 840 annum
1754 802 1923 841 subtilius
1942 803 2186 856 exploremus,
2203 804 2346 855 singula

297 860 423 899 ordine
442 875 696 914 persequamur
723 871 873 914 oportet.
907 864 968 900 Ex
993 863 1294 914 κοι·ι’1η,ἱηι]ιιίι,
1314 866 1381 914 qui
1413 873 1544 901 nostro
1577 878 1655 901 ‹et-o
1688 867 1937 914 imperarunt,
1959 866 2017 903 ἐπὶ
2049 868 2111 910 τῆς
2137 872 2255 916 γενεᾶς
2283 868 2345 912 τῆς

298 922 484 974 ἡμετέρας.
503 923 581 960 duo
597 923 670 960 soli
683 926 879 961 commum·
900 933 1017 962 morte
1038 927 1164 962 vitam
1186 925 1424 962 clauserunt.
1459 925 1502 962 lli
1533 939 1659 962 novem
1688 926 1921 977 Imperatores
1945 941 2019 965 esse
2045 926 2227 973 videntur,
2251 928 2344 966 Con-

298 985 461 1029 stantius,
474 993 506 1021 et
527 983 593 1021 lilii
610 985 686 1035 ejus
704 985 972 1029 Constantinus,
993 986 1220 1023 Constantius
1236 995 1268 1024 et
1288 987 1461 1023 Constans
1481 1002 1487 1022 :
1509 995 1698 1037 posteaque
1718 986 1863 1032 Gallus,
1878 987 1939 1037 qui
1966 987 2044 1025 licet
2062 988 2178 1025 (kesar
2207 996 2343 1027 tantuna

297 1045 401 1084 suerit
419 1074 429 1092 ,
447 1044 505 1082 hic
525 1053 640 1083 tamen
670 1055 885 1084 memoratur
917 1046 1113 1084 trucidatus
1130 1047 1175 1084 ab
1191 1063 1248 1096 eo,
1275 1047 1336 1097 qui
1359 1050 1430 1097 ipsi
1451 1060 1663 1097 purpuram
1684 1049 1917 1098 imposuerat
1939 1079 1948 1094 ,
1966 1062 2093 1100 nempe
2112 1049 2342 1097 (bustantim

296 1115 419 1144 sextus
451 1106 616 1145 Julianus
631 1137 641 1155 ,
671 1107 844 1158 septimus
879 1107 1054 1146 =Iovianus
1084 1137 1093 1154 ‚
1129 1116 1276 1144 octavus
1295 1107 1568 1145 Valentinianus
1595 1108 1732 1159 primus
1749 1138 1758 1155 ,
1790 1122 1902 1146 nonus
1939 1109 2082 1148 Valens.
2119 1111 2209 1148 Nam
2247 1110 2344 1161 quod

297 1166 568 1204 Constantinum
582 1166 677 1204 dicat
691 1176 871 1206 mortuum
902 1169 959 1206 ἐπὶ
980 1171 1041 1213 τῆς
1071 1174 1190 1218 γενεᾶς
1222 1170 1284 1213 τῆς
1304 1167 1490 1218 ἦμετέρας,
1505 1182 1585 1205 ‹et-0
1608 1178 1736 1206 nostro
1752 1199 1761 1216 ,
1782 1170 1836 1207 vel
1857 1169 1903 1207 ad
1920 1170 2079 1215 literam,
2097 1174 2344 1221 generatione

298 1235 446 1271 nostra,
463 1227 599 1264 etiamsi
617 1226 646 1264 is
661 1236 742 1264 ante
758 1227 1004 1279 Clirysostomi
1022 1237 1142 1265 ortum
1165 1228 1309 1276 obierit,
1334 1228 1422 1266 nihil
1442 1229 1583 1265 mirum.
1601 1228 1741 1266 Etenim
1758 1239 1992 1280 przeterquam
2007 1230 2103 1281 qnod
2126 1231 2160 1268 in
2179 1245 2277 1270 more
2294 1242 2346 1270 est

295 1301 333 1325 ea
354 1301 430 1325 :evo
446 1296 565 1324 nostro
576 1287 695 1324 dicere
712 1288 802 1325 sacta
815 1317 825 1335 ,
836 1303 914 1339 qua:
930 1298 1070 1340 patrum
1090 1297 1292 1327 nostrorum
1315 1299 1473 1340 tempore
1495 1289 1730 1339 contigerunt,
1746 1289 1782 1326 id
1797 1289 1895 1341 apud
1912 1290 2031 1342 ipsum
2047 1290 2343 1342 chrysostomum

298 1349 466 1386 usitatum
487 1348 698 1401 reperimus,
714 1349 775 1399 qui
796 1349 952 1387 Humilia
973 1350 1044 1389 XV
1062 1349 1107 1387 ad
1122 1349 1368 1403 Philippenses
1384 1350 1474 1390 dicit
1493 1351 1633 1388 Fausta:
1656 1350 1780 1391 uxoris
1799 1351 2024 1389 Constantini
2043 1365 2163 1390 necem
2175 1366 2242 1395 suo
2258 1361 2345 1390 tem-

236 1428 280 1451 ,ῃ
297 1422 381 1461 pore
400 1408 602 1460 contigisse,
625 1410 682 1447 ἐπὶ
702 1412 771 1447 τῶν
790 1410 925 1462 χρόνων
945 1413 1014 1449 τῶν
1033 1410 1230 1464 ἡμετέρων.
1254 1412 1311 1450 Ex
1336 1412 1379 1449 iis
1405 1411 1522 1462 itaque
1541 1424 1667 1449 novem
1685 1411 1966 1463 Imperatoribus
1985 1411 2058 1450 duo
2075 1412 2141 1450 soli
2160 1413 2342 1451 communi

297 1479 409 1509 morte
435 1470 545 1509 vitam
577 1470 805 1518 clauserunt,
826 1470 993 1509 videlicet
1022 1472 1274 1510 Constantinus
1298 1482 1331 1511 ct
1363 1472 1592 1512 Constantius
1621 1473 1698 1524 ejus
1727 1473 1836 1510 lilius.
1860 1474 1917 1511 Ex
1941 1473 2088 1524 reliquis
2109 1487 2195 1512 vero
2214 1474 2308 1512 alius
2323 1490 2343 1513 a

296 1541 448 1584 tyranno
464 1531 600 1569 occisus
623 1540 690 1578 est,
713 1545 837 1584 nempe
847 1532 1020 1570 Constans
1034 1546 1053 1569 a
1077 1533 1304 1584 Magnenti03
1322 1533 1414 1571 alius
1433 1534 1469 1571 in
1486 1533 1582 1572 bello
1605 1533 1723 1585 periit,
1743 1533 1912 1571 nimirum
1928 1535 2182 1572 Constantinus
2195 1535 2344 1587 junior3

297 1592 388 1631 alius
406 1592 680 1631 domesticorum
694 1592 882 1631 custodum
899 1593 1043 1632 insidiis
1060 1609 1067 1630 :
1089 1594 1117 1631 is
1136 1603 1187 1632 cst
1206 1595 1398 1643 Jovianus,
1414 1594 1493 1645 qui,
1512 1604 1550 1632 ut
1571 1594 1675 1633 refert
1691 1593 1844 1638 suidas,
1859 1605 2035 1633 venenato
2052 1595 2133 1634 cibo
2150 1596 2347 1635 exstinctus

295 1662 362 1700 est,
379 1657 518 1704 μυκῆτα
537 1654 835 1706 πεφαρμαγμένον
855 1655 988 1707 φαγών,
1001 1655 1097 1705 quod
1113 1655 1189 1707 ipse
1204 1655 1483 1708 Cbrysostomus
1501 1656 1689 1693 confirmat
1714 1655 1820 1693 llom.
1840 1656 1909 1695 XV
1925 1656 1971 1694 ad
1997 1657 2256 1710 Philippenses,
2280 1658 2348 1696 ὕπὸ

297 1715 518 1767 δηλητηρίων
538 1716 692 1768 ἀνῄρητο
713 1716 923 1766 φαρμάκων.
946 1715 1046 1753 Alius
1061 1715 1108 1753 ab
1122 1716 1184 1753 illo
1202 1717 1278 1768 ipso
1298 1747 1308 1762 ,
1328 1717 1388 1767 qui
1408 1731 1606 1768 purpuram
1627 1717 1867 1768 imposuerat,
1890 1717 2023 1755 scilicet
2047 1718 2176 1757 Gallus
2193 1718 2311 1757 Caesar
2325 1734 2344 1757 a

298 1776 514 1814 Constantio.
544 1776 719 1814 Hactenus
749 1777 1040 1829 Clirysostomus‚
1058 1778 1118 1828 qui
1153 1778 1187 1815 in
1216 1778 1415 1815 recensione
1443 1778 1663 1828 reliquorum
1691 1777 1800 1815 trium
1833 1778 2028 1816 violentam
2060 1788 2209 1818 mortem
2239 1789 2344 1829 tacet,

297 1837 433 1875 ,tuliani
457 1843 597 1889 nempe,
610 1837 672 1888 qui
688 1851 771 1875 cum
797 1839 912 1876 Persis
930 1851 1092 1890 pugnans
1112 1840 1248 1877 occisus
1262 1849 1311 1878 est
1324 1841 1583 1885 3Valentiniani
1601 1839 1722 1892 primi,
1735 1839 1795 1890 qui
1814 1853 1895 1878 cum
1913 1840 2124 1887 Quadorum
2143 1841 2266 1893 legatis
2287 1856 2345 1880 re-

299 1897 486 1949 sponderet
507 1898 629 1943 iratus,
646 1898 823 1950 profluvio
838 1899 1021 1950 sanguinis
1048 1900 1242 1942 suffocatus
1262 1901 1450 1954 derepente
1479 1901 1628 1946 interiit,
1651 1910 1685 1939 ct
1705 1900 1879 1949 Valentis,
1894 1915 1998 1952 quem
2025 1912 2145 1954 postea
2175 1913 2295 1942 narrat
2325 1918 2345 1941 a

298 1959 430 1997 Gothis
452 1957 690 1998 combustum.

351 2021 458 2070 Quod
476 2030 609 2073 spectat
633 2030 751 2059 autem
771 2021 816 2059 ad
846 2022 1093 2061 detunctorum
1111 2025 1372 2076 Imperatorum
1392 2038 1523 2063 uxores
1535 2054 1544 2070 ‚
1560 2038 1648 2075 quas
1665 2023 1795 2076 partim
1813 2037 1946 2062 veneno
1961 2024 2090 2076 partim
2111 2039 2261 2064 moerore
2279 2040 2345 2065 ex-

299 2081 444 2119 stinctas
472 2081 584 2129 dicit,
599 2082 733 2119 nullam
762 2082 826 2119 liae
854 2083 888 2121 in
916 2098 953 2122 re
974 2083 1134 2122 historici
1158 2085 1259 2123 nobis
1282 2086 1396 2123 lucem
1424 2085 1637 2123 ministrant.
1661 2085 1717 2123 Ex
1741 2083 1884 2123 duabus
1904 2094 2023 2123 antem
2041 2099 2120 2136 quse
2134 2087 2345 2138 superstites

299 2153 415 2190 erant,
435 2157 514 2194 qua¹
532 2143 670 2195 pupillo
690 2143 765 2180 silio
785 2143 930 2182 timebat
952 2159 994 2182 ne
1009 2145 1089 2195 quis
1107 2146 1366 2198 Imperatorum
1383 2161 1463 2184 cum
1486 2155 1580 2184 metu
1601 2147 1801 2184 futurorum
1819 2144 1866 2183 de
1884 2145 2001 2184 medio
2019 2146 2182 2193 tolleret,
2200 2146 2344 2186 videtur

298 2204 444 2242 omnino
459 2218 532 2242 esse
544 2218 636 2242 uxor
653 2205 810 2251 Ioviani,
830 2206 933 2256 cujus
947 2206 1023 2243 titio
1044 2208 1268 2247 Varroniano
1281 2209 1354 2261 jam
1371 2207 1495 2246 oculus
1508 2208 1754 2246 altercffossns
1769 2208 1898 2252 suerat,
1917 2220 1958 2245 ne
1976 2206 2139 2245 videlieet
2155 2215 2342 2260 paternum

298 2265 488 2317 imperium
505 2266 698 2310 affectaret,
723 2274 828 2316 atque
847 2280 887 2304 eo
908 2276 1040 2318 spectat
1058 2267 1147 2305 illud
1168 2268 1265 2322 φόῧῳ
1279 2272 1348 2308 τῶν
1370 2271 1582 2319 μελλόντων,
1603 2270 1962 2322 melnsuturorum,
1985 2281 2027 2306 nc
2049 2267 2184 2306 scilicet
2198 2277 2345 2324 patemo

293 2327 374 2377 jure
401 2328 595 2378 Imperator
623 2326 808 2364 acclamari
829 2337 956 2378 posset.
979 2328 1062 2365 Haec
1075 2329 1210 2381 quippe
1229 2329 1273 2367 ad
1293 2330 1472 2369 Justinam
1488 2338 1522 2368 et
1540 2330 1656 2367 lilium
1675 2330 1751 2381 ejus
1765 2329 2058 2370 Valentinianum
2079 2328 2255 2380 quadrare
2273 2342 2341 2368 non

296 2396 458 2438 possunt,
475 2387 608 2439 quippe
620 2386 699 2437 qni,
717 2387 798 2425 licet
815 2387 978 2437 tenellus,
996 2389 1194 2442 Imperator
1209 2391 1426 2430 acclamatus
1435 2392 1510 2444 jam
1531 2392 1658 2436 suerat,
1673 2401 1763 2429 etex
1779 2390 1914 2429 familia
1929 2390 2160 2442 Imperatoria
2177 2398 2262 2428 tunc
2277 2389 2343 2428 im-

294 2457 436 2499 perante
451 2456 538 2486 erat.
554 2448 672 2486 Altera
688 2462 773 2487 vero
794 2449 1024 2502 Imperatoris
1049 2450 1236 2503 cujusdam
1256 2451 1414 2490 defuncti
1438 2466 1531 2490 uxor
1544 2481 1553 2499 ,
1569 2466 1648 2503 quze
1669 2452 1732 2490 vix
1752 2452 1948 2490 multorum
1967 2450 2132 2503 precibus
2151 2449 2197 2488 ab
2211 2448 2342 2488 exsiIio

295 2507 457 2555 redierat,
475 2522 638 2558 quaenam
654 2508 714 2555 sit,
738 2508 835 2547 baud
854 2510 901 2547 ita
918 2510 1021 2548 l'acile
1037 2511 1142 2549 statui
1161 2521 1290 2564 potest,
1309 2528 1356 2552 an
1375 2514 1539 2553 Valentis
1554 2527 1646 2552 uxor
1663 2513 1848 2551 Dominiea
1865 2542 1875 2560 ,
1895 2525 1939 2550 an
1957 2511 2076 2564 potius
2090 2511 2220 2550 Severa
2243 2509 2342 2563 prior

296 2569 537 2607 Valentiniani
554 2569 661 2622 primi
680 2584 785 2615 uxor,
807 2570 853 2608 ab
873 2571 936 2609 illo
955 2571 1140 2625 repudiata
1164 2582 1197 2611 et
1216 2574 1250 2611 in
1270 2575 1440 2613 exsilium
1459 2575 1582 2621 missa,
1601 2589 1679 2625 qua:
1698 2574 1864 2612 defuncto
1881 2571 2134 2611 Valentiniano
2148 2571 2196 2610 ob
2213 2570 2342 2610 exsilio

296 2629 450 2668 redierit.
472 2630 562 2667 Ilinc
579 2629 623 2668 ad
650 2644 782 2670 uxores
809 2640 893 2669 tunc
913 2633 1165 2685 imperantium
1187 2635 1431 2686 progreditur,
1452 2649 1604 2686 quarum
1621 2635 1690 2673 alia
1707 2649 1750 2672 ex
1771 2633 1930 2687 pristinis
1948 2631 2210 2670 calamitatibus
2224 2633 2340 2684 roepi·

297 2703 390 2736 rans,
411 2690 579 2728 moerendi
601 2705 743 2729 eausam
762 2691 887 2730 habuit
906 2693 1003 2744 quod
1023 2694 1155 2746 conjux
1170 2695 1247 2747 ejus
1271 2696 1396 2747 junior
1415 2705 1520 2747 atquc
1541 2695 1747 2747 inexpertus
1762 2703 1851 2733 esset
1870 2710 1877 2730 :
1895 2694 1968 2731 luec
1989 2692 2131 2731 videtur
2152 2706 2226 2731 esse
2241 2693 2336 2731 Con—

298 2752 422 2789 »cantia
449 2752 647 2790 Constantii
675 2752 748 2790 fitia
768 2783 777 2799 ‚
805 2754 908 2806 cujus
931 2756 1065 2807 conjnx
1093 2756 1289 2795 Gratianus
1316 2756 1381 2795 vix
1402 2771 1576 2795 annorum
1599 2756 1725 2806 viginti
1761 2765 1845 2793 tunc
1874 2754 2092 2800 crat3altera
2123 2767 2236 2802 vem,
2260 2767 2341 2805 qna:

297 2813 436 2862 conjugi
458 2813 648 2859 metuebat,
668 2813 828 2864 quotidie
848 2815 882 2853 in
899 2815 1002 2854 bellis
1021 2825 1127 2868 atque
1140 2818 1308 2870 periculis
1324 2819 1491 2867 versanti,
1507 2817 1673 2856 Flaccilla
1694 2815 1791 2854 baud
1810 2816 1919 2854 dubie
1938 2824 2030 2864 erat,
2049 2829 2140 2853 uxor
2167 2814 2338 2854 Theodo-

318 2873 360 2910 sii
379 2873 476 2925 Impc
496 2875 635 2912 tatoris.

349 2934 428 2971 Jam
449 2943 486 2971 ut
504 2934 679 2972 calculum
700 2949 874 2987 ponamus
893 2966 902 2982 ,
918 2951 936 2975 a
958 2951 1041 2976 nece
1060 2939 1226 2979 Valentis
1240 2941 1427 2981 exordium
1447 2939 1649 2979 ducendum
1665 2948 1717 2978 est
1732 2954 1741 2986 ;
1759 2953 1800 2977 ea
1826 2939 1973 2988 contigit
1989 2952 2082 2977 anno
2101 2939 2203 2985 378.
2218 2951 2338 2977 menso

302 2997 470 3042 Augusto.
493 2995 692 3046 Insequenti
712 3010 804 3035 anno
820 2999 911 3045 579,
928 3013 1046 3038 mense
1065 3001 1276 3050 Februario,
1295 3002 1520 3042 Theodosius
1542 3016 1560 3039 a
1580 3000 1757 3039 Gratiano
1787 3002 1984 3053 Imperator
2001 2999 2240 3053 proclamatus
2268 3006 2340 3044 ωε,

299 3062 403 3104 atque
418 3055 548 3093 exinde
563 3070 644 3094 cum
662 3058 794 3094 (iotltis
808 3072 900 3110 s-rpe
916 3061 1091 3108 conflixit,
1106 3077 1218 3114 usque
1233 3063 1278 3101 ad
1292 3078 1424 3102 annum
1442 3065 1533 3106 582.
1547 3075 1619 3113 quo
1632 3060 1760 3099 attrita:
1777 3075 1830 3099 res
1853 3060 2055 3098 Gothorum
2074 3061 2231 3097 suerunt.
2244 3059 2340 3097 Dum

300 3113 373 3150 lia-c
389 3129 470 3152 vero
489 3116 652 3153 scriberet
668 3117 959 3169 (Ilirysostomus,
979 3122 1089 3161 Gothi
1104 3124 1224 3162 adbuc
1243 3125 1474 3171 serociebant,
1491 3123 1733 3173 Romanisque
1757 3121 1975 3159 formidolosi
1999 3129 2097 3158 erant
2113 3149 2122 3167 ‚
2138 3128 2176 3157 ut
2195 3118 2256 3157 ille
2272 3119 2337 3165 ait,

300 3174 590 3225 ‘l'beculosiusque
605 3180 645 3213 in
666 3179 766 3216 bello
792 3189 828 3216 et
847 3182 992 3231 prce-liis
1021 3185 1263 3224 versabatur.
1286 3186 1370 3224 ttaec
1389 3186 1499 3238 probe
1520 3193 1719 3237 competere
1747 3191 1893 3235 possunt
1924 3182 1958 3219 in
1993 3194 2127 3219 annum
2148 3180 2251 3227 380,
2267 3193 2340 3231 ‘1¹¹⁰

304 3244 458 3271 tertente
487 3236 626 3274 circiter
658 3253 698 3275 θ’(
732 3241 894 3291 spelunea
920 3272 929 3287 ,
959 3244 1019 3281 ubi
1040 3244 1204 3295 {biennio
1231 3246 1417 3286 delituerat
1442 3276 1451 3292 ,
1487 3244 1709 3284 Antiochiam
1751 3242 1853 3280 rediit
1886 3243 2184 3294 (Il-rysostounts,
2212 3241 2267 3278 vel
2303 3240 2337 3279 in

302 3303 498 3344 sequentem
519 3298 586 3332 3⁸1
605 3329 608 3332 .
631 3299 732 3335 (lm-u·
752 3314 871 3339 ‹unnes
900 3317 1003 3354 supra
1037 3307 1213 3344 recensita·
1243 3318 1332 3346 nota·
1361 3308 1402 3345 ad
1431 3308 1497 3346 boc
1522 3317 1660 3357 tempus
1687 3305 1819 3356 optime
1839 3303 2013 3355 quadrant
2031 3333 2038 3347 ,
2061 3301 2106 3340 ml
2128 3301 2227 3339 aliud
2254 3314 2339 3339 vcro

304 3369 460 3392 uiunune.

356 3417 472 3454 Restat
490 3427 525 3453 nt
546 3417 588 3454 «le
608 3422 759 3467 sopit-nti
781 3423 825 3460 ml
850 3424 1004 3464 N'iduam
1028 3436 1174 3468 ttattatn
1217 3445 1361 3480 iginius.
1386 3432 1422 3469 Si
1450 3433 1552 3470 titulo
1574 3429 1660 3468 lelex
1684 3427 1875 3469 habeatur,
1900 3425 1944 3464 a‹l
1973 3423 2134 3464 muntem
2157 3424 2304 3462 viduam
2326 3450 2336 3465 .
