2549 3825
912 309 968 337 DE
1005 306 1178 336 LAZARO
1214 307 1376 336 CONClO
1415 307 1444 335 l.

1084 389 1098 410 ¹³
1116 390 1173 428 τὸν

156 453 337 504 βασιλικὸν
355 456 415 490 τοῦ
435 451 647 499 συνειδότος,
663 453 723 490 καὶ
753 451 873 504 ὥσπερ
901 452 978 490 τινὰ
1006 450 1174 496 δικαστὴν

154 514 366 564 καθήμενον,
402 513 462 551 καὶ
496 512 574 556 τοὺς
612 512 801 563 λογισμοὺς
837 515 1082 564 παριστῶντα,
1112 526 1175 548 κα-

156 393 336 446 καστηρίῳ
368 393 424 430 τον
450 395 527 430 νοῦν
550 391 605 429 ἐπὶ
639 392 695 429 τὸν
730 391 846 443 Ορόνον
878 391 1058 429 ἀναδόντα

155 574 265 626 Θάπερ
299 575 465 625 δημίους,
492 575 551 612 καὶ
586 576 791 626 ἀναρτῶντα
817 574 881 621 τὴν
912 573 1088 619 διάνοιαν,
1119 571 1179 609 καὶ

155 636 407 680 καταξαίνοντα
427 636 514 688 ὑπὲρ
528 638 597 674 τῶν
618 634 890 687 ἡμαρτημένων,
916 635 976 672 καὶ
996 633 1179 683 ἐμὸοῶντα

2106 291 2196 349 887

1243 388 1412 426 thronum
1443 389 1663 428 conscientiae
1685 389 1929 428 conscendisse
1958 388 2138 440 regalem,
2167 398 2201 426 et

1243 458 1425 501 tamquam
1436 450 1595 502 judicem
1615 451 1821 504 quempiam
1838 450 2030 497 dicentem,
2049 459 2083 487 et
2099 450 2198 500 cogi-

1249 510 1399 549 tationes
1424 511 1502 549 loco
1532 512 1740 550 carnificum
1768 511 2017 559 adhibentem,
2040 510 2200 548 animum

1248 571 1530 623 suspendentem,
1541 587 1606 625 pro
1615 575 1766 625 peccatis
1780 573 2004 619 lacerantem,
2012 571 2200 610 vehemen-

1248 641 1301 669 ter
1314 632 1576 681 inclamantem,
1589 647 1671 671 cum
1684 648 1787 672 nemo
1802 634 1901 679 sciat,
1913 633 1980 670 nisi
1994 633 2090 670 solus
2106 633 2203 670 Deus

157 697 314 748 μεγάλα,
338 697 484 746 μηδενὸς
503 696 649 743 εἰδότος,
669 697 746 733 ἀλλ’
770 695 792 741 ἢ
820 700 880 733 τοῦ
904 699 1015 733 ταῦτα
1033 695 1178 731 ἐπιστα-
1189 728 1238 752 724
1248 693 1310 743 qui
1334 692 1412 731 haec
1430 694 1616 746 conspicit.
1640 694 1782 733 Etenim
1802 695 1864 744 qui
1886 693 2076 731 committit
2101 693 2202 731 adul-

158 757 261 806 μένου
284 756 425 807 βλέπειν
444 759 536 795 Θεοῦ
555 757 674 806 μόνου.
697 756 765 794 Καὶ
783 756 852 807 γὰρ
871 759 888 793 ὃ
911 754 1099 806 μοιχεύων,
1113 752 1179 790 κᾶν
1203 765 1228 792 Α
1249 754 1401 800 terium,
1430 754 1568 792 etiamsi
1599 755 1731 792 millies
1767 755 1874 792 fuerit
1902 754 2024 800 dives,
2065 755 2204 792 etiamsi

159 818 321 867 μυριάκις
340 811 363 868 ᾗ
382 816 558 865 πλούσιος,
576 817 640 854 κᾶν
662 816 794 867 μηδένα
819 818 1080 866 κατηγοροῦντα
1096 813 1159 864 ἔχῃ
1171 843 1180 860 ,

160 879 197 914 οὗ
217 878 367 915 παύεται
384 879 506 916 ἑαυτοῦ
523 880 725 929 κατηγορῶν
745 876 838 914 ἔνδον
854 891 861 897 ·
879 876 938 913 καὶ
957 879 978 920 ἠ
998 874 1060 924 μὲν
1075 873 1179 919 ἡδονὴ

159 937 372 989 πρόσκαιρος
387 967 397 985 ,
418 942 439 985 ἡ
462 939 497 975 δὲ
517 937 620 984 ὀδύνη
641 936 821 984 διηνεκὴς,
843 935 946 986 φόὸος
964 933 1182 986 πανταχόθεν

161 998 220 1037 καὶ
253 998 402 1051 τρόμος,
437 997 568 1050 ὑποψία
601 997 659 1034 καὶ
694 995 827 1045 ἀγωνία
848 1009 855 1018 ·
874 995 951 1038 τοὺς
988 993 1183 1036 στενωποὺς

160 1059 310 1107 δέδοικε,
330 1058 391 1101 τὰς
410 1059 510 1100 σκιὰς
543 1057 651 1100 αὐτὰς
681 1057 825 1110 τρέμει,
855 1055 932 1100 τοὺς
951 1055 1087 1099 οἰκέτας
1105 1053 1184 1097 τοὺς

161 1121 303 1167 ἑαυτοῦ,
326 1118 403 1162 τοὺς
423 1118 640 1166 συνειδότας,
668 1117 746 1163 τοὺς
774 1120 997 1169 ἀγνοοῦντας,
1017 1117 1080 1163 τὴν
1101 1117 1184 1163 ἠδι-

162 1179 317 1230 κημένην
338 1179 444 1226 αὐτὴν
455 1209 466 1228 ,
492 1179 549 1218 τὸν
580 1179 788 1232 ὃὸρισμένον
804 1179 913 1231 ἄνδρα
931 1194 940 1202 ·
961 1175 1186 1229 περιέρχεται

159 1241 284 1294 πικρὸν
313 1240 510 1293 κατήγορον
535 1241 730 1293 περιφέρων
760 1241 799 1278 τὸ
835 1241 1011 1286 συνειδὸς,
1033 1241 1184 1277 αὐτοκα·

159 1303 321 1354 τάκριτος
339 1302 385 1340 ὢν
400 1333 410 1350 ,
430 1303 491 1340 καὶ
513 1303 589 1341 οὐδὲ
610 1303 734 1354 μικρὸν
751 1304 965 1339 ἀναπνεῦσαι
986 1299 1184 1349 δυνάμενος.

160 1363 231 1402 Καὶ
258 1362 326 1415 γὰρ
360 1363 420 1402 καὶ
452 1363 510 1402 ἐπὶ
537 1363 679 1409 κλίνης,
711 1363 772 1401 καὶ
803 1364 837 1400 ἐν
867 1362 1042 1414 τραπέζῃ,
1062 1361 1121 1399 καὶ
1151 1362 1186 1398 ἐν

163 1427 286 1476 ἀγορᾷ,
307 1425 366 1462 καὶ
385 1425 418 1462 ἐν
439 1423 546 1477 οἰκίᾳ,
564 1424 623 1462 καὶ
637 1426 671 1462 ἐν
693 1422 889 1476 ἦμέρᾳ,κα“ι
902 1425 936 1461 ἐν
951 1422 1062 1470 νυκτὶ,
1077 1421 1137 1459 καὶ
1152 1423 1186 1458 ἐν

164 1488 279 1529 αὐτοῖς
295 1492 365 1529 τοῖς
379 1485 531 1537 ὀνείρασι
549 1485 717 1528 πολλάκις
729 1485 774 1523 τὰ
789 1487 852 1531 τῆς
871 1484 1045 1537 ἁμαρτίας
1062 1484 1189 1522 εἴδωλα

167 1547 291 1598 βλέπει
304 1576 314 1595 ,
333 1547 393 1585 καὶ
412 1547 470 1585 τὸν
501 1552 561 1585 τοῦ
588 1546 676 1585 Κάϊν
706 1549 745 1598 ζῇ
767 1547 840 1598 βίον
854 1577 863 1594 ,
883 1546 1011 1584 στένων
1037 1545 1098 1583 καὶ
1116 1545 1190 1597 τρέ-

168 1625 244 1660 μων
264 1609 322 1647 ἔπὶ
342 1612 403 1655 τῆς
434 1611 518 1660 γῆς,
538 1609 598 1647 καὶ
633 1609 780 1659 μηδενὸς
817 1609 968 1655 εἰδότος,
990 1607 1084 1645 ἔνδον
1116 1607 1189 1658 ἔχει

166 1670 206 1708 τὸ
225 1675 294 1720 πῦρ
313 1670 574 1721 συνειλεγμένον
605 1670 672 1710 ἀεί.
696 1671 810 1708 Τοῦτο
831 1669 891 1706 καὶ
910 1672 941 1707 οἱ
961 1668 1188 1719 ἁρπάζοντες,

166 1730 225 1768 καὶ
250 1733 282 1768 οἱ
301 1731 588 1774 πλεονεκτοῦντες
617 1730 814 1782 πάσχουσι·
844 1734 945 1768 τοῦτο
975 1728 1034 1766 καὶ
1066 1731 1097 1767 οἱ
1134 1744 1192 1779 με-

166 1791 323 1839 θύοντες,
347 1791 407 1829 καὶ
440 1792 585 1834 ἕκαστος
619 1791 655 1829 δὲ
687 1792 807 1833 ἁπλῶς
839 1792 906 1828 τῶν
939 1791 973 1828 ἐν
1004 1789 1192 1842 ἁμαρτίαις

166 1852 303 1897 ζώντων
327 1864 334 1870 “
360 1852 542 1904 ἀμήχανον
573 1853 640 1905 γὰρ
673 1855 783 1892 ἐκεῖνο
812 1853 1044 1905 διαφθαρῆναι
1071 1851 1110 1889 τὸ
1138 1851 1192 1888 δι-

166 1913 356 1966 καστήριον
370 1928 377 1935 ·
395 1913 484 1952 ἀλλὰ
503 1913 567 1952 κᾶν
589 1912 637 1964 μὴ
660 1913 836 1964 μετίωμεν
855 1912 919 1959 τὴν
941 1911 1082 1964 ἀρετὴν,
1099 1912 1193 1962 ὅμως

167 1975 388 2026 ὀδυνώμεθα,
405 1975 524 2022 ἐπειδὴ
558 1975 606 2026 μὴ
628 1975 891 2028 μετερχόμεθα,
914 1974 979 2012 κᾶν
1016 1973 1192 2024 μετίωμεν

168 2035 232 2082 τὴν
251 2035 393 2084 κακίαν,
413 2036 508 2086 ὅμως
526 2036 745 2086 παυσάμενοι
764 2037 826 2081 τῆς
843 2036 969 2081 ἡδονῆς
1005 2037 1067 2080 τ’ῆς
1100 2032 1193 2071 κατὰ

168 2099 232 2144 τὴν
261 2097 459 2150 ἁμαρτίαν,
489 2097 723 2147 αἰσθανόμεθα
740 2100 802 2144 τῆς
836 2096 971 2142 ὀδύνης.
994 2095 1054 2141 Μὴ
1075 2094 1188 2133 τοίνυν

1249 812 1391 849 nullum
1414 812 1544 850 habeat
1564 822 1820 860 accusatorem,
1841 826 1910 850 non
1933 812 2062 850 desinit
2087 822 2204 850 tamen

1250 871 1346 909 intus
1358 872 1515 924 seipsum
1528 887 1712 911 accusare:
1728 882 1761 910 et
1776 873 1947 924 voluptas
1962 871 2105 922 quidem
2124 882 2207 910 tem—

1250 932 1392 983 poraria
1406 941 1468 981 est,
1482 931 1585 971 dolor
1598 947 1684 971 vero
1698 941 1907 984 perpetuus,
1925 932 2034 969 timor
2046 932 2206 982 undique

1251 1005 1292 1029 ac
1306 1001 1451 1041 tremor,
1467 993 1623 1045 suspicio
1642 1001 1676 1030 et
1694 993 1856 1031 anxietas
1875 1009 1882 1029 :
1908 992 2117 1044 angiportus
2135 1007 2207 1030 me-

1252 1053 1334 1103 tuit,
1352 1053 1500 1091 umbras
1514 1053 1608 1106 ipsas
1624 1054 1809 1101 formidat,
1822 1067 1903 1091 suos
1919 1053 2031 1105 ipsius
2042 1053 2206 1099 famulos,

1254 1115 1424 1164 conscios,
1442 1115 1585 1164 inscios,
1604 1116 1704 1153 illam
1721 1116 1836 1168 ipsam
1860 1129 1966 1166 quam
1988 1115 2161 1167 corrupit,
2175 1125 2208 1152 et

1253 1175 1372 1213 virum
1385 1190 1491 1227 quem
1504 1176 1622 1214 affecit
1638 1176 1851 1214 contumelia
1866 1192 1873 1212 :
1891 1175 2099 1213 obambulat
2111 1190 2208 1213 ama-

1254 1250 1335 1274 rum
1344 1245 1581 1275 accusatorem
1593 1237 1843 1275 circumferens
1855 1236 2118 1281 conscientiam,
2126 1250 2207 1274 cum

1255 1297 1300 1335 sit
1315 1311 1379 1335 suo
1395 1298 1509 1350 ipsius
1519 1297 1657 1349 judicio
1671 1298 1876 1344 damnatus,
1890 1312 1954 1335 nec
1969 1297 2028 1335 vel
2042 1298 2086 1336 ad
2101 1298 2208 1336 breve

1256 1367 1394 1409 tempus
1422 1359 1532 1411 possit
1551 1359 1737 1411 respirare.
1761 1360 1851 1397 Nam
1872 1367 1905 1396 et
1936 1359 2083 1396 inlecto
2111 1368 2144 1396 et
2174 1360 2208 1396 in

1257 1432 1391 1468 mensa,
1404 1428 1437 1456 et
1452 1419 1485 1456 in
1500 1419 1579 1457 foro
1593 1429 1625 1457 et
1640 1421 1676 1458 in
1690 1418 1810 1465 domo,
1827 1429 1860 1457 et
1873 1419 2028 1457 interdiu
2043 1429 2075 1457 et
2089 1429 2209 1462 noctu,

1257 1489 1290 1517 et
1316 1480 1352 1517 in
1376 1480 1463 1532 ipsis
1488 1481 1690 1531 frequenter
1720 1481 1870 1519 somniis
1901 1481 1977 1518 haec
2009 1481 2210 1531 iniquitatis

1256 1541 1446 1579 simulacra
1466 1542 1577 1590 videt,
1601 1542 1783 1594 ipsiusque
1799 1541 1888 1580 Cain
1904 1541 2016 1579 vitam
2030 1542 2134 1590 vivit,
2151 1557 2209 1593 ge-

1258 1615 1356 1639 mens
1374 1616 1415 1639 ac
1433 1612 1584 1640 tremens
1599 1616 1704 1654 super
1723 1611 1866 1649 terram,
1887 1616 1969 1640 cum
1989 1616 2089 1640 nemo
2105 1603 2205 1647 sciat,

1257 1662 1354 1700 intus
1375 1671 1491 1701 tamen
1512 1664 1618 1702 hahet
1646 1665 1766 1715 ignem
1789 1677 1928 1715 semper
1947 1673 2208 1702 coacervatum.

1258 1722 1359 1760 Idem
1378 1724 1564 1776 patiuntur
1581 1733 1613 1762 et
1633 1725 1695 1775 qui
1716 1724 1880 1776 rapinam
1902 1733 2077 1768 exercent,
2099 1734 2131 1762 et
2149 1724 2212 1775 qni

1259 1783 1382 1822 fraude
1394 1785 1535 1822 lucrum
1550 1786 1704 1823 faciunt:
1727 1785 1792 1823 hoc
1806 1794 1838 1822 et
1854 1785 2006 1822 ebriosi:
2021 1784 2056 1822 in
2073 1798 2211 1822 summa

1259 1854 1430 1896 quotquot
1458 1847 1491 1883 in
1514 1847 1667 1898 peccatis
1693 1846 1834 1885 vivunt.
1865 1848 1987 1896 'Neque
2014 1847 2108 1883 enim
2139 1847 2211 1883 nlla

1258 1906 1393 1944 ratione
1422 1907 1604 1958 judicium
1636 1906 1725 1944 illud
1759 1916 1871 1957 potest
1905 1907 2099 1958 corrumpi.
2135 1907 2212 1944 lmo

1259 1967 1398 2006 etiamsi
1424 1982 1492 2006 non
1511 1978 1686 2006 sectemur
1704 1968 1891 2017 virtutem,
1913 1967 2074 2005 dolemus
2097 1977 2211 2005 tamen

1260 2043 1299 2067 eo
1316 2029 1413 2080 quod
1430 2043 1506 2068 eam
1524 2044 1596 2067 non
1616 2030 1839 2081 assequimur
1859 2046 1868 2068 :
1889 2039 1921 2066 vt
1941 2029 2021 2070 licet
2040 2029 2213 2080 improbi·

1259 2099 1366 2128 tatem
1383 2099 1571 2136 sectemur,
1595 2100 1711 2129 tamen
1731 2098 1887 2128 cessante
1906 2090 2088 2141 voluptate
2107 2104 2213 2139 quam

169 2160 325 2212 λέγωμεν
356 2160 414 2198 ἐπὶ
449 2163 517 2198 τῶν
546 2159 786 2198 πλουτούντων
816 2160 964 2196 ἐνταῦθα
997 2158 1056 2195 καὶ
1086 2173 1197 2199 πονη-
1217 2172 1241 2204 C
1261 2165 1306 2189 ex
1325 2160 1467 2203 peccato
1489 2151 1720 2203 percipimus,
1748 2151 1920 2188 sentimus
1940 2150 2117 2189 dolorem.
2141 2151 2212 2186 lta-

172 2222 385 2273 ρευομένων,
409 2221 469 2260 καὶ
490 2223 558 2259 τῶν
580 2221 726 2258 δικαίων
757 2223 826 2258 τῶν
849 2218 1094 2258 ἀπολαυόντων
1111 2219 1196 2264 ἐκεῖ,

170 2282 224 2320 ὅτι
243 2281 279 2321 ἓν
299 2282 349 2330 ἓν,
369 2284 446 2320 ἀλλ’
473 2281 526 2320 ὅτι
557 2281 616 2320 δύο
634 2281 743 2320 οὐδέν.
763 2283 847 2324 Τοῖς
873 2281 934 2330 μὲν
961 2280 1028 2331 γὰρ
1049 2279 1195 2322 δικαίοις

170 2343 231 2382 καὶ
259 2343 302 2381 τὰ
334 2345 404 2380 ἐκεῖ
433 2343 492 2381 καὶ
521 2342 565 2380 τὰ
599 2345 746 2380 ἐνταῦθα
774 2342 906 2387 πολλὴν
943 2340 1093 2393 παρέχει
1131 2340 1195 2386 τὴν

170 2403 296 2451 ἡδονήν
313 2416 320 2424 ·
341 2406 372 2442 οἱ
393 2403 427 2442 δὲ
448 2406 481 2442 ἐν
513 2403 695 2455 πονηρίαις
716 2402 774 2440 καὶ
806 2406 840 2440 ἐν
870 2401 1100 2446 πλεονεξίαις,
1136 2401 1196 2438 καὶ

171 2466 318 2502 ἐνταῦθα
348 2464 407 2502 καὶ
427 2466 497 2502 ἐκεῖ
517 2464 735 2507 κολάζονται.
761 2463 830 2501 Καὶ
860 2463 927 2514 γὰρ
959 2461 1016 2499 καὶ
1046 2463 1194 2499 ἐνταῦθα

171 2526 374 2569 κολάζονται
394 2527 437 2576 τῇ
457 2525 649 2577 προσδοκία
678 2527 739 2570 τῆς
759 2527 828 2562 ἐκεῖ
859 2523 1041 2575 τιμωρίας,
1064 2522 1124 2559 καὶ
1151 2526 1193 2573 τῇ

171 2592 307 2638 πονηρᾷ
326 2586 423 2638 παρὰ
459 2586 600 2625 πάντων
635 2585 763 2637 ὑποψίᾳ
783 2614 791 2630 ,
814 2585 872 2622 καὶ
893 2585 985 2635 αὐτῷ
1008 2586 1057 2634 τῷ
1079 2584 1196 2636 ἆμαρ-

171 2646 285 2685 τάνειν
305 2647 365 2684 καὶ
396 2646 458 2694 τὴν
492 2646 606 2698 ψυχὴν
635 2646 697 2693 τὴν
718 2648 849 2684 ἑαυτῶν
870 2645 1102 2696 διαφθείρειν·
1135 2644 1194 2682 καὶ

173 2707 262 2756 μετὰ
275 2706 338 2754 τὴν
358 2708 513 2746 ἐντεῦθεν
546 2707 745 2757 ἀποδημίαν
767 2707 959 2758 ἀφορήτους
982 2705 1193 2754 ὑπομένουσι

172 2768 357 2820 τιμωρίας,
383 2769 499 2807 Πάλιν
528 2771 558 2807 οἱ
592 2768 742 2814 δίκαιοι,
780 2768 844 2805 κᾶν
878 2766 985 2820 μυρία
1008 2766 1192 2817 πάσχωσιν

174 2831 318 2868 ἐνταῦθα
340 2829 435 2867 δεινὰ
452 2860 460 2876 ,
485 2835 657 2881 χρησταῖς
675 2828 919 2880 συντρέφονται
939 2833 1013 2870 ταῖς
1032 2828 1166 2866 ἐλπίσιν
1182 2857 1189 2867 ,

174 2889 299 2936 ἡδονὴν
331 2888 468 2941 ἔχοντες
499 2892 677 2942 καθαρὰν,
710 2889 879 2940 {secuta-2,
917 2889 1100 2934 ἀκίνητον·
1136 2887 1193 2925 καὶ

175 2951 262 2999 μετὰ
299 2954 410 2988 ταῦτα
448 2951 490 2990 τὰ
529 2951 636 3004 μυρία
671 2951 793 2994 αὐτοὺς
829 2950 1022 2994 διαδέξεται
1057 2950 1193 3001 ἀγαθὰ,

172 3011 331 3065 καθάπερ
358 3006 415 3050 οῦν
449 3012 507 3051 καὶ
536 3014 592 3052 τὸν
628 3013 797 3065 Λάζαρον.
822 3012 882 3058 Μὴ
909 3013 975 3063 γάρ
1007 3027 1065 3060 μοι
1093 3015 1192 3048 τοῦτο

172 3074 288 3124 εἴπῃς,
311 3073 365 3112 ὅτι
400 3074 558 3123 ἥλκωτο,
583 3074 673 3113 ἀλλὰ
704 3078 804 3112 τοῦτο
832 3074 968 3118 σκόπει,
991 3074 1042 3109 ὅτι
1063 3076 1192 3123 χρυσοῦ

170 3135 299 3178 παντὸς
331 3135 542 3187 τιμιωτέραν
579 3136 672 3174 ἔνδον
702 3130 776 3186 εἶχε
814 3135 875 3181 τὴν
902 3134 1040 3186 ψυχήν·
1062 3135 1191 3183 μᾶλλον

172 3193 208 3231 δὲ
229 3196 266 3232 οὗ
296 3195 358 3242 τὴν
388 3195 501 3247 ψυχὴν
531 3197 654 3246 μόνον,
674 3197 763 3234 ἀλλὰ
787 3196 843 3234 καὶ
873 3196 911 3232 τὸ
943 3198 1044 3243 σι’ῖᾶμα
1070 3195 1188 3230 αὐτοῦ’

173 3254 279 3304 ἀρετὴ
294 3256 361 3306 γὰρ
390 3257 553 3306 σώματος
574 3260 611 3294 οὐ
632 3257 849 3309 πολυσαρκία
870 3257 926 3293 καὶ
948 3256 1057 3298 εὐεξία
1073 3285 1080 3297 ,
1104 3255 1192 3292 ἀλλὰ

175 3314 341 3358 τοσαύτας
368 3316 426 3353 καὶ
452 3317 612 3360 τοιαύτας
644 3318 757 3370 φέρειν
787 3317 969 3368 βασάνους.
986 3318 1037 3353 00
1058 3317 1142 3367 γὰρ,
1166 3316 1197 3352 εἴ

177 3390 227 3417 τις
249 3375 303 3413 ἐπὶ
325 3379 383 3413 τοῦ
418 3376 576 3424 mim-mro<
602 3378 785 3429 τραύματα
816 3378 889 3428 ἔχοι
924 3380 1064 3415 τοιαῦτα
1082 3407 1089 3420 ,
1113 3378 1194 3425 βδε”

227 3507 242 3529 ¹·
271 3512 478 3548 rbvflunsluia
497 3509 583 3539 ‹tm-³¹
603 3521 633 3540 ιιι
649 3508 748 3541 Snvil.
770 3517 798 3539 rt
821 3507 924 3540 tribus
943 3510 1016 3543 Mn,

1262 2226 1331 2262 que
1351 2226 1393 2250 ne
1409 2212 1608 2250 dixerimus
1632 2211 1679 2250 de
1699 2211 1876 2249 divitibus
1895 2211 1953 2249 hic
1973 2211 2137 2263 improbe
2161 2213 2214 2248 vi·-

1263 2273 1444 2322 venfibus,
1471 2282 1505 2310 et
1525 2272 1570 2310 de
1583 2273 1691 2324 justis
1710 2272 1784 2309 illic
1804 2272 1970 2310 felicitate
1997 2273 2211 2312 fruentibus.

1263 2333 1360 2384 quod
1382 2348 1490 2371 unum
1513 2333 1557 2371 sit
1578 2347 1702 2380 unum,
1721 2332 1782 2370 sed
1801 2332 1896 2383 quod
1917 2332 1989 2370 duo
2017 2331 2085 2369 sint
2112 2333 2213 2369 nihil.

1263 2394 1566 2445 Quandoquidem
1581 2394 1687 2445 justis
1701 2402 1734 2431 et
1750 2407 1788 2430 ea
1814 2407 1892 2443 quae
1911 2392 1984 2430 illic
2008 2401 2105 2438 suut,
2121 2402 2154 2430 et
2176 2408 2214 2430 ca

1261 2470 1338 2506 qnae
1355 2456 1413 2493 hic
1430 2466 1526 2500 sunt,
1543 2456 1691 2492 multam
1715 2454 1871 2506 praebent
1890 2453 2106 2504 voluptatem
2126 2471 2132 2490 :
2154 2456 2214 2503 qui

1264 2531 1347 2554 vero
1368 2518 1402 2554 in
1422 2517 1575 2567 nequitia
1595 2525 1627 2553 et
1643 2515 1768 2552 fraude
1786 2515 1897 2552 vitam
1915 2523 2040 2566 agunt,
2057 2524 2088 2551 et
2108 2514 2166 2551 hic
2183 2525 2214 2552 vt

1263 2578 1337 2616 illie
1359 2578 1569 2630 puniuntur:
1587 2577 1644 2614 hic
1666 2576 1929 2613 discruciamur
1952 2575 2214 2627 exspectatione

1264 2640 1431 2692 supplicii
1448 2639 1520 2676 illic
1537 2636 1800 2683 suturi‚deimle
1816 2637 1908 2674 mala
1923 2651 2030 2686 <luam
2046 2636 2091 2673 ab
2105 2639 2212 2674 omni·

1266 2700 1332 2737 bus
1348 2700 1463 2738 ferunt
1482 2699 1658 2751 opinione,
1677 2707 1842 2750 praeterea
1861 2696 1958 2747 quod
1974 2697 2091 2748 ipsum
2108 2698 2212 2735 etiam

1268 2770 1449 2812 peceatum
1471 2761 1623 2798 animam
1646 2760 1801 2811 ipsorum
1818 2758 2014 2809 corrumpit
2034 2774 2040 2793 ε
2064 2758 2216 2809 deniqne

1267 2832 1452 2874 postquam
1474 2822 1557 2859 ltine
1580 2821 1726 2873 profer-ti
1748 2830 1840 2863 sunt,
1867 2818 2101 2857 intoler.·tl›ilia
2130 2834 2210 2871 per-

1267 2886 1450 2936 petiuntur
1470 2883 1659 2935 supplicia.
1686 2884 1842 2920 Rursum
1868 2881 1955 2932 justi
1984 2882 2119 2918 etiamst
2158 2882 2215 2920 tn'c

1267 2946 1448 2982 immmera
1485 2945 1726 2996 pr1·1wti:1ntur
1753 2943 1893 2983 acerba,
1926 2942 2092 2992 «moniam
2124 2942 2212 2980 bom

1266 3019 1344 3058 spes
1374 3006 1436 3042 alit
1467 3005 1560 3048 illos,
1593 3004 1792 3053 habentque
1822 3003 2040 3052 mlnptntcm
2071 3018 2213 3054 puram.

1268 3069 1407 3104 lirinum
1439 3075 1471 3103 ct
1492 3065 1670 3106 stabilem,
1692 3065 1798 3100 ctiam
1822 3073 1897 3115 post
1919 3063 2006 3107 lia-c,
2029 3063 2214 3101 innumera

1268 3129 1346 3165 illos
1377 3127 1559 3178 excipiunt
1581 3127 1686 3168 buna,
1708 3124 2010 3175 quemmlmodum
2031 3134 2061 3161 rt
2083 3125 2215 3163 Lauro

1268 3191 1408 3228 succidit.
1427 3192 1495 3226 Ne·-
1512 3189 1604 3225 enim
1629 3189 1716 3224 istuc
1734 3186 1821 3224 mihi
1845 3186 1995 3229 ‹tiu-ris,
2018 3187 2101 3224 lirant
2119 3188 2209 3224 ιιΙιϊ-

1271 3266 1382 3292 rnsns.
1403 3264 1526 3287 xri-mn
1547 3249 1634 3285 illud
1656 3247 1851 3289 considera.
1870 3247 1964 3297 quod
1981 3248 2110 3298 «putris
2128 3263 2215 3285 amru

1270 3313 1512 3365 pretiosiorem
1529 3311 1622 3348 intus
1643 3309 1791 3346 habebat
1810 3309 1979 3351 nuinmm,
2005 3309 2075 3346 imo
2099 3322 2217 3346 rernm

1273 3388 1338 3412 uon
1355 3374 1508 3412 unimam
1523 3382 1674 3414 tantum.
1696 3384 1817 3407 rernm
1834 3370 1938 3407 ctiam
1955 3383 2083 3421 corpus
2097 3370 2206 3422 ipsiu>

2228 1567 2302 1594 Gen.
2334 1565 2362 1604 j.
