2549 3825
541 279 719 310 CONTRA
757 280 838 311 Eos
863 281 948 321 .QU[
985 281 1373 312 SUBINTRODUCTAS
1409 280 1585 312 HABENT
1620 279 1848 311 VIRGINES.

123 363 297 413 ἐπίδοσιν,
317 362 395 402 ὅθεν
414 360 592 411 καιόμενοι
607 361 667 400 καὶ
690 361 831 408 ἥδονται
859 362 918 400 καὶ
951 365 1137 414 ἀλγοῧσιν,
1162 366 1186 396 Β
1215 363 1411 402 absurdum
1430 363 1611 415 quoddam
1631 371 1946 416 temperamentum
1967 362 2003 400 in
2023 362 2165 401 anima-

121 424 252 463 ἄτοπόν
281 438 358 462 τινα
387 428 510 474 κρᾶσιν
530 424 566 460 ἐν
589 429 666 467 ταῖς
684 425 815 461 ἑαυτῶν
846 422 1139 475 >caraem-dovre:

122 486 260 537 ψυχαῖς.

174 546 220 584 Εἰ
239 544 278 585 δέ
294 561 346 588 τις
372 547 474 596 ἡμῶν
503 543 673 597 ἀκρασίαν
693 542 950 596 καταγινώσκει
975 542 1045 582 ἀπὸ
1061 543 1140 582 τού·

122 621 192 645 των
215 608 284 644 τῶν
317 606 483 658 ῥημάτων
505 605 610 654 (τοὺς
631 605 700 658 γὰρ
731 604 908 656 γενναίους
927 605 1054 657 ἄνδρας
1079 603 1139 642 καὶ

121 666 254 717 γυναιξὶ
283 670 526 711 συνοικοῦντας
562 665 671 716 μηδὲν
696 666 846 718 πάσχειν
877 665 1034 714 δεινόν),
1068 681 1141 715 μα-

123 728 253 779 καρίζω
282 727 344 779 μὲν
372 727 450 771 τοὺς
474 726 674 776 τοιούτους,
702 727 761 765 καὶ
791 726 980 778 βουλοίμην
1011 726 1052 763 ἂν
1080 726 1140 764 καὶ

122 789 224 833 αὐτὸς
260 788 431 836 τοσαύτην
459 788 579 827 λαὸεῖν
621 787 735 840 ἰσχύν·
765 787 824 826 καὶ
870 787 952 832 ἴσως
986 787 1049 838 μὲν
1080 786 1140 824 καὶ

123 850 224 893 αὐτὸς
249 848 413 899 πείθομαι
435 850 489 886 ὅτι
519 848 661 887 δυνατὸν
693 843 782 886 εἶναι
810 847 986 903 τοιούτους
1017 846 1140 895 τινὰς,

122 909 316 960 ἒὸουλόμην
347 909 384 947 δὲ
412 908 472 946 καὶ
493 908 572 952 τοὺς
599 910 832 960 ἐγκαλοῦντας
849 912 934 960 ἡμῖν
954 909 1141 954 δυνηθῆναι

123 976 240 1008 πεῖσαι
267 974 390 1017 τοῦτο,
415 968 470 1007 ὅτι
507 969 580 1013 νέος
608 972 764 1022 σφριγῶν
790 972 840 1022 τῷ
868 969 1029 1020 σώματι,
1054 968 1140 1020 κόρῃ

121 1033 289 1069 συνοικῶν
326 1029 489 1082 παρθένῳ
522 1030 583 1068 καὶ
614 1030 875 1081 συγκαθήμενος
905 1029 965 1068 καὶ
1007 1031 1141 1069 συνδει-

120 1093 216 1129 πνῶν
237 1091 297 1129 καὶ
318 1090 628 1142 συνδιαλεγόμενος
654 1090 699 1130 δι’
722 1091 858 1144 ἡμέρας
873 1093 966 1138 (τῶν
995 1090 1062 1142 γὰρ
1079 1090 1141 1127 ἅλ-

121 1153 191 1189 λων
216 1151 313 1191 οὐδὲν
343 1151 579 1203 προστίθημι,
604 1151 684 1195 τοὺς
712 1151 877 1205 ἀκαίρους
904 1151 1058 1203 γέλωτας
1083 1151 1142 1189 καὶ

122 1212 185 1256 τὰς
200 1212 378 1265 διαχύσεις
397 1212 457 1251 καὶ
485 1212 530 1251 τὰ
546 1212 692 1263 μαλακὰ
709 1212 872 1265 ῥήματα,
889 1212 950 1251 καὶ
965 1212 1009 1251 τὰ
1030 1212 1118 1251 ἄλλα
1128 1242 1139 1258 ,

123 1273 145 1311 ἃ
162 1274 249 1324 μηδὲ
265 1274 377 1324 λέγειν
394 1274 476 1318 ἴσως
495 1273 599 1312 καλόν
616 1277 646 1323 )·
665 1274 744 1313 ἀλλ’
757 1274 810 1312 ὅτι
826 1274 889 1322 τὴν
916 1273 1024 1321 αὐτὴν
1052 1272 1143 1325 ἔχων

123 1334 234 1372 οἰκίαν
249 1365 260 1384 ,
301 1334 361 1373 καὶ
400 1335 576 1387 τραπέζης
615 1334 676 1372 καὶ
712 1333 825 1385 λόγων
864 1336 1060 1379 κοινωνῶν,
1083 1333 1144 1371 καὶ

125 1395 213 1446 μετὰ
242 1397 441 1449 παῤῥησίας
456 1397 589 1442 πολλῆς
614 1396 674 1433 καὶ
694 1395 975 1445 μεταλαμὸάνων
1001 1395 1141 1433 πολλῶν

124 1457 183 1495 καὶ
214 1456 556 1507 μεταδιδοὺς,οὐόενὶ
582 1460 652 1495 τῶν
680 1455 908 1508 ἀνθρωπίνων
937 1454 1138 1501 ἁλίσκεται,

125 1517 214 1556 ἀλλὰ
258 1517 409 1569 καθαρὸς
450 1518 634 1568 ἐπιθυμίας
672 1533 711 1556 τε
749 1517 846 1568 μένει
887 1523 1041 1568 πονηρᾶς
1084 1517 1144 1554 καὶ

123 1579 251 1625 ἡδονῆς
271 1594 280 1601 ·
311 1577 503 1628 ἐδουλόμην
543 1581 653 1616 ταῦτα
680 1577 862 1616 ,δύνασθαι
899 1577 1029 1616 πείθειν
1065 1577 1143 1619 τοὺς

123 1640 355 1690 ἐγκαλοῦντας
395 1641 501 1688 ἡμῖν,
530 1640 607 1676 ἀλλ’
647 1640 708 1677 οὐκ
748 1639 903 1677 ἐθέλουσι
941 1637 1142 1685 πείθεσθαι,

122 1698 212 1737 ἀλλὰ
225 1699 285 1737 καὶ
309 1700 411 1749 ἡμῶν
439 1701 507 1736 τῶν
524 1702 635 1736 ταῦτα
654 1698 944 1750 ἀπολογουμένων
962 1697 1142 1736 καταὸοῶ·

122 1775 175 1798 σιν
191 1762 238 1802 ὡς
263 1757 596 1811 ἀναισχύντων,-καὶ
620 1759 663 1798 τὰ
686 1759 775 1798 αὐτὰ
790 1758 983 1797 νοσούντων
1000 1760 1139 1805 αὑτοῖς,

122 1820 181 1859 καὶ
193 1820 256 1867 τὴν
272 1820 400 1859 οἰκείαν
417 1820 715 1873 περιστελλόντων
735 1820 874 1859 κακίαν.
890 1819 961 1860 Καὶ
983 1819 1017 1858 τί
1031 1824 1142 1858 ταῦτα

121 1882 207 1934 πρὸς
248 1886 365 1931 ἡμᾶς
393 1882 516 1934 φησίν·
544 1881 622 1920 οὐδὲ
662 1881 730 1934 γὰρ
769 1885 832 1929 τῆς
866 1880 992 1934 ἑτέρων
1026 1882 1142 1926 ἀνοίας

120 1946 222 1992 ἡμεῖς
238 1941 441 1989 ὑπεύθυνοι,
461 1942 538 1982 οὐδὲ
571 1942 671 1986 εἴτις
700 1942 835 1994 ἀλόγως
865 1942 1141 1996 σκανδαλίζοιτο,

122 2003 239 2042 δοῦναι
265 2003 363 2050 δίκην
383 2003 476 2048 ἄξιος
503 2003 572 2054 ἐγὼ
595 2003 652 2042 διὰ
681 2004 744 2051 τὴν
774 2004 890 2044 ἄνοιαν
912 2004 975 2051 τὴν
995 2004 1139 2044 ἐκείνου.

122 2063 228 2102 Ἀλλὰ
259 2065 401 2109 Παῦλος
429 2065 490 2103 οὐκ
530 2058 605 2103 εἷπε
632 2068 754 2113 τοῦτο,
780 2065 871 2103 ἀλλὰ
912 2065 975 2102 κᾶν
1014 2064 1141 2107 ἀδίκως

123 2124 395 2172 σκανδαλίζηταί
414 2141 486 2171 τις,
507 2125 571 2163 κᾶν
604 2127 648 2163 δι’
671 2125 871 2172 ἀσθένειαν,
893 2128 1028 2176 βοηθεῖν
1060 2127 1140 2165 ἐκέ-

121 2187 234 2224 λευσε.
254 2185 346 2224 Τότε
371 2186 440 2238 γὰρ
460 2186 562 2236 μόνον
582 2187 879 2237 ἀπαλλαττόμεθα
902 2189 965 2233 τῆς
994 2187 1052 2225 ἐπὶ
1071 2193 1141 2230 τοῖς

122 2247 447 2297 σκανδαλιζομένοις
478 2247 649 2300 τιμωρίας
681 2247 860 2299 κειμένης,
887 2249 969 2285 ὅταν
1011 2250 1050 2286 ἐκ
1082 2253 1141 2287 τοῦ

121 2308 316 2346 σκανδάλου
350 2308 468 2361 κέρδος
515 2309 631 2359 ἕτερον
676 2308 838 2355 τίκτηται
880 2312 943 2355 τῆς
982 2309 1052 2347 ἀπὸ
1082 2315 1142 2349 τοῦ

123 2368 316 2407 σκανδάλου
346 2368 482 2419 βλάὲης
511 2372 644 2421 μεῖζον·
665 2372 712 2413 ὡς
734 2369 773 2407 ἂν
804 2374 904 2408 τοῦτο
926 2369 974 2419 μὴ
1003 2365 1045 2421 ᾗ,
1064 2371 1142 2408 ἀλλ’

122 2429 157 2466 ἓν
199 2429 302 2480 μόνον
335 2429 511 2482 συμὸαίνῃ
536 2432 576 2470 τὸ
606 2431 894 2475 σκανδαλίζεσθαι
925 2431 1078 2483 ἑτέρους,
1101 2432 1142 2470 ἄν

122 2505 160 2528 τε
193 2489 340 2540 εὐλόγως
367 2490 408 2528 ἄν
429 2506 466 2529 τε
495 2491 629 2543 ἀλόγως
649 2490 969 2539 σκανδαλίζωνται,
986 2491 1027 2529 ἄν
1043 2507 1079 2529 τε
1097 2495 1143 2534 ὡς

123 2552 294 2599 ἀσθενεῖς,
310 2551 350 2589 τὸ
379 2545 468 2602 αἷμα
488 2553 600 2590 αὐτῶν
626 2552 683 2590 ἐπὶ
704 2551 766 2599 τὴν
788 2552 945 2604 κεφαλὴν
967 2552 1028 2599 τὴν
1050 2555 1142 2602 ἦμε-

122 2611 227 2664 τέραν
240 2641 251 2659 ,
270 2612 328 2650 καὶ
345 2614 384 2650 ἐκ
402 2614 472 2651 τῶν
500 2616 629 2665 χειρῶν
650 2616 718 2652 τῶν
737 2614 918 2664 ἡμετέρων
938 2616 955 2651 ὁ
975 2614 1063 2657 Θεὸς
1082 2613 1144 2656 τὰς

123 2671 286 2716 τοιαύτας
314 2672 499 2720 ἐκζητήσει
529 2675 656 2726 ψυχάς.
685 2674 753 2712 Διά
779 2688 833 2712 τοι
862 2677 984 2722 τοῦτο,
1003 2674 1058 2712 ἵνα
1092 2674 1140 2724 μὴ

124 2737 305 2786 πανταχοῦ
348 2734 436 2784 μήτε
466 2735 721 2787 φροντίζωμεν,
743 2735 832 2786 μήτε
864 2738 1140 2788 καταφρονῶμεν

123 2797 191 2832 τῶν
217 2796 558 2847 σκανδαλιζομένων,
575 2796 673 2849 ὅρους
690 2797 786 2841 τινὰς
806 2800 890 2848 ἡμῖν
910 2797 969 2835 καὶ
996 2797 1141 2840 κανόνας

125 2856 226 2903 ἔθηκε
253 2855 375 2894 τούτου
395 2860 414 2894 ὁ
433 2858 600 2909 Χριστὸς,
621 2858 680 2896 καὶ
706 2861 809 2897 τοῦτο
828 2859 969 2896 κάκεῖνο
994 2859 1141 2906 ποιήσας

125 2915 214 2966 μετὰ
245 2920 304 2954 τοῦ
337 2922 459 2969 καιροῦ
490 2922 550 2956 τοῦ
584 2920 831 2971 προσήκοντος.
857 2919 949 2957 “Ore
981 2919 1043 2970 μὲν
1074 2920 1142 2970 γὰρ

124 2977 203 3028 περὶ
236 2979 298 3023 τῆς
338 2979 406 3015 τῶν
449 2979 650 3029 ἐδεσμάτων
697 2980 868 3032 διελέγετο
902 2979 1052 3031 φύσεως,
1083 2979 1142 3017 καὶ

123 3037 256 3076 ἐδείκνυ
285 3039 441 3092 καθαρὰν
473 3039 581 3086 αὐτὴν
613 3034 741 3088 οὖσαν,
769 3040 828 3079 καὶ
861 3043 922 3086 τῆς
947 3042 1140 3087 Ἰουδαϊκῆς

103 3099 324 3158 ,ἀπήλλαττε
353 3100 651 3152 παρατηρήσεως,
682 3101 893 3142 εἰσελθόντος
919 3106 978 3139 τοῦ
1006 3101 1140 3152 Πέτρου

1215 424 1283 463 bus
1303 426 1375 464 suis
1391 426 1594 464 efficientes.

1270 547 1307 583 5.
1339 549 1419 586 Jam
1449 561 1535 585 vcro
1566 548 1596 585 si
1623 547 1702 598 quis
1723 560 1786 585 nos
1806 547 2086 600 intemperantia:
2117 548 2166 586 oh

1216 606 1293 644 haec
1317 607 1428 645 verba
1451 608 1681 655 condemnet,
1707 610 1720 655 (
1743 616 1904 646 strenuos
1943 609 2038 646 enim
2069 609 2166 647 viros

1217 676 1250 706 et
1287 681 1369 705 cum
1405 666 1620 706 mulieribus
1658 668 1863 706 habitantes
1880 697 1890 716 ,
1927 668 2019 705 nihil
2058 682 2166 720 grave

1218 728 1349 780 pati),
1378 728 1500 767 beatos
1527 729 1672 780 quidem
1699 728 1780 767 dico
1809 728 1871 779 qui
1902 728 1991 767 tales
2015 729 2109 777 sint,
2133 739 2168 767 et

1215 788 1345 827 vellem
1373 789 1480 826 etiam
1511 790 1586 842 ipse
1612 790 1681 827 hoc
1709 790 1836 828 robore
1854 788 1981 826 donari
2003 782 2066 826 :et
2091 789 2167 841 ipse

1217 850 1365 901 quidem
1393 851 1484 888 forte
1509 851 1668 889 adducor
1692 860 1731 889 ut
1751 850 1893 889 credam
1913 864 2015 903 posse
2034 850 2167 902 hujus-

1215 911 1313 949 modi
1333 911 1430 949 viros
1454 911 1626 963 reperiri3
1656 913 1785 951 vellem
1802 921 1921 950 tamen
1946 925 2005 949 eos
2023 911 2086 961 qui
2105 925 2169 949 nos

1216 971 1492 1024 reprehendunt,
1511 986 1613 1024 posse
1626 972 1694 1011 hoc
1712 972 1816 1010 nobis
1830 971 2054 1024 persuadere,
2073 971 2169 1022 quod

1218 1033 1420 1071 adolescens
1449 1033 1590 1071 fervens
1622 1047 1789 1085 corpore,
1807 1033 2008 1086 puellaeque
2034 1032 2171 1084 virgini

1219 1093 1426 1131 cohabitans
1454 1102 1489 1131 et
1515 1093 1563 1131 ad
1581 1093 1690 1131 latera
1711 1094 1788 1146 ejus
1806 1093 1964 1131 assidens
1978 1123 1988 1142 ‚
2010 1102 2045 1131 et
2063 1093 2172 1131 simul

1217 1169 1373 1204 coenans,
1390 1164 1423 1192 et
1441 1169 1504 1207 per
1517 1154 1614 1192 diem
1630 1164 1745 1193 totum
1760 1154 2005 1200 confabulans,
2025 1163 2065 1192 ut
2078 1153 2172 1192 nihil

1217 1216 1317 1255 aliud
1345 1230 1541 1269 apponam,
1570 1215 1837 1268 intempestivos
1867 1217 1961 1254 risus
1983 1224 2016 1254 et
2042 1215 2172 1253 effusos

1218 1277 1408 1317 cachinnos
1426 1286 1458 1315 et
1478 1277 1603 1316 mollia
1620 1278 1746 1324 verba,
1767 1286 1872 1328 atque
1888 1277 1957 1314 alia
1972 1291 2050 1328 quae
2071 1276 2171 1314 dictu

1218 1340 1422 1389 inhonesta;
1440 1340 1499 1378 sed
1514 1340 1550 1377 in
1564 1339 1699 1387 eadem,
1709 1341 1871 1390 inquam,
1886 1339 2050 1376 babitans
2065 1337 2172 1376 domo

1217 1399 1404 1451 eidemque
1425 1401 1687 1438 communicans
1712 1413 1860 1448 mensae,
1892 1399 1954 1436 ubi
1975 1399 2087 1436 multa
2119 1407 2171 1437 est

1218 1460 1363 1498 libertas
1379 1461 1587 1510 verborum,
1605 1470 1639 1498 et
1654 1461 1750 1498 ultro
1769 1460 1928 1510 citroque
1943 1460 2170 1512 accipiuntur

1219 1521 1330 1558 multa
1347 1520 1560 1572 danturque,
1574 1520 1675 1558 nulla
1689 1520 1928 1558 humanarum
1942 1520 2170 1558 affectionum

1219 1581 1396 1632 capiatur,
1418 1580 1477 1619 sed
1497 1595 1610 1633 purus
1629 1595 1649 1618 a
1668 1581 1763 1618 mala
1782 1581 1968 1632 voluptate
1988 1590 2021 1618 et
2038 1595 2172 1619 concu-

1219 1642 1389 1692 piscentia
1409 1650 1612 1693 permaneat
1629 1657 1637 1677 τ
1657 1641 1787 1679 vellem
1805 1641 1880 1679 haec
1894 1642 1940 1679 ab
1958 1641 2016 1679 his
2029 1642 2091 1692 qui
2108 1656 2172 1681 nos

1219 1711 1374 1752 arguunt
1392 1716 1448 1739 me
1464 1701 1587 1740 doceri
1608 1715 1725 1752 posse,
1743 1700 1804 1738 sed
1823 1715 1936 1751 neque
1952 1701 2021 1753 ipsi
2042 1702 2172 1740 volunt

1218 1763 1352 1810 doceri,
1368 1772 1401 1801 et
1418 1762 1522 1801 nobis
1536 1763 1612 1800 haec
1627 1761 1672 1799 ad
1687 1762 1924 1800 defensionem
1940 1763 2172 1802 asserentibus

1219 1825 1411 1864 reclamant
1431 1824 1531 1875 quasi
1554 1823 1844 1876 impudentibus,
1867 1823 1990 1862 eodem
2010 1839 2080 1875 quo
2101 1825 2171 1877 ipsi

1219 1885 1344 1924 morbo
1363 1885 1552 1937 correptis,
1573 1884 1826 1937 propriamque
1844 1885 2043 1936 tegentibus
2068 1886 2173 1923 mali·

1217 1947 1317 1985 tiam.
1333 1946 1381 1984 Et
1395 1945 1485 1996 quid
1496 1946 1571 1983 haec
1587 1944 1633 1983 ad
1644 1959 1720 1992 nos,
1738 1946 1881 1996 inquit?
1898 1947 2019 1996 Neque
2035 1960 2098 1984 nos
2113 1960 2172 1984 su-

1217 2021 1296 2045 mus
1315 2006 1461 2045 obnoxii
1481 2007 1694 2060 insipientiae
1715 2007 1859 2055 alienae,
1878 2020 2011 2058 neque,
2033 2008 2062 2045 si
2090 2007 2171 2058 quis

1218 2068 1323 2106 stulte
1342 2067 1615 2116 scandalizetur,
1637 2066 1768 2118 dignus
1788 2080 1852 2118 ego
1870 2081 1950 2104 sum
1968 2069 2028 2119 qui
2050 2082 2171 2120 peenas

1218 2129 1299 2166 dein
1326 2129 1373 2166 ob
1398 2128 1497 2166 illius
1516 2128 1774 2180 insipientiam.
1808 2128 1880 2167 Sed
1900 2129 1967 2166 hoc
1987 2143 2056 2166 non
2075 2129 2171 2168 dixit

1218 2190 1372 2236 Paulus,
1401 2188 1461 2227 sed
1478 2189 1587 2241 jussit
1607 2198 1669 2235 ut,
1699 2189 1727 2226 si
1751 2189 1881 2240 injuste
1909 2190 2170 2230 scandalizetur

1216 2250 1368 2301 aliquis,
1388 2251 1465 2302 ejus
1485 2249 1683 2288 infirmitati
1703 2250 1924 2289 consulatur.
1952 2251 2057 2289 Tunc
2076 2252 2171 2290 enim

1218 2311 1333 2349 solum
1353 2310 1550 2348 liberamur
1567 2325 1585 2348 a
1609 2323 1709 2362 poena
1723 2340 1732 2357 ‚
1752 2324 1830 2360 quse
1849 2311 1964 2363 posita
1985 2321 2035 2349 est
2055 2312 2090 2350 in
2111 2327 2170 2350 eos

2087 261 2176 309 283

2221 2339 2374 2378 Quantum

1218 2372 1279 2422 qui
1303 2371 1513 2410 scandalum
1532 2370 1617 2409 dant
1644 2371 1742 2418 aliis,
1762 2371 1790 2408 si
1813 2385 1857 2409 ex
1877 2372 2046 2411 scandalo
2071 2374 2170 2413 aliud
2188 2383 2312 2419 quisque
2330 2395 2374 2410 c:-

1217 2431 1398 2483 quoddam
1424 2432 1566 2469 lucrum
1594 2441 1759 2469 nascatur
1778 2433 1894 2483 majus
1919 2432 2169 2486 damnoquod

1218 2507 1262 2531 ex
1289 2492 1454 2531 scandalo
1472 2492 1527 2532 fit.
1555 2490 1725 2542 Adeoque
1744 2491 1774 2529 si
1801 2492 1868 2530 hoc
1887 2506 1957 2530 nou
1983 2494 2113 2541 fuerit,
2136 2505 2170 2534 et

1218 2554 1288 2591 hoc
1302 2553 1417 2591 solum
1432 2552 1629 2600 obvenerit,
1651 2562 1690 2590 ut
1706 2552 1988 2591 scandalizentur
2002 2554 2077 2599 alii,
2095 2556 2170 2595 sive

1218 2615 1264 2652 ob
1289 2615 1460 2652 rationem
1484 2614 1663 2665 aliquam,
1685 2614 1762 2650 sive
1779 2614 1825 2650 ob
1853 2615 1989 2652 nullam
2007 2645 2016 2662 ‚
2034 2616 2112 2655 sive
2132 2627 2170 2656 ut

1183 2705 1191 2714 ,
1219 2676 1350 2714 infirmi
1366 2674 1606 2719 offendantur,
1625 2675 1768 2725 sanguis
1783 2674 1929 2712 illorum
1943 2689 2050 2728 super
2063 2689 2170 2730 caput

1217 2747 1392 2783 nostrum,
1408 2747 1440 2775 et
1457 2751 1499 2773 ex
1521 2736 1684 2774 inanibus
1700 2736 1828 2773 nostris
1847 2737 1941 2774 Deus
1961 2738 2096 2776 animas
2117 2748 2170 2777 ta-

1216 2799 1266 2836 les
1279 2798 1445 2849 requiret.
1463 2796 1507 2834 Et
1525 2806 1669 2848 propter
1686 2797 1766 2842 lior,
1790 2810 1832 2834 ne
1847 2811 1908 2849 per
1921 2799 2038 2836 omnia
2058 2800 2173 2851 negli-

1217 2874 1378 2910 geremus
1399 2859 1454 2896 vel
1472 2858 1706 2909 abjiceremus
1725 2872 1782 2895 eus
1802 2858 1932 2909 quibus
1951 2860 2169 2900 offendiculo

1217 2934 1352 2963 sumus.
1370 2920 1538 2957 terminus
1552 2918 1724 2970 quosdam
1742 2928 1773 2955 et
1791 2919 1930 2969 regulus
1946 2920 2047 2958 uobis
2062 2922 2168 2960 Chri-

1217 2991 1290 3019 stus
1308 2980 1523 3033 praescripsit
1547 2995 1553 3015 :
1576 2994 1656 3017 uum
1673 2988 1704 3016 et
1723 2979 1787 3016 lioc
1803 2989 1834 3017 et
1850 2979 1938 3017 illud
1952 2981 2045 3027 fecit,
2065 2994 2168 3035 pmut

1219 3053 1357 3094 teinpus
1375 3040 1590 3093 postuhibat.
1615 3040 1808 3078 Enimvero
1823 3054 1903 3078 euru
1919 3040 1963 3078 de
1982 3052 2106 3080 natura
2122 3045 2169 3082 ci-

1218 3104 1344 3141 hurum
1361 3103 1561 3145 dissereret,
1581 3110 1611 3138 et
1628 3100 1824 3138 ostenderet
1845 3116 1921 3139 euru
1938 3117 2010 3140 esse
2025 3119 2166 3156 puram,

123 3160 182 3199 καὶ
202 3160 377 3208 εἰπόντος,
397 3161 449 3200 ὅτι
469 3162 818 3211 Ἰίσκανδαλίσθησαν
832 3194 840 3208 ,
863 3164 965 3215 Ἄφες
995 3163 1117 3206 αὐτοὺς
1130 3194 1138 3207 ,
1155 3186 1202 3208 -m
1218 3174 1249 3202 et
1276 3180 1294 3201 ει
1325 3163 1473 3203 =luduiea
1495 3162 1738 3199 observatione
1766 3162 1931 3200 liberaret
1944 3194 1953 3205 .
1978 3165 2081 3203 l’etru
2108 3167 2167 3205 in-

2189 2433 2254 2449 iere
2270 2425 2374 2451 debeat

2208 2473 2243 2491 ue
2256 2465 2318 2491 alm
2332 2469 2375 2491 nl-

2224 2505 2374 2533 seudnculu

2188 2554 2237 2574 snt.

123 3220 228 3272 φησί·
246 3221 304 3259 καὶ
335 3225 372 3260 οὐ
394 3223 496 3273 μόνον
525 3224 778 3277 κατεφρόνησεν
808 3228 942 3270 αὐτῶν,
962 3224 1051 3262 ἀλλὰ
1081 3227 1139 3262 καὶ
1169 3224 1191 3250 A
1219 3240 1336 3274 gresso
1366 3233 1397 3261 et
1419 3223 1580 3266 diet-ute,
1602 3223 1875 3261 Srandale'wei
1899 3235 1986 3263 sunt
2005 3257 2014 3273 ,
2042 3226 2135 3266 (lixit
2157 3244 2164 3265 τ
2187 3246 2295 3274 naueh.
2325 3248 2369 3275 ιἰ.

124 3282 360 3334 κατηγόρησεν
379 3283 486 3322 εἰπὼν
499 3315 508 3332 ,
529 3286 634 3323 Πᾶσα
653 3286 719 3338 γὰρ
740 3286 859 3338 φυτεία
872 3315 880 3331 ,
901 3286 944 3331 ἢν
973 3288 1034 3324 οὐκ
1054 3287 1140 3338 ἐφύ-

128 3358 243 3381 τευσεν
277 3346 294 3380 ὁ
326 3345 454 3396 Πατήρ
481 3361 547 3395 μου
578 3348 596 3383 ὁ
632 3347 808 3398 οὐράνιος,
846 3346 1137 3396 enpust-›orkem-

127 3404 215 3441 οὕτω
234 3404 290 3443 τὸν
310 3404 412 3455 νόμον
434 3405 592 3458 ἠκύριιωε
610 3407 666 3444 τὸν
684 3407 762 3459 περὶ
784 3408 992 3458 βρωμάτων.
1015 3407 1115 3445 Ὶ·’.πει
1135 3433 1137 3435 -

129 3464 169 3510 δὴ
196 3464 229 3503 δὲ
252 3468 281 3504 οἰ
305 3466 346 3503 τὰ
367 3466 540 3518 δίδραχμα
570 3470 790 3509 ἀπαιτοῦντες
816 3471 864 3518 τῶ
891 3468 1014 3519 Πέτρῳ
1038 3485 1139 3518 irs-«³.-

1219 3288 1317 3322 Sim·
1334 3289 1446 3335 ipsox.
1472 3285 1513 3321 lit
1536 3298 1602 3321 uou
1624 3284 1737 3321 solutu
1754 3283 1929 3337 despexit.
1946 3288 2032 3337 quin
2051 3298 2083 3326 et
2102 3304 2163 3327 ae·
2189 3295 2234 3316 ¹³·
2259 3292 2304 3325 ¹4-

1218 3346 1353 3383 ruffini(
1382 3362 1387 3381 :
1413 3348 1543 3381 (hunis
1570 3347 1670 3381 euim
1696 3345 1911 3395 plantatio,
1942 3362 2056 3399 quum
2089 3366 2164 3387 rwn
2187 3365 2230 3392 lb.
2253 3377 2277 3392 .,
2304 3368 2335 3394 1¹

1216 3409 1406 3456 planum-i!
1433 3407 1549 3442 Pater·
1569 3419 1672 3442 rueras
1693 3406 1870 3449 ‹uz-haeris.
1889 3410 2163 3449 cradekulu‘tur.

1221 3470 1267 3505 11.ι
1290 3468 1399 3514 legem
1421 3468 1463 3503 ‹le
1483 3467 1571 3503 vil-ix·
1591 3468 1725 3504 irritatu
1750 3468 1842 3508 feeit,
1873 3470 1941 3506 tbi
1959 3480 2073 3508 ,ιιιιυιιι
2103 3487 2165 3522 qui
