2513 3871
140 2038 256 2076 Nuptis

67 2081 258 2118 praeferenti-t

71 2135 82 2147 v
89 2123 230 2159 affinitati

70 2164 145 2191 male
160 2171 256 2192 ‘⁰21⁰-

67 2212 146 2233 uva.

274 240 367 286 5ιο

269 347 303 375 et
315 337 577 388 corruptionem
594 351 638 374 ex
653 336 786 375 osculis
804 345 838 374 et
855 335 1082 388 amplexibus
1091 335 1225 386 effuge-

270 399 337 445 rit,
351 396 428 435 dies
450 396 513 434 illa
532 405 617 435 tunc
641 396 860 445 declarabit,
873 396 1018 449 quando
1039 396 1146 435 vivus
1159 396 1225 435 Dei

268 471 384 497 sermo
396 487 406 505 ,
421 457 482 509 qui
498 457 636 496 occulta
654 457 809 498 hominis
825 459 861 497 in
879 458 1037 497 medium
1051 456 1223 506 adducit,

267 528 303 558 et
317 532 470 573 pratens
485 532 579 558 nunc
592 519 648 559 bis
661 534 741 572 quae
755 522 848 560 elam
866 521 956 559 fiunt
969 550 979 565 ,
995 518 1113 558 omnia
1130 517 1225 557 nuda

268 591 304 620 et
318 590 439 634 aperta
456 590 539 619 aute
554 581 716 620 omnium
734 583 859 621 oculos·
883 590 987 634 ponet
1005 595 1012 616 :
1030 590 1114 618 tunc
1131 579 1225 618 scie-

268 656 352 682 mus
370 643 459 682 bene
481 656 527 681 an
558 642 605 681 ab
631 642 687 683 bis
707 644 753 683 sit
774 656 904 696 purum
935 651 970 680 et
991 641 1227 693 undequaque

270 702 515 755 incorruptum
531 716 661 756 corpus
676 713 791 742 tuum.
810 703 918 755 Atqui
933 702 978 740 de
994 702 1050 740 his
1067 715 1135 740 non
1153 710 1222 739 tam

266 773 392 803 exacte
419 764 619 816 loquemur,
644 779 757 817 neque
775 764 1050 804 contendemus:
1066 762 1129 802 sed
1150 778 1222 816 po-

270 834 392 874 natur,
426 826 602 878 superatis
633 826 802 864 omnibus
832 825 967 864 retibus
991 838 1066 863 esse
1094 838 1226 876 eorpus

272 884 507 936 undequaque
519 898 649 937 purum
664 885 710 923 ab
721 885 892 936 omnique
905 884 1037 922 damno
1050 883 1205 921 liberum
1217 914 1226 929 ,

269 954 306 982 et
327 954 465 983 maneat
486 943 591 996 virgo
607 958 685 996 qua:
703 943 926 997 virgozquid
945 945 1011 983 lioc
1025 943 1072 982 ad
1090 957 1128 981 ea
1147 957 1225 994 quae

269 1005 365 1044 dicta
382 1014 466 1044 sunt
485 1020 502 1043 a
521 1005 648 1044 nobis?
665 1005 809 1044 Etenim
825 1006 893 1044 hoc
907 1006 1067 1044 omnium
1085 1005 1227 1057 gravis-

272 1064 403 1101 simum
424 1072 475 1101 cst
487 1094 497 1111 ,
514 1072 548 1102 et
567 1064 734 1116 plurimis
751 1063 902 1115 dignum
920 1064 1112 1116 lacrymis,
1131 1065 1226 1115 quod

272 1131 410 1160 tantum
442 1121 681 1173 undequaque
704 1122 911 1161 sustinuerit
931 1123 1107 1168 laborem,
1139 1123 1228 1162 dili-

270 1192 394 1231 genter
420 1182 622 1221 observarit
654 1197 804 1234 corpus,
836 1191 869 1220 et
899 1197 1041 1221 omnem
1069 1183 1226 1222 laborem

269 1243 518 1287 evacuaverit,
543 1252 577 1280 et
599 1242 764 1281 sudorem
780 1243 969 1289 effuderit,
992 1253 1135 1296 pmptcr
1150 1243 1226 1281 bla-

273 1303 470 1354 spliemiam
482 1302 515 1341 iu
528 1302 727 1348 Clu-istum,
740 1317 894 1355 cumque
907 1304 1104 1356 pepercerit
1116 1305 1228 1350 carni,

270 1378 338 1401 uon
373 1363 532 1415 pepercit
553 1362 677 1414 gloriae
709 1364 797 1411 Dei,
817 1363 879 1402 sed
900 1374 938 1402 ut
967 1365 1138 1403 intactum
1159 1366 1227 1418 ipsi

270 1431 425 1460 maneret
452 1435 582 1473 corpus
609 1421 728 1460 omnia
748 1423 852 1471 secit;
876 1432 914 1461 ut
942 1433 1060 1462 autem
1081 1423 1141 1462 ille
1161 1438 1228 1462 uon

271 1483 473 1521 alliceretur
488 1482 726 1530 contumelia,
745 1498 807 1523 nec
823 1484 1116 1524 dehonestaretur
1131 1486 1229 1538 apud

270 1542 422 1590 multos,
442 1556 484 1580 nc
498 1541 606 1580 ullam
624 1542 770 1593 quidem
785 1557 906 1581 curam
925 1543 1061 1583 habuit.
1079 1545 1228 1583 Utinam

270 1615 340 1641 non
353 1601 472 1640 omnia
483 1602 634 1649 fecisset,
646 1616 709 1641 uec
721 1617 866 1655 opernm
880 1602 1050 1651 dedisset,
1064 1613 1103 1642 ut
1117 1604 1230 1657 gloria

267 1664 336 1703 Dei
360 1664 604 1703 infamaretur.
623 1665 670 1704 Et
684 1665 866 1716 quomodo
882 1665 949 1704 ltoc
965 1666 1080 1705 facio?
1098 1666 1225 1718 inquit.

274 1722 371 1770 Quia
393 1722 488 1761 viros
507 1732 624 1762 tecum
646 1724 680 1762 in
699 1723 807 1763 domo
827 1724 982 1763 inclusos
1002 1740 1140 1778 semper
1163 1726 1227 1764 tibi

272 1783 467 1822 assidentes
483 1784 603 1823 habes.
621 1785 714 1823 Nam
730 1785 759 1823 si
778 1785 874 1824 viros
893 1786 1024 1825 habere
1043 1786 1229 1825 cohabita·
1264 1809 1279 1836 t

271 1854 366 1883 tores
379 1844 612 1897 concupiscis,
625 1859 693 1883 non
709 1845 896 1898 oportebat
912 1845 1152 1898 virginitatem
1166 1847 1231 1885 eli-

273 1918 377 1956 gere,
408 1904 469 1943 sed
497 1903 542 1943 ad
567 1904 709 1957 nuptias
729 1904 984 1944 transeundum
1003 1915 1076 1944 erat
1091 1923 1100 1944 z
1118 1906 1231 1945 multo

276 1966 372 2005 enim
388 1966 528 2020 :melius
547 1966 598 2005 sic
616 1966 800 2018 nupsisse,
821 1982 930 2020 quam
950 1969 1013 2007 illo
1034 1968 1139 2008 modo
1160 1969 1231 2008 vir-

274 2029 392 2081 ginem
413 2029 573 2083 profiteri
591 2028 727 2068 suisset.
747 2030 842 2068 Nam
862 2029 943 2068 illas
962 2030 1106 2082 nuptias
1121 2044 1232 2082 neque

277 2092 371 2131 Deus
386 2089 611 2139 condemnat,
628 2103 741 2141 neque
760 2089 921 2128 homines
938 2090 1203 2143 reprehendunt
1219 2107 1227 2129 :

274 2152 419 2192 honesta
434 2152 528 2191 enim
549 2166 602 2190 res
625 2160 696 2198 est,
716 2151 891 2190 neminem
904 2151 1106 2199 offendens,
1123 2153 1230 2191 nemi-

274 2228 355 2254 nem
372 2212 503 2253 laedens
518 2231 525 2252 :
540 2213 728 2264 virginitas
741 2222 860 2251 autem
871 2212 931 2251 illa
946 2229 1029 2253 cum
1044 2215 1133 2253 viris
1147 2214 1228 2268 plus

274 2274 321 2312 ab
351 2273 519 2313 omnibus
552 2273 740 2325 arguitur,
774 2287 881 2325 quam
913 2274 1102 2313 fornicatio
1136 2275 1224 2328 ipsa.

275 2337 437 2389 Namque
455 2349 560 2375 suum
576 2335 692 2389 perdit
710 2335 873 2375 ordinem
887 2366 897 2383 ,
914 2345 949 2375 et
966 2337 1000 2375 in
1019 2337 1233 2390 profundius

274 2412 382 2449 quam
401 2398 447 2437 sit
466 2396 708 2436 fornicationis
721 2396 929 2437 barathrum
949 2399 1058 2452 ejecta
1075 2408 1137 2438 est.
1155 2399 1233 2439 Non

274 2459 368 2497 enim
387 2457 520 2509 aliquis
538 2457 625 2496 l'eret
644 2471 725 2496 cum
741 2456 943 2509 virginibus
959 2458 1140 2497 numerari
1155 2472 1232 2497 cam

274 2533 354 2571 qum
370 2533 438 2558 non
453 2527 554 2558 curat
565 2530 646 2570 quae
660 2526 743 2557 sunt
762 2518 929 2565 Domini,
947 2528 982 2557 et
998 2519 1129 2558 multos
1152 2519 1237 2559 red-

275 2580 329 2619 ‹lit
347 2580 551 2628 adulteros,
573 2593 687 2631 neque
705 2592 788 2617 cum
807 2579 943 2632 nuptis.
961 2579 1027 2618 Illa
1047 2580 1141 2619 enim
1173 2595 1234 2620 cu-
1260 2608 1282 2638 Β

277 2656 352 2680 ram
372 2641 479 2680 habet
492 2670 502 2689 ‚
518 2639 851 2693 quomodoplaeeat
868 2640 944 2679 viro
961 2641 1021 2680 uni
1039 2658 1046 2678 ε
1065 2650 1102 2680 ιιι
1117 2650 1234 2681 autem

278 2712 315 2740 ut
335 2700 550 2750 innumeris,
572 2708 606 2738 et
623 2699 667 2738 iis
685 2699 746 2751 qui
767 2713 836 2738 non
858 2699 936 2751 lege
953 2701 1110 2754 conjugii
1131 2701 1203 2740 noti
1224 2734 1234 2750 ,

279 2761 340 2801 sed
355 2761 427 2801 atio
442 2760 599 2813 quodam
618 2759 725 2799 modo
745 2759 792 2799 ab
811 2761 982 2800 omuibus
1000 2760 1236 2802 condemnato

278 2832 311 2861 ct
332 2822 480 2875 rejecto:
495 2819 591 2859 unde
610 2834 733 2859 vereor
749 2833 792 2858 ne
807 2821 854 2859 ab
870 2830 1022 2873 utroque
1040 2819 1118 2861 loco
1135 2823 1237 2862 exei-

279 2880 369 2919 ‹lens
397 2879 433 2919 in
466 2879 659 2919 mulierum
690 2878 956 2918 inhonestarum
987 2879 1150 2920 otdinem
1179 2896 1237 2920 re-

281 2941 384 2980 dacta
412 2939 581 2980 videaris.
613 2939 759 2979 Etenim
779 2940 826 2979 ab
853 2941 1093 2994 appellatione
1113 2942 1188 2996 ipsa
1208 2944 1236 2982 si

283 3006 363 3058 quis
378 3020 452 3046 rem
466 3004 666 3058 dijudicare
682 3005 788 3052 velit,
807 3004 874 3058 ipsi
891 3005 1133 3046 contradicere
1147 3008 1241 3047 nibil

284 3070 473 3121 possimus.
494 3071 587 3110 Nam
602 3070 631 3109 si
648 3069 791 3122 quando
806 3069 841 3108 in
859 3071 974 3110 sorum
990 3085 1028 3110 se
1042 3073 1241 3121 conserant,

286 3136 343 3174 vel
361 3136 449 3175 alias
467 3151 583 3176 sermo
600 3137 698 3175 domi
719 3136 764 3176 de
785 3137 871 3191 ipsis
890 3137 933 3177 sit
953 3137 1049 3191 apud
1072 3153 1156 3191 eos,
1177 3141 1239 3192 qui

285 3199 471 3251 disputant
482 3200 526 3238 de
540 3200 692 3238 absurda
710 3200 917 3253 hujusmodi
933 3201 1176 3254 copulatione,
1192 3204 1239 3242 si·

287 3264 456 3316 gnificat-e
472 3266 627 3304 volentes
639 3267 735 3305 illam
748 3299 756 3312 ,
775 3268 883 3321 hujus
900 3279 1051 3320 vocant,
1071 3284 1139 3310 non
1164 3285 1239 3310 tna-

1253 1257 1277 1286 B

287 3341 398 3378 trem,
417 3344 528 3382 neque
542 3331 634 3370 enim
651 3333 753 3370 illum
769 3334 902 3385 peperit
917 3352 924 3375 ;
943 3349 1054 3386 neque
1067 3350 1237 3381 sororem,

328 3486 333 3498 ¹
365 3472 1026 3508 >lorcl.i.12v32121:⁷.buil.Luam-122.

1243 1771 1273 1794 251
1281 1770 1292 1795 'i

682 253 721 284 S.
759 253 945 284 JOANMS
980 252 1223 284 cntu'sosr.
1263 252 1472 284 ‚tacuit-21².
1508 253 1867 285 CONSTANTffloi’.

1298 336 1447 387 φθορὰν,
1464 339 1487 383 ἡ
1518 337 1635 389 ἡμέρα
1663 338 1812 384 δηλώσει
1841 354 1919 376 τοτε
1948 338 2062 385 ἐκείνη
2078 367 2088 385 ,
2108 339 2191 377 ὅταν
2213 341 2231 377 ὁ
2257 340 2322 383 ζῶν

1298 401 1359 435 τοῦ
1384 399 1478 436 θεοῦ
1503 397 1633 449 Λόγος,
1658 402 1678 437 ὁ
1702 398 1746 437 τὰ
1779 398 1918 449 κρυπτὰ
1948 402 2018 437 τῶν
2050 398 2244 452 ἀνθρώπων
2278 400 2328 442 εἰς

1300 459 1406 508 μέσον
1426 459 1539 511 ἄγων,
1559 460 1619 497 καὶ
1637 465 1707 503 τοῖς
1719 460 1832 511 λάθρα
1846 459 2039 510 γινομένοις
2051 460 2174 512 παρὼν
2185 490 2196 510 ,
2211 460 2328 499 πάντα

1300 518 1417 570 γυμνὰ
1437 519 1497 558 καὶ
1523 519 1827 572 τετραχηλισμένα
1847 520 1914 570 πρὸ
1929 522 1998 558 τῶν
2020 520 2186 559 ἁπάντων
2201 523 2329 573 ὀφθαλ-

1252 579 1276 609 1'
1302 584 1378 630 μῶν
1405 583 1448 633 θῇ
1467 596 1475 604 ·
1493 582 1571 620 τότε
1601 582 1765 630 εἰσόμεθα
1800 581 1937 626 καλῶς,
1960 583 1991 618 εἰ
2018 581 2151 620 τούτων
2170 582 2244 620 ἐστὶ
2263 597 2330 621 κα-

1301 641 1403 693 θαρόν
1433 657 1494 681 σου
1524 644 1565 681 τὸ
1598 645 1702 693 σῶμα
1733 643 1793 680 καὶ
1824 642 1994 681 πάντοθεν
2034 642 2197 695 ἄφθορον.
2227 643 2330 689 Πλὴν

1301 703 1378 741 ἀλλ’
1398 703 1495 743 οὐδὲν
1524 705 1614 756 ὓπὲρ
1642 704 1775 741 τούτων
1796 703 2119 754 ἀκριὸολογούμεθα
2137 731 2149 750 ,
2164 703 2242 742 mm
2266 719 2328 755 φι-

1296 766 1535 815 λονεικοῦμεν,
1557 765 1648 803 ἀλλὰ
1664 765 1791 804 κείσθω
1807 767 1893 808 τέως
1915 765 2001 802 αὐτὸ
2020 765 2162 803 πάντων
2193 765 2331 804 τούτων

1297 830 1359 863 {nrt
1367 826 1571 878 ρενηνέχθαι
1587 828 1655 864 τῶν
1667 826 1832 871 δικτύων,
1841 826 1902 864 καὶ
1913 826 1966 873 εἴη
1982 825 2150 864 πάντοθεν
2162 826 2329 878 καθαρὸν,

1298 888 1357 924 καὶ
1377 889 1492 934 πάσης
1513 889 1633 933 τ’,λευθε
1642 887 1765 940 ρώσθω
1787 887 1943 938 βλάὸης,
1959 888 2020 925 καὶ
2047 887 2182 934 μενέτω
2200 887 2330 939 παρθέ·

1299 963 1354 990 νος
1371 951 1390 994 ἦ
1406 948 1631 1000 παρθένος·τι’
1647 951 1750 986 τοῦτο
1766 948 1853 1000 πρὸς
1869 948 1912 986 τὰ
1930 948 2099 1000 εἰρημένα
2114 950 2198 1000 παρ’
2213 949 2329 998 ἦμῦν;

1301 1011 1371 1048 Καὶ
1390 1009 1457 1061 γὰρ
1470 1010 1515 1053 τὸ,
1530 1010 1726 1048 δεινότατον
1746 1009 1850 1048 τοῦτο’
1867 1011 1941 1048 ἐστι
1957 1040 1966 1057 ,
1982 1010 2040 1047 καὶ
2068 1009 2203 1060 μυρίων
2221 1010 2330 1061 γέμον

1301 1072 1478 1122 δακρύων,
1500 1072 1554 1110 ὅτι
1586 1076 1749 1110 τοσοῦτον
1776 1071 1941 1122 ὑπέμεινε
1963 1071 2068 1110 πόνον
2089 1071 2258 1110 πάντοθεν
2289 1071 2330 1108 τὸ

1300 1135 1404 1182 σῶμα
1433 1134 1647 1183 διατηροῦσα
1676 1132 1856 1183 ἀκριίῶς,
1889 1132 1949 1170 καὶ
1984 1133 2100 1171 πάντα
2134 1132 2193 1171 τὸν
2224 1131 2330 1170 πόνον

1300 1194 1484 1237 ἐξεκένωσε
1498 1223 1507 1238 ,
1525 1194 1584 1231 καὶ
1606 1196 1664 1232 τὸν
1685 1193 1815 1245 μόχθον
1833 1193 1946 1245 ἐξέχεε
1964 1194 2020 1232 διὰ
2037 1197 2099 1240 τῆς
2114 1196 2162 1238 εἷς
2178 1194 2329 1246 Χριστὸν

1301 1255 1550 1306 βλασφημίας,
1573 1255 1633 1292 καὶ
1661 1256 1724 1299 τῆς
1759 1255 1887 1305 σαρκὸς
1915 1255 2108 1305 φεισαμένη
2137 1257 2202 1301 τῆς
2230 1253 2331 1302 δόξης

1298 1317 1360 1353 οὐκ
1390 1314 1553 1366 ἐφείσατο
1583 1319 1645 1353 τοῦ
1676 1317 1796 1362 Θεοῦ,
1818 1315 1909 1354 ἀλλὰ
1930 1315 2024 1358 ὅπως
2056 1316 2121 1366 μὲν
2154 1315 2329 1368 ἀνέπαφον

1300 1377 1388 1427 αὐτῇ
1408 1375 1510 1426 μείνγΙ
1530 1377 1571 1414 τὸ
1590 1379 1694 1426 σῶμα
1707 1405 1717 1422 ,
1737 1376 1854 1414 πάντα
1873 1376 2035 1422 ἐποίησεν
2049 1404 2059 1421 ,
2076 1376 2170 1420 ὅπως
2188 1376 2225 1415 δὲ
2243 1378 2332 1415 ἐκεῖ·

1298 1453 1354 1480 νος
1391 1438 1440 1487 μὴ
1468 1438 1642 1489 ὓίρίζοιτο
1681 1438 1767 1488 μηδὲ
1802 1437 2075 1490 καταισχύνοιτο
2122 1437 2222 1491 παρὰ
2255 1443 2330 1482 τοῖς

1301 1501 1467 1547 πολλοῖς,
1505 1499 1583 1538 οὐδὲ
1617 1499 1719 1550 λόγον
1750 1499 1832 1551 ἔσχε
1867 1500 1958 1539 τινά.
1987 1499 2070 1538 Εἴθε
2101 1498 2164 1548 μὲν
2191 1493 2249 1538 οὖν
2278 1498 2328 1549 μὴ

1300 1561 1416 1599 πάντα
1441 1561 1591 1612 ἔπραττε
1622 1562 1682 1598 καὶ
1722 1561 1950 1607 ἐπετήδευεν,
1968 1560 2002 1605 ἐξ
2032 1554 2081 1598 ὧν
2100 1563 2122 1606 ἡ
2144 1563 2205 1598 τοῦ
2233 1561 2328 1600 Θεοῦ

1302 1626 1313 1641 ‘
1329 1622 1557 1660 διαῧάλλεται
1572 1614 1664 1666 δόξα.
1689 1623 1759 1659 Καὶ
1778 1623 1853 1665 πῶς
1868 1624 1970 1660 τοῦτο
1988 1623 2098 1669 ποιῶ;
2119 1620 2326 1672 :fenest-'Av-

1301 1683 1384 1734 δρας
1412 1682 1646 1721 άποκλείουοα
1680 1682 1769 1732 μετὰ
1788 1684 1921 1728 σαυτῆς
1953 1683 2010 1720 ἐπὶ
2029 1685 2093 1728 τῆς
2118 1682 2248 1729 οἰκίας,
2268 1682 2328 1722 καὶ

1303 1744 1491 1786 διαπαντός
1512 1759 1565 1782 σοι
1584 1743 1883 1795 παρακαθίζουσα.
1906 1745 1951 1782 Εἰ
1972 1743 2039 1796 γὰρ
2058 1743 2186 1795 ἄνδρας
2204 1745 2330 1782 ἐπιθυ-

1256 1823 1265 1836 ι
1303 1811 1378 1854 μεὶς
1398 1804 1490 1856 ἔχειν
1511 1808 1772 1851 συνοικοῦντας,
1790 1806 1851 1843 οὐκ
1870 1805 1937 1842 ἔδει
1957 1805 2146 1856 παρθενίαν
2168 1804 2329 1851 ἑλέσθαι,

1302 1866 1381 1903 ἀλλ’
1396 1866 1453 1904 ἐπὶ
1474 1866 1532 1904 τὸν
1551 1866 1664 1916 γάμον
1681 1866 1790 1903 ἐλθεῖν
1807 1881 1814 1888 ·
1829 1866 1950 1916 πολλῷ
1964 1864 2033 1917 γὰρ
2050 1865 2184 1916 βέλτιον
2203 1871 2331 1917 γαμεῖν

1303 1927 1465 1974 ἐκείνως,
1485 1927 1508 1974 ἢ
1527 1925 1750 1977 παρθενεύειν
1768 1926 1890 1970 οὕτως.
1914 1926 1986 1965 Τὸν
2011 1926 2074 1976 μὲν
2089 1927 2158 1980 γὰρ
2177 1931 2330 1966 τοιοῦτον

1303 1988 1416 2039 γάμον
1436 1988 1513 2027 οὔτε
1529 1991 1548 2026 ὁ
1565 1988 1656 2032 θεὸς
1673 1988 1923 2035 καταδικάζει,
1941 1987 2019 2026 οὔτε
2050 1987 2227 2040 ἄνθρωποι
2255 1989 2331 2027 δια·

1301 2049 1471 2088 Εάλλουσι
1485 2065 1492 2072 ·
1506 2049 1623 2100 τίμιον
1634 2048 1703 2102 γάρ
1715 2050 1788 2088 ἐστι
1804 2049 1844 2087 τὸ
1857 2055 2005 2101 πρᾶγμα
2016 2078 2025 2095 ,
2039 2050 2160 2087 οὐδένα
2173 2051 2328 2096 ἀδικοῦν,

1303 2111 1379 2150 οὐδὲ
1397 2113 1551 2159 πλῆττον
1567 2125 1575 2132 ·
1594 2113 1618 2157 ἡ
1637 2109 1673 2148 δὲ
1692 2110 1864 2162 παρθενία
1899 2110 1987 2156 αὕτη
2021 2113 2043 2156 ἢ
2076 2110 2166 2160 μετὰ
2195 2111 2331 2163 ἀνδρῶν

1303 2171 1465 2226 πορνείας
1479 2170 1726 2224 χαλεττιίιτερον
1746 2171 1843 2221 παρὰ
1873 2178 1960 2210 πᾶσι
1992 2171 2224 2218 διαὸἑὸληται
2239 2186 2248 2195 ·
2271 2172 2331 2210 καὶ

1303 2234 1366 2281 τὴν
1383 2233 1514 2273 οἰκείαν
1528 2233 1733 2272 ἀπολέσασα
1747 2232 1844 2277 τάξιν
1863 2262 1872 2280 ,
1894 2233 1991 2271 κάτω
2005 2248 2072 2271 που
2093 2233 2154 2271 καὶ
2164 2234 2250 2285 παρ’
2268 2234 2331 2272 αὖ·

1308 2295 1348 2333 τὸ
1368 2297 1430 2342 τῆς
1449 2293 1612 2347 πορνείας
1644 2293 1848 2340 ἐξεκυλίσθη
1873 2294 1912 2332 τὸ
1932 2295 2118 2348 βάραθρον.
2148 2293 2243 2334 Οὔτε
2262 2294 2332 2346 γὰρ

1307 2357 1397 2407 μετὰ
1431 2359 1500 2395 τῶν
1531 2355 1713 2408 παρθένων
1752 2355 1941 2407 ἀνάσχοιτο
1983 2370 2034 2399 τις
2067 2353 2108 2392 ἂν
2140 2355 2336 2407 ἀριθμῆσαι

1308 2418 1371 2466 τὴν
1406 2417 1456 2470 μὴ
1491 2417 1536 2457 τὰ
1567 2421 1628 2456 τοῦ
1660 2417 1789 2470 Κυρίου
1809 2419 2055 2469 μεριμνῶσαν,
2071 2415 2163 2455 ἀλλὰ
2192 2416 2337 2469 μυρίους

1308 2480 1545 2533 ἐργαζομένην
1564 2479 1710 2533 μοιχοὺς
1722 2509 1732 2527 ,
1754 2479 1832 2517 οὔτε
1867 2478 1957 2529 μετὰ
1975 2479 2045 2516 τῶν
2064 2478 2334 2531 γεγαμημίνων.

1308 2542 1453 2588 Ἰίκείνη
1471 2541 1535 2593 μὲν
1552 2540 1623 2593 γὰρ
1649 2540 1842 2593 φροντίζει,
1861 2540 1956 2584 ὅπως
1977 2538 2096 2592 ἀρίσιι
2127 2539 2179 2578 tvl
2208 2539 2307 2592 ἀνδρί
2325 2555 2334 2563 ·

1309 2602 1351 2642 σὺ
1372 2604 1407 2642 δὲ
1428 2602 1563 2655 μυρίοις
1580 2632 1590 2650 ,
1605 2603 1665 2640 καὶ
1684 2602 1818 2644 τούτοις
1838 2603 1877 2639 οὐ
1888 2601 1985 2654 νόμῳ
1998 2600 2113 2652 γάμου
2129 2599 2332 2653 γνωρίμοις,

1309 2663 1386 2703 ἀλλ’
1406 2663 1514 2717 ἑτέρῳ
1537 2663 1606 2701 τινὶ
1634 2663 1755 2714 τρόπῳ
1784 2661 2051 2713 διαὸεὸλημίνῳ
2069 2661 2130 2699 καὶ
2149 2675 2332 2712 κατεγνω-

1310 2727 1428 2778 σμένῳ
1461 2725 1559 2776 παρὰ
1595 2724 1748 2762 πάντων.
1768 2723 1876 2762 ’Ὀθιν
1910 2723 2049 2761 δέδοικα
2085 2721 2134 2773 μὴ
2164 2723 2227 2768 τῆς
2259 2722 2337 2775 χώ-

1312 2803 1373 2839 ρας
1394 2785 1562 2838 ὶκατίρας
1594 2785 1804 2831 ἐκὸληθεῖσα
1825 2783 1915 2834 μετὰ
1935 2786 2002 2822 τῶν
2022 2782 2257 2834 ἦτιμωμένων
2273 2799 2336 2835 γυ·

1310 2850 1438 2887 ναικῶν
1455 2850 1564 2899 φανῇς
1582 2845 1791 2896 ταττομένη.
1809 2844 1878 2883 Καὶ
1897 2843 1965 2896 γὰρ
1981 2844 2041 2882 καὶ
2058 2844 2128 2883 άπὸ
2148 2847 2211 2891 τ’ἧς
2228 2859 2337 2898 προσ·

1309 2909 1451 2960 ηγορίας
1473 2909 1598 2954 αὐτῆς,
1627 2906 1657 2945 εί
1682 2920 1734 2950 τις
1759 2909 1870 2944 ταῦτα
1902 2905 2123 2957 Ιᾅοηφίσασθαι
2151 2905 2334 2957 βούλοιτο,

1311 2970 1386 3009 οὐδὲ
1407 2972 1553 3009 ἐνταῦθα
1581 2969 1686 3007 πάλιν
1718 2970 1892 3006 ἀντειπεῖν
1908 2981 1942 3004 τι
1972 2966 2205 3017 δυνησόμεθα.
2217 2967 2335 3007 Ὅταν

1312 3032 1381 3084 γὰρ
1400 3031 1421 3078 ἢ
1441 3032 1488 3074 εἰς
1505 3030 1636 3081 ἀγορὰν
1654 3027 1876 3080 ἐμΰάλωσιν,
1898 3027 1920 3073 ἢ
1948 3028 2049 3079 λόγος
2069 3043 2123 3071 τις
2141 3028 2231 3068 οἶκοι
2255 3029 2336 3081 περὶ

1314 3095 1427 3132 αὐτῶν
1458 3093 1611 3144 γίνηται,
1630 3093 1661 3130 οἱ
1680 3088 1922 3141 διαλεγόμενοι
1947 3090 2028 3141 περὶ
2046 3093 2108 3136 τῆς
2122 3088 2255 3130 ἀτόπου
2274 3104 2338 3129 συ-

1313 3155 1431 3206 ζυγίας
1449 3153 1592 3201 ταύτης,
1607 3153 1765 3198 δηλῶσαι
1781 3151 1984 3201 βουλόμενοι
1999 3150 2063 3197 τὴν
2085 3154 2145 3189 τοῦ
2159 3151 2284 3199 δεῖνος,
2297 3152 2338 3190 οὗ

1315 3216 1375 3262 τὴν
1408 3215 1543 3266 μητέρα
1570 3214 1734 3252 καλοῦσιν
1752 3240 1762 3257 ,
1783 3211 1858 3250 οὐδὲ
1879 3211 1945 3263 γὰρ
1965 3213 2066 3250 αὐτὸν
2097 3211 2213 3250 ἱτικεν
2224 3240 2236 3257 ,
2257 3210 2337 3250 οὖδὶ

1315 3279 1376 3322 τὴν
1397 3275 1548 3328 ἀδελφὴν
1562 3306 1571 3324 ,
1601 3274 1677 3315 οὐδὲ
1703 3273 1770 3325 γὰρ
1803 3273 1863 3316 τὰς
1895 3273 2002 3317 αὐτὸς
2035 3274 2154 3312 ἔλυσεν
2186 3273 2312 3317 ὠδῖνας
2326 3302 2337 3319 ,

1313 3338 1388 3377 οὶδὲ
1406 3338 1468 3383 τὴν
1488 3336 1662 3388 γαμετὴν,
1685 3335 1759 3373 οὐδὲ
1781 3334 1847 3385 γὰρ
1867 3336 1961 3385 νόμῳ
1982 3336 2096 3385 γάμου
2119 3335 2334 3386 συνῴκησεν,
