2513 3871
102 1884 128 1903 ι.
146 1874 284 1903 ΤΙισςς.2.

101 1918 152 1946 16.

96 2123 161 2152 Non
215 2124 286 2152 fidu-s

96 2166 195 2197 modo.
236 2166 284 2192 sed

209 2207 285 2234 bona

95 2250 271 2285 requiritur.

96 2209 154 2233 vita

96 2546 208 2574 lttnuh.
230 2557 259 2585 7.

94 2589 230 2618 21—25.

312 174 379 236 64

313 277 382 312 tim
402 274 538 311 horror
555 272 769 321 mentisque
784 277 918 319 stupor
933 271 1154 319 occupavit,
1167 269 1271 306 etad

309 340 430 377 talem
449 344 643 387 aspectum
665 335 780 385 quasi
803 335 901 370 cenei
921 333 1043 384 defixi
1061 341 1268 373 steterunt.

308 399 391 437 Illa
407 410 522 444 vero,
538 396 663 442 Meus,
679 396 807 445 inquit
822 423 832 440 ‚
849 402 906 430 est
921 394 1030 444 filius
1045 396 1237 445 genuinus
1254 424 1265 444 ‚

309 471 478 509 opusque
498 469 635 493 meum.
659 455 868 500 comedite,
894 468 986 492 nam
1002 463 1037 492 et
1058 457 1145 506 ipsa
1165 468 1271 493 com-

308 520 369 556 edi
390 534 401 554 .·
422 531 468 555 ne
484 519 568 555 sitis
591 515 658 554 vel
679 515 838 553 muliere
858 515 1068 563 molliores,
1096 517 1165 554 vel
1193 530 1270 555 ma-

308 589 367 617 tre
379 578 715 616 misericordiores.
739 577 852 627 Quod
869 580 902 614 si
917 590 989 614 vos
1002 579 1185 627 pietatem
1205 592 1267 616 eo-

308 641 388 678 litis
404 669 413 685 ,
449 640 691 689 hostiamque
734 650 858 674 meam
888 640 1130 676 aversamini
1154 653 1166 674 .-
1201 653 1268 690 ego

307 700 464 752 quidem
481 699 684 736 dimidium
703 697 956 746 manducavi,
980 699 1163 750 quodque
1181 700 1270 738 reli·
1293 705 1317 736 C

309 775 429 812 quum
451 769 505 798 est
526 761 623 797 mihi
640 766 812 796 maneat.
829 758 927 797 Post
940 760 1021 797 haec
1032 760 1096 798 illi
1115 761 1271 813 quidem

309 829 518 859 trementes
535 823 725 866 exierunt,
747 820 820 857 hac
842 834 923 858 una
939 829 1092 859 tantum
1108 824 1149 858 1'n
1163 836 1204 859 re
1221 826 1271 860 ti·-

309 883 506 928 midiores,
525 895 687 934 eamque
703 882 772 918 vir
786 895 912 920 escam
928 884 1047 920 matri
1058 884 1267 921 conceden-

309 951 380 981 tes.
413 944 528 981 Tanti
548 944 681 981 statim
697 943 892 993 facinoris
915 944 1038 994 sama
1067 947 1157 983 urbs
1187 953 1269 982 tota

307 1004 460 1055 repleta
488 1011 541 1041 est
558 1033 569 1049 ‚
590 1016 637 1041 ac
654 1017 734 1054 prae
754 1003 876 1041 oculis
894 1003 1040 1055 singuli
1052 1018 1135 1042 eam
1154 1005 1269 1044 cala-

312 1067 482 1102 mitatem
502 1071 698 1115 ponentes,
721 1077 798 1101 non
818 1077 925 1102 secus
943 1078 990 1102 ac
1009 1067 1043 1102 si
1063 1068 1134 1117 ipsi
1137 1067 1269 1118 secis-

310 1135 392 1164 sent
408 1126 742 1165 exhorrescebant.
768 1125 844 1175 Qui
861 1125 972 1177 same
992 1128 1270 1165 cruciabantur

309 1195 466 1224 mortem
486 1187 739 1237 expetebant,
764 1188 973 1238 beatosque
997 1189 1267 1238 proedicabant

307 1261 386 1295 eos,
416 1252 482 1299 qui
503 1249 578 1285 hac
593 1261 634 1284 re
655 1248 825 1284 nondum
847 1249 1005 1295 audita,
1028 1249 1164 1300 hisque
1191 1263 1267 1286 non

307 1313 515 1358 conspectis
535 1308 651 1345 malis
671 1309 926 1345 decesserant.
948 1309 1035 1346 Cito
1050 1309 1105 1345 ad
1120 1310 1265 1347 Roma-

307 1383 376 1407 nos
388 1369 543 1420 perlata
559 1377 612 1406 est
626 1369 706 1406 hoec
726 1368 949 1406 calamitas.
971 1370 1034 1406 Ex
1051 1371 1098 1406 iis
1113 1369 1184 1406 alii
1193 1383 1266 1407 non

306 1430 536 1475 credebant,
559 1429 631 1467 alii
654 1431 954 1478 miserabantur,
981 1430 1141 1481 plurimi
1173 1443 1266 1468 vero

309 1495 350 1529 in
372 1493 500 1542 majus
517 1491 641 1542 gentis
657 1490 787 1527 odium
800 1498 1044 1528 exarserunt.

360 1554 400 1590 6.
421 1551 505 1589 llaec
528 1551 714 1601 multoque
733 1550 788 1588 his
817 1551 991 1589 atrociora
1023 1552 1264 1604 patiebantur,

305 1626 376 1651 non
397 1613 502 1650 modo
522 1612 607 1663 quia
637 1612 821 1650 Christum
846 1612 943 1651 cruci
963 1613 1177 1662 affixerant,
1203 1615 1264 1654 sed

305 1673 391 1725 quia
412 1682 490 1726 post
509 1673 585 1711 baec
610 1673 788 1725 apostolos
812 1687 850 1711 ea
874 1673 970 1724 loqui
991 1675 1260 1726 prohibebant,

305 1748 382 1785 quse
401 1734 447 1771 ad
461 1733 610 1771 salutem
631 1743 787 1772 nostram
805 1734 1032 1786 pertinerent.
1056 1736 1162 1782 Quod
1181 1751 1265 1776 sane

303 1796 428 1835 beatus
445 1796 579 1835 Paulus
595 1795 736 1833 crimini
758 1795 861 1842 dans,
881 1796 956 1834 haec
977 1797 1050 1835 illis
1071 1798 1162 1836 mala
1178 1813 1264 1850 prce-

305 1857 486 1896 nuntiavit
506 1871 514 1894 :
535 1858 718 1895 Pervenit
738 1859 841 1895 enim
861 1871 976 1909 super
995 1872 1058 1897 eos
1075 1862 1134 1897 ira
1156 1862 1197 1896 in
1207 1860 1264 1911 s-

306 1933 404 1957 nem.
417 1919 461 1957 Et
477 1918 564 1970 quid
578 1918 669 1966 haec,
691 1916 826 1966 dicent,
844 1917 890 1956 ad
912 1919 1005 1956 nos?
1026 1933 1093 1958 non
1109 1921 1201 1958 enim
1217 1921 1265 1959 il-

304 1980 357 2019 los
377 1994 395 2017 a
417 1978 488 2017 fide
507 1978 733 2027 abduclulus,
762 1993 874 2029 neque
893 1993 912 2017 a
930 1979 1196 2031 praedicatione.
1221 1984 1265 2020 At

304 2040 392 2091 qnid
415 2054 549 2090 quaeso,
567 2038 655 2077 fides
685 2039 840 2078 conferet
860 2041 1115 2090 emolumenti,
1138 2043 1166 2080 si
1186 2043 1258 2081 vita

305 2114 394 2152 pura
411 2115 479 2139 non
500 2101 634 2139 suerit?
652 2102 787 2140 Verum
805 2100 877 2139 llaec
897 2115 960 2139 vos
974 2101 1063 2140 forte
1079 2102 1263 2153 ignoratiS,

303 2161 434 2211 quibus
455 2170 570 2199 nostra
592 2161 711 2199 omnia
730 2161 848 2213 ignota
865 2171 958 2199 sunt.
977 2161 1054 2213 Ego
1069 2172 1185 2201 autem
1201 2178 1263 2202 vo-

304 2221 359 2259 bis
382 2221 517 2259 Christi
534 2221 722 2259 sententias
733 2222 972 2261 enumerabo:
997 2224 1190 2263 observetis
1204 2239 1263 2262 ve-

302 2282 367 2320 lim
390 2296 631 2332 numquamne
650 2281 695 2319 de
713 2282 782 2319 vita
801 2282 1019 2332 requiratur,
1036 2284 1094 2321 sed
1112 2299 1176 2337 pro
1192 2285 1264 2323 fide

304 2352 443 2381 tantum
467 2353 499 2381 et
515 2343 745 2394 dogmatibus
765 2343 940 2395 supplicia
963 2345 1153 2383 constituta
1175 2345 1259 2385 sint.

301 2404 391 2442 Cum
411 2404 503 2441 enim
526 2404 560 2441 in
583 2413 737 2441 montem
758 2403 987 2453 ascendisset,
1010 2405 1134 2444 videns
1152 2406 1260 2445 innn—

300 2478 433 2502 meram
453 2465 757 2503 circumfluentem
773 2465 1262 2520 multitudinem,praemissis

299 2526 381 2563 aliis
410 2527 570 2573 monitis,
599 2525 741 2564 dicebat
763 2542 770 2562 :
792 2527 881 2564 Non
909 2531 1034 2566 omnis
1066 2533 1135 2580 qui
1166 2531 1262 2568 dicit

302 2588 412 2631 mihi,
440 2588 625 2634 Domine,
654 2588 835 2635 Domine,
860 2590 1023 2626 intrabit
1039 2591 1079 2626 in
1101 2604 1262 2641 regnum

301 2647 482 2685 caelorum
498 2678 508 2693 ,
532 2648 600 2685 sed
624 2649 808 2699 quisacit
840 2649 1090 2687 voluntatem
1128 2652 1262 2690 Patris

303 2711 389 2745 mei.
421 2709 509 2746 Item
527 2738 536 2753 ‚
559 2709 676 2746 Malta
705 2710 834 2746 dicent
870 2712 965 2747 mihi
989 2713 1031 2747 in
1064 2712 1127 2749 clie
1158 2712 1230 2750 illa
1250 2743 1259 2760 ,

304 2783 432 2806 nonne
467 2773 508 2806 in
542 2772 696 2807 nomine
721 2779 786 2808 tuo
801 2773 1130 2823 prophetavimus,
1155 2782 1191 2811 et
1221 2776 1262 2811 in

305 2833 458 2867 nomine
486 2839 550 2867 tuo
582 2832 778 2868 (hemonia
813 2834 994 2882 ejecimus
1011 2862 1022 2880 ‚
1056 2843 1092 2871 et
1122 2836 1162 2871 in
1195 2849 1263 2871 no-

304 2893 408 2928 mine
431 2900 496 2928 1110
518 2894 684 2928 virtutes
707 2892 1034 2945 multassecimus
1050 2899 1066 2931 Ρ
1087 2896 1138 2932 Et
1173 2903 1263 2933 tunc

304 2952 517 3000 confitebor
528 2952 608 2989 illis
627 2967 637 2987 .·
662 2953 839 2990 Recedite
855 2968 880 2991 a
902 2968 960 2990 me
971 2957 1038 3005 qui
1051 2957 1264 3005 operamini
1283 2993 1314 3017 ω

303 3014 549 3062 iniquitatem
569 3028 579 3051 .·
608 3026 685 3049 non
706 3015 796 3050 novi
815 3027 901 3051 vos.
927 3015 1019 3052 Eum
1038 3030 1119 3053 vero
1134 3016 1267 3066 quinu-
1290 3031 1314 3060 Λ

303 3071 358 3110 dit
377 3087 554 3111 sermones
578 3073 690 3124 ipsius
709 3103 718 3114 .
749 3083 782 3111 et
804 3088 871 3111 non
894 3075 976 3113 facit
990 3105 999 3122 ‚
1019 3076 1173 3114 similem
1194 3090 1267 3115 esse

303 3132 402 3171 dixit
418 3133 552 3170 homini
574 3135 688 3183 fatuo,
710 3133 856 3172 domuin
876 3149 977 3173 suam
995 3150 1101 3188 snper
1120 3151 1264 3175 arenam

737 188 776 219 S.
812 185 998 218 JOANNJS
1037 184 1279 216 cnm'SOST.
1320 186 1528 219 Ancntffl’.
1566 188 1923 222 CONSTANTINOP-

1340 268 1410 320 ἐγὼ
1431 269 1596 323 βέὸρωκα
1610 287 1617 294 ·
1639 271 1688 322 μὴ
1710 272 1855 324 γένησθε
1872 274 1961 324 μήτε
1981 274 2227 326 μαλακώτεροι
2246 290 2370 327 γυναι·

1337 331 1410 378 κὸς,
1440 331 1529 382 μήτε
1551 333 1832 385 συμπαθέστεροι
1862 335 2003 387 μητρός.
2027 337 2071 374 Εἰ
2098 337 2128 374 δ’
2156 339 2256 387 ὑμεῖς
2275 339 2370 375 εὗσε-

1339 391 1425 438 ὅεῖς,
1448 393 1507 431 καὶ
1534 394 1598 442 τὴν
1618 394 1706 444 ἐμὴν
1739 395 1997 447 ἀποστρέφεσθε
2027 397 2178 442 θυσίαν,ο
2205 397 2274 448 ἐγὼ
2301 396 2365 447 μὲν

1339 453 1449 504 ἥμισυ
1472 454 1648 507 βέδρωκα,
1665 456 1723 494 καὶ
1744 457 1782 495 τὸ
1800 457 1920 494 λοιπὸν
1936 459 1964 495 δ’
1981 458 2059 508 ἐμοὶ
2082 458 2247 507 μεινάτω.
2265 458 2368 498 Μετὰ

1341 518 1451 553 ταῦτα
1469 518 1499 554 οἱ
1516 517 1578 567 μὲν
1598 516 1782 567 τρέμοντες
1802 516 1946 568 ἐξῄεσαν
1968 518 2052 570 πρὸς
2071 517 2106 556 ἓν
2129 523 2229 557 τοῦτο
2249 518 2370 565 δειλοὶ,

1341 575 1401 613 καὶ
1431 576 1538 626 μόνης
1564 577 1694 624 ταύτης
1714 579 1775 622 τ’ἧς
1795 580 1923 629 τροτρῆς
1946 580 1990 629 τῇ
2015 578 2122 629 μητρὶ
2145 579 2369 630 παραχωρή-

1342 651 1474 681 σαντες.
1486 637 1702 684 Ἀνεπλήσῡη
1722 639 1751 675 δ’
1773 638 1895 682 εὐθέως
1915 638 1979 685 δ’λη
1996 644 2056 678 τοῦ
2072 638 2199 690 μύσους
2214 643 2234 686 ἡ
2251 640 2367 683 πόλις,

1343 697 1402 735 καὶ
1421 698 1489 750 πρὸ
1505 700 1675 749 ὀμμάτων
1692 699 1838 742 ἕκαστος
1858 699 1896 737 τὸ
1917 699 2025 742 πάθος
2040 699 2247 750 λαμδάνων,
2259 699 2275 720 ‘¹
2295 700 2369 740 ὥσ-

1342 774 1408 810 περ
1428 761 1521 811 αὐτῷ
1541 759 1712 809 τολμηθὲν
1730 759 1906 810 ἔρριττεν·
1924 760 2056 806 σπουδὴ
2079 759 2114 798 δὲ
2141 762 2210 798 τῶν
2229 761 2368 811 λιμωτ-

1341 818 1470 857 τόντων
1486 820 1542 858 ἐπὶ
1563 820 1619 858 τὀν
1641 820 1785 858 Θάνατον
1801 815 1859 867 ἦν,
1875 821 1934 858 καὶ
1954 821 2176 873 μακαρισμὸς
2194 823 2263 859 τῶν
2280 824 2370 873 φθα-

1343 881 1490 928 σάντων,
1506 881 1587 933 πρὶν
1609 884 1755 920 ἀκοῦσαι
1773 881 1832 919 καὶ
1848 881 2037 920 ΟεάσασΟαι
2052 884 2247 928 τηλικαῦτα
2262 882 2368 921 κακά.

1343 941 1493 993 Ταχέως
1522 942 1556 981 δὲ
1586 944 1644 980 καὶ
1663 942 1856 992 Ῥωμαίοις
1875 942 2063 994 διηγγέλθη
2083 942 2123 981 τὸ
2141 943 2261 986 πάθος.
2285 945 2367 982 Τῶν

1343 1002 1378 1041 δὲ
1396 1006 1426 1041 οἱ
1445 1002 1509 1054 μὲν
1527 1003 1696 1050 ἠπίστουν
1713 1033 1722 1048 ,
1743 1006 1774 1042 οἱ
1801 1004 1835 1042 δὲ
1855 1003 2041 1056 ᾤκτειρον,
2063 1002 2139 1047 τοὺς
2164 1004 2200 1042 δὲ
2221 1003 2369 1049 πολλοὺς

1343 1066 1389 1108 εἷς
1407 1070 1506 1116 μῖσος
1521 1068 1580 1103 τοῦ
1594 1064 1707 1109 ἔθνους
1727 1064 1955 1118 σφοδρότερον
1970 1064 2096 1112 συνέὸη
2116 1066 2310 1117 προελθεῖν.

1391 1548 1515 1586 Ταῦτα
1533 1547 1568 1587 δὲ
1586 1547 1754 1600 ἔπασχον,
1766 1549 1824 1587 καὶ
1837 1550 1957 1601 πολλῷ
1970 1548 2099 1589 τούτων
2116 1548 2365 1602 χαλεπώτερα,

1338 1610 1400 1646 οὐκ
1418 1608 1536 1655 ἐπειδὴ
1551 1609 1609 1648 τὸν
1631 1610 1780 1661 Χριστὸν
1798 1609 2020 1662 ἐσταύρωσαν
2042 1611 2161 1661 μόνον,
2178 1613 2255 1649 ἀλλ’
2272 1611 2367 1649 ἕπει-

1339 1668 1380 1716 δὴ
1401 1669 1460 1707 καὶ
1484 1669 1573 1720 μετὰ
1593 1673 1703 1707 ταῦτα
1722 1669 1799 1714 τοὺς
1815 1670 2026 1714 ἀποστόλους
2046 1670 2198 1710 ἐκώλυον
2218 1670 2262 1709 τὰ
2280 1671 2367 1723 πρὸς

1339 1730 1515 1782 σωτηρίαν
1533 1733 1651 1769 λαλεῖν
1671 1730 1735 1777 τὴν
1755 1730 1942 1783 ἡμετέραν.
1958 1732 2075 1785 ’Ὸπερ
2098 1726 2156 1771 οῧν
2178 1732 2238 1770 καὶ
2259 1735 2278 1771 ὁ
2298 1748 2368 1783 μα-

1339 1792 1459 1843 κάριος
1493 1793 1632 1835 Παῦλος
1664 1793 1778 1830 αὐτῶν
1814 1792 2078 1844 κατηγορήσας,
2107 1798 2216 1831 ταῦτα
2252 1795 2367 1837 αὐτοῖς

1339 1853 1575 1904 προεφήτευσε
1588 1853 1632 1890 τὰ
1654 1852 1744 1891 κακὰ
1767 1851 1886 1900 εἰπὼν,
1907 1853 1960 1890 ὅτι
1974 1853 2152 1905 Ἔφθασεν
2168 1853 2226 1892 ἐπ’
2245 1852 2367 1898 αὐτοὺς

1339 1916 1360 1959 ἢ
1385 1913 1471 1967 ὀργὴ
1493 1915 1540 1957 εἷς
1560 1913 1669 1958 τέλος.
1689 1913 1757 1951 Καὶ
1778 1914 1812 1951 τί
1836 1918 1946 1952 ταῦτα
1966 1914 2052 1964 πρὸς
2067 1917 2163 1964 ἡμᾶς
2182 1929 2309 1967 φησιν;
2328 1915 2367 1953 οὗ

1337 1972 1406 2025 γὰρ
1423 1973 1464 2020 δὴ
1487 1977 1548 2020 τῆς
1565 1974 1715 2018 πίστεως
1736 1974 1937 2026 ἀπάγομεν,
1955 1974 2032 2013 οὐδὲ
2052 1979 2111 2014 τοῦ
2130 1975 2364 2027 κηρύγματος.

1339 2034 1408 2072 Καὶ
1435 2034 1468 2072 τί
1488 2037 1550 2080 τῆς
1578 2034 1727 2079 πίστεως
1750 2035 1870 2086 ὄφελος
1886 2064 1895 2081 ,
1912 2035 1988 2073 εἶπέ
2007 2051 2087 2086 μοι,
2105 2035 2180 2087 βίου
2199 2035 2249 2086 μὴ
2269 2036 2367 2081 ὄντος

1337 2099 1515 2148 καΟαροῧ;
1536 2096 1629 2134 Ἀλλ’
1646 2100 1744 2146 ὑμεῖς
1769 2095 1831 2146 μὲν
1855 2097 1939 2139 ἴσως
1967 2099 2121 2148 ἀγνοεῖτε
2155 2097 2215 2135 καὶ
2234 2101 2365 2143 ταῦτα,

1338 2155 1400 2194 ἅτε
1417 2156 1475 2194 καί
1494 2159 1562 2194 τῶν
1580 2157 1760 2209 ἡμετέρων
1786 2157 1879 2199 ὄντες
1900 2157 2042 2204 ἀνήκοοι
2063 2157 2221 2196 πάντων·
2238 2157 2308 2208 ἐγὼ
2328 2157 2365 2195 δὲ

1337 2220 1417 2268 ὑμῖν
1449 2218 1745 2269 ἀπαριθμήσομαι
1775 2221 1833 2256 τοῦ
1864 2221 2018 2270 Χριστοῦ
2054 2219 2115 2262 τὰς
2155 2218 2361 2271 ἀποφάσεις.

1338 2278 1407 2316 Καὶ
1427 2284 1663 2331 παρατηρεῖτε
1685 2281 1802 2328 ὑμεῖς,
1825 2281 1851 2316 εἷ
1879 2281 2044 2330 μηδαμοῦ
2068 2279 2140 2330 βίος
2165 2281 2364 2332 ἐγκαλεῖται

1336 2340 1426 2387 τότε,
1442 2341 1518 2378 ἀλλ’
1532 2339 1619 2392 ὑπὲρ
1643 2339 1793 2383 πίστεως
1811 2341 1917 2391 μόνης
1937 2340 1998 2378 καὶ
2023 2340 2205 2391 δογμάτων
2233 2340 2276 2380 τὰ
2295 2342 2365 2378 τῶν

1336 2402 1513 2440 κολάσεων
1543 2400 1863 2454 ὥρισται.Ἐπειδ·>,
1883 2402 1950 2455 γὰρ
1977 2404 2024 2446 εἷς
2056 2403 2095 2441 τὸ
2119 2403 2196 2454 ὄρος
2216 2403 2364 2450 ἀνῆλθε,

1337 2462 1448 2502 πολὺν
1468 2462 1550 2501 ἰδὼν
1571 2463 1676 2516 ὄχλον
1697 2463 1924 2517 περιῤῥέοντα
1940 2464 2055 2511 αὐτὸν,
2071 2463 2160 2514 μετὰ
2179 2463 2242 2507 τὰς
2258 2464 2366 2507 ἄλλας

1336 2524 1557 2577 παραινέσεις
1573 2525 1764 2575 ἔλεγεν·οὐ
1777 2531 1844 2568 πᾶς
1855 2528 1872 2562 ὁ
1888 2523 1997 2575 λέγων
2015 2540 2087 2575 μοι,
2108 2523 2225 2576 Κύριε,
2240 2523 2363 2575 Κύριε,

1336 2585 1568 2624 εἰσελεύσεται
1590 2587 1637 2628 εἷς
1662 2584 1724 2631 τὴν
1758 2584 1939 2635 βασιλείαν
1967 2587 2036 2622 τῶν
2064 2585 2237 2634 οὐρανῶν,
2253 2585 2330 2622 ἀλλ’
2346 2587 2365 2622 ὁ

1335 2649 1443 2685 ποιῶν
1459 2646 1499 2684 τὸ
1517 2647 1653 2695 θέλημα
1667 2650 1727 2683 τοῦ
1744 2644 1884 2696 Πατρός
1901 2659 1983 2694 μου·
1999 2643 2057 2681 καὶ
2070 2673 2079 2690 ,
2095 2643 2225 2682 Πολλοὶ
2246 2643 2365 2694 ἐροῦσί

1337 2724 1396 2759 μοι
1417 2709 1451 2745 ἐν
1466 2706 1580 2758 ἐκείνῃ
1601 2709 1643 2756 τῇ
1665 2705 1817 2758 ἡμέρα·ε
1837 2707 1874 2742 οὐ
1898 2707 1948 2756 τῷ
1968 2707 2019 2756 σῷ
2038 2703 2184 2754 ὀνόματι
2203 2719 2364 2757 προειρη-

1334 2768 1518 2818 τεύσαμεν,
1539 2767 1598 2805 καὶ
1627 2770 1676 2819 τῷ
1704 2768 1754 2817 σῷ
1786 2766 1931 2814 ὀνόματι
1951 2765 2116 2814 δαιμόνια
2134 2764 2360 2816 ἐξεὸάλομεν,

1336 2828 1394 2868 καὶ
1412 2832 1461 2881 τῷ
1480 2830 1530 2880 σῷ
1550 2828 1695 2878 ὀνόματι
1714 2826 1875 2875 δυνάμεις
1892 2826 2023 2870 πολλὰς
2044 2826 2279 2875 ἐποιήσαμεν,
2295 2827 2364 2866 Καὶ

1335 2891 1412 2929 τότε
1429 2889 1634 2941 ὁμολογήσω
1662 2890 1793 2934 αὐτοῖς,
1813 2889 2029 2940 &nost-ipsit&
2059 2887 2119 2925 ἀπ’
2138 2888 2222 2937 ἐμοῦ
2254 2889 2285 2926 οἱ
2307 2890 2365 2940 ἐρ-

1336 2951 1521 3004 γαζόμενοι
1541 2949 1604 2996 τὴν
1625 2949 1785 2999 ἀνομίαν,
1804 2949 1866 2986 οὐκ
1883 2942 1957 2986 οἶδα
1973 2951 2075 2997 ὑμᾶς.
2093 2948 2162 2987 Καὶ
2181 2947 2238 2986 τὸν
2255 2948 2363 2987 ἀκού-

1338 3029 1418 3052 οντα
1447 3012 1509 3063 μὲν
1522 3042 1531 3058 ,
1549 3012 1587 3048 οὐ
1607 3014 1772 3048 ποιοῦντα
1794 3009 1827 3046 δὲ

1339 3074 1463 3127 ἔφησεν
1482 3072 1580 3125 ἀνδρὶ
1601 3074 1708 3122 μωρῷ
1738 3064 1824 3108 εἶναι
1850 3070 1912 3116 τὴν
1930 3071 2042 3107 οἰκίαν
2063 3069 2120 3108 ἐπὶ
2137 3069 2201 3116 τὴν
2217 3069 2363 3122 ψάμμον

1340 3136 1596 3184 οἰκοδομοῦντι,
1625 3132 1684 3170 καὶ
1712 3137 1880 3180 ποταμοῖς
1913 3131 1971 3168 καὶ
2000 3133 2110 3174 ὑετοῖς
2135 3130 2193 3169 καὶ
2222 3130 2363 3181 ἀνέμοις

1857 3008 1931 3052 τοὺς
1951 3011 2070 3060 λόγους
2099 3011 2217 3057 αὐτοῦ,
2244 3008 2364 3059 ὅμοιον

346 3248 359 3261 ⁶
384 3237 487 3271 Savil.
506 3245 540 3269 ct
557 3249 638 3269 unus
655 3243 709 3278 ἐγὼ
726 3241 939 3284 οὖυβὲθρωκα.
962 3240 1054 3273 Infra
1077 3241 1181 3275 savit.
1201 3249 1233 3273 et
1250 3239 1318 3273 duo
1353 3237 1509 3280 Josnphi,
1539 3242 1577 3275 ὡς
1602 3234 1674 3280 παρ’
1693 3239 1772 3276 aina
1789 3240 2013 3273 καινοτοιιηθέν.
2043 3233 2173 3267 Ibidem
2202 3236 2312 3272 σπουδὴ
2330 3235 2363 3267 δὲ

308 3290 386 3322 uss.
406 3296 454 3323 καὶ
470 3298 562 3332 μόνης
582 3294 690 3328 ταῦτ-ης
710 3300 830 3336 τιουρῆς.
849 3291 963 3324 Morcl.
983 3300 1016 3324 cl.
1034 3293 1136 3326 Sav'tl.
1161 3295 1193 3326 in
1212 3303 1319 3336 marg.

306 3347 355 3376 καὶ
368 3349 454 3384 μόλις
467 3346 584 3379 τοῦτ-ης.
600 3342 821 3384 [Recepimus
838 3351 942 3384 μόνης.
964 3345 974 3386 ]

350 3393 366 3419 11
384 3395 438 3427 Sic
463 3393 565 3426 Savil.
591 3401 623 3426 et
649 3394 726 3426 lus-u
746 3394 858 3426 Editio
875 3403 985 3428 nutem
1006 3396 1118 3429 Morot.
1144 3408 1183 3429 ex
1214 3396 1314 3430 Edito

1353 3295 1431 3326 ὅλων
1451 3295 1575 3334 λιμωττ-
1596 3289 1650 3320 Sic
1668 3285 1739 3318 duo
1756 3288 1830 3318 δίκε.

1399 3353 1412 3369 e
1438 3344 1512 3374 Duo
1529 3341 1605 3375 MSS.
1626 3343 1724 3384 κύριε,
1744 3342 1844 3384 κύριε,
1863 3342 1896 3373 οὑ
1913 3347 1953 3382 τῷ
1970 3347 2020 3381 σῷ.
