2513 3871
118 1078 203 1106 l'sal.
233 1086 290 1115 109

105 1993 194 2021 Psal.
222 2001 279 2033 ‘⁴09

109 2043 134 2062 Ι.
151 2043 183 2062 2·

98 2235 144 2267 ΙΙ’.
165 2248 192 2264 v.
210 2235 242 2266 3.

102 2495 146 2522 ΙΙι.
164 2502 189 2517 v.
209 2491 239 2527 4.

99 2538 188 2565 llehr.
206 2536 235 2565 5.
252 2537 282 2566 6.

96 3090 222 3120 numo.
237 3100 244 3119 t
258 3101 282 3120 ι.

101 3338 179 3370 Ιῖτόν
200 3351 228 3381 2·-
246 3348 271 3372 Ι.

317 252 409 299 8ι8

759 269 798 300 S.
838 269 1023 301 JOANMS
1059 268 1300 300 cnRYSOST.
1342 270 1551 304 aucun-21³.
1590 273 1951 315 QONSTANUNOP.

314 349 552 390 sacerdotium
569 349 674 397 illud,
698 359 732 388 et
751 351 827 390 haec
844 352 1021 391 sacrificia
1039 360 1143 404 atque
1161 351 1267 390 obla·
1296 357 1322 389 E
1343 353 1478 408 Ἀαρὼν
1491 384 1501 402 ,
1533 356 1626 396 ἀλλὰ
1651 358 1745 397 κατὰ
1761 358 1827 406 τὴν
1846 359 1943 404 τάξιν
1962 359 2187 412 Μελχισεδὲκ
2200 388 2211 406 ,
2229 362 2373 409 εὔδηλον

315 411 441 459 tiones,
458 410 664 449 exoriturus
692 421 783 451 esset
814 413 980 452 sacerdos
1003 413 1112 463 alius,
1135 427 1204 452 non
1225 427 1269 452 ex

315 471 376 509 illa
393 471 505 517 tribu,
519 470 578 509 sed
594 485 640 509 ex
659 471 744 521 alia,
766 486 812 512 ex
832 488 904 526 qua
921 487 1117 526 numquam
1134 483 1272 513 creatus

314 540 365 571 est
392 530 572 578 sacerdos,
609 546 680 572 non
699 533 896 574 secundum
919 535 1083 574 ordinem
1104 536 1270 582 Aaronis,

313 591 375 630 sed
402 591 596 631 secundum
625 594 788 634 ordinem
807 595 1072 635 Melchisedech
1090 612 1098 634 :
1119 598 1273 636 manife-

314 661 408 691 stum
423 662 474 691 est
490 653 588 705 quod
606 664 706 694 vetus
721 655 959 696 sacerdotium
984 658 1150 704 cessavit,
1173 657 1273 696 aliud

315 722 434 753 autem
448 728 582 754 novum
601 715 636 754 in
654 716 754 756 illius
772 717 891 756 locum
905 717 1092 757 inductum
1106 720 1272 758 est.Nam

317 775 348 813 si
367 775 529 814 futurum
548 785 639 824 erat,
662 786 700 816 ut
731 788 834 817 vetus
870 778 961 817 illud
992 779 1182 829 obtineret,
1204 794 1273 819 non

317 835 513 875 secundum
530 837 692 876 ordinem
704 838 984 887 Melchisedech,
999 840 1061 879 sed
1076 841 1273 879 secundum

317 896 478 935 ordinem
501 901 617 937 Aaron
651 901 810 952 oportuit
839 900 924 939 dici.
956 902 1048 949 Quis
1069 902 1177 954 igitur
1209 902 1275 940 hoc

316 957 434 997 dicit?
450 958 517 997 llic
545 959 620 1012 ipsc
644 962 706 1012 qui
742 960 787 999 de
813 962 998 1001 sacrificiis
1024 964 1214 1015 loquutus,
1231 965 1276 1002 de

317 1016 462 1057 Christo
476 1019 650 1059 disserens
671 1021 738 1060 hoc
751 1035 891 1075 quoque
905 1023 1038 1062 alicubi
1057 1024 1179 1064 dixit:
1200 1026 1277 1063 Di-

317 1081 376 1117 xit
401 1080 592 1119 Dominus
614 1083 783 1120 Domino
803 1097 910 1130 meo,
943 1085 1039 1124 Sede
1072 1100 1098 1124 a
1129 1087 1275 1124 dextris

321 1143 426 1177 meis.

367 1201 402 1238 5.
419 1200 570 1249 Deinde,
591 1215 635 1240 ne
658 1203 739 1253 quis
767 1203 813 1242 de
842 1204 1047 1257 vulgarium
1084 1206 1272 1247 bominum

1346 416 1401 456 ὅτι
1425 420 1448 463 ἡ
1465 417 1529 468 μὲν
1548 418 1683 458 παλαιᾶ
1703 419 1884 459 πέπαυται
1893 420 2068 472 ,ἱερωσύνη
2080 449 2090 468 ,
2110 421 2212 474 ἑτέρα
2242 422 2280 462 δὲ
2312 423 2374 463 νέα

1349 478 1666 526 α’ντεισενῆνεκται.
1692 481 1735 520 El
1761 480 1830 533 γὰρ
1846 479 1991 531 ἔμελλεν
2010 485 2031 528 ἡ
2062 482 2199 521 παλαιὰ
2219 489 2375 535 κρατεῖν,

1349 540 1387 577 οὗ
1407 539 1498 578 κατὰ
1516 538 1580 587 τὴν
1593 539 1688 586 τάξιν
1719 541 1941 593 Μελχισεδὲκ
1956 572 1964 586 ,
1983 542 2072 581 ἀλλὲ
2091 542 2182 581 κατὰ
2199 542 2263 590 τὴν
2278 542 2375 589 τάξιν

1350 598 1503 652 Ἀαρὼν,
1522 600 1592 639 ἔδει
1622 601 1798 653 λέγεσθαι.
1828 603 1862 640 Τ
1865 601 1894 646 ίς
1918 595 1977 640 οῦν
1996 603 2099 642 τοῦτό
2118 617 2243 655 φησιν,
2263 604 2376 647 Αὐτὸς

1350 655 1448 706 οὗτος
1469 665 1487 701 ὁ
1505 661 1586 714 περὶ
1609 665 1679 701 τῶν
1711 665 1839 702 θυσιῶν
1873 663 1980 702 εἰπὼν
1995 693 2005 710 ,
2028 665 2110 717 περὶ
2130 669 2192 703 τοῦ
2221 667 2375 718 Χριστοῦ

1351 723 1616 775 διαλεγόμενος·
1633 724 1694 763 καί
1719 739 1786 764 που
1808 725 1909 763 τοῦτό
1933 739 2058 778 φησιν·
2081 720 2190 766 Εἶπεν
2205 730 2224 766 ὁ
2248 727 2375 780 Κύριος

1351 787 1401 838 τῷ
1421 785 1541 838 Κυρίῳ
1555 801 1636 836 μου,
1655 786 1763 825 κάθου
1780 788 1819 825 ἐκ
1839 786 1958 831 δεξιῶν
1978 803 2054 838 μου.

1402 1201 1513 1253 Εἶτα,
1530 1208 1587 1245 ἵνα
1609 1208 1659 1258 μὴ
1682 1208 1763 1260 περί
1791 1223 1881 1252 τινος
1909 1212 1976 1247 τῶν
2009 1211 2149 1248 πολλῶν
2180 1209 2373 1264 ἀνθρώπιον

313 1261 434 1312 aliquo
453 1262 696 1314 suspicaretur
715 1263 807 1302 illud
827 1279 902 1304 esse
921 1266 1073 1314 dictum,
1098 1282 1166 1307 non
1183 1268 1334 1321 dicitffl
1348 1270 1450 1306 τοῦτο
1487 1269 1667 1319 ὑποπτεύῃ
1711 1284 1764 1312 τις
1805 1269 1993 1320 λέγεσθαι,
2026 1270 2064 1308 Οὔ
2097 1285 2202 1322 φησιν
2240 1271 2325 1309 «15τό
2356 1274 2374 1309 ὃ

314 1320 380 1359 hoc
418 1320 552 1368 lsaias,
576 1336 689 1374 neque
721 1324 916 1374 Jeremias,
938 1340 1053 1378 neque
1081 1329 1269 1380 quisquam
1299 1334 1323 1363 Λ
1346 1327 1616 1376 ἹΙσαΐας,οὔτε
1645 1328 1837 1382 Ἱερεμίας,
1867 1329 1944 1368 οὔτε
1971 1331 2076 1374 ἄλλος
2107 1347 2159 1375 τις
2191 1331 2374 1384 προφήτης

311 1381 404 1419 alius
437 1383 612 1436 propheta
642 1383 791 1436 privatae
820 1386 1038 1428 conditionis
1054 1419 1064 1437 ,
1099 1390 1161 1429 sed
1195 1392 1270 1444 ipse

310 1456 374 1480 rex
412 1459 419 1479 :
451 1457 520 1481 non
556 1454 669 1497 potest
697 1456 817 1486 autem
848 1463 912 1488 rex
937 1449 1119 1489 hominem
1153 1452 1267 1491 ullum

309 1504 491 1556 appellare
510 1520 615 1545 suum
642 1508 854 1559 Dominum,
885 1510 948 1549 scd
987 1513 1102 1551 Deum
1139 1514 1267 1552 solum.

311 1565 404 1602 Nam
423 1565 452 1603 si
473 1566 634 1618 privatus
655 1569 790 1618 luisset,
810 1571 969 1611 fortassis
984 1572 1117 1624 aliquis
1149 1574 1268 1629 impu-

309 1625 397 1664 dens
411 1626 574 1675 dixisset,
588 1629 690 1669 illum
705 1630 751 1669 de
771 1631 914 1671 homine
934 1633 1054 1686 loqui;
1073 1650 1168 1675 nunc
1186 1651 1267 1676 cum

309 1701 372 1725 rex
391 1687 510 1737 suerit,
527 1690 707 1730 hominem
729 1707 796 1732 non
816 1695 1054 1748 appellaverit
1069 1697 1266 1737 Dominum

307 1761 425 1786 suum.
458 1751 630 1790 )uomodo
645 1753 753 1803 enim,
769 1754 798 1792 si
815 1754 860 1793 de
875 1757 1044 1809 quopiam
1060 1758 1266 1810 vulgarium

309 1809 493 1850 hominum
515 1813 590 1851 hoec
613 1814 786 1866 loquutus
801 1817 926 1856 suisset
944 1819 1066 1858 David
1081 1848 1091 1865 ‚
1111 1820 1265 1860 dixisset

305 1872 404 1922 quod
434 1873 539 1912 etiarn
567 1889 586 1912 a
614 1874 750 1915 dextris
779 1878 992 1918 consedisset
1013 1881 1204 1920 ineffabilis
1224 1898 1266 1922 ac

306 1946 456 1971 summa:
475 1934 571 1973 illius
591 1937 807 1988 majestatis?
829 1938 896 1978 hoc
913 1940 1008 1978 enim
1029 1941 1265 1994 impossibile.

309 1994 361 2031 De
374 1993 440 2032 hoc
455 2009 540 2033 vero
553 1996 622 2034 ait:
636 1998 749 2036 Dixit
767 1999 960 2040 Dominus
977 2003 1147 2041 Domino
1167 2019 1265 2055 meo,

305 2055 403 2093 Sede
422 2070 448 2094 a
476 2056 623 2096 dextris
644 2064 753 2109 meis,
785 2061 907 2100 donec
925 2077 1066 2114 ponam
1087 2067 1264 2105 inimicos

307 2125 393 2155 tuos
407 2119 620 2157 scabellum
632 2123 773 2172 pedum
797 2131 960 2162 tuorum.
982 2125 1122 2164 Deinde
1136 2141 1178 2166 ne
1197 2143 1262 2181 pu-

307 2186 399 2216 tares
422 2193 502 2217 cum
524 2179 738 2220 imbecillem
759 2197 833 2221 esse
853 2185 1039 2237 minusque
1066 2196 1260 2239 potentem,

315 2240 471 2286 Tecum,
503 2240 631 2292 inquit,
649 2246 891 2294 principatus
909 2255 964 2286 est
986 2249 1028 2285 in
1046 2250 1182 2289 diebus
1194 2266 1262 2303 po·

304 2304 434 2338 tentia·
458 2311 544 2341 tuce.
559 2304 785 2344 Manifestius
805 2307 912 2346 etiam
934 2308 1259 2357 declarans,addi-

303 2361 357 2400 dit
377 2378 386 2400 :
404 2364 468 2400 Es:
488 2372 596 2402 utero
616 2375 710 2404 ante
726 2369 949 2422 Luciferum
969 2375 1086 2423 genui
1101 2381 1148 2410 te.
1167 2377 1259 2413 Ante

303 2424 508 2463 Luciferum
523 2436 641 2465 nutem
662 2429 783 2468 nullus
803 2430 988 2470 hominunm
1012 2434 1078 2472 fuit
1105 2435 1257 2485 genitus.

306 2487 360 2524 Tu
377 2487 555 2525 sacerdos
573 2491 616 2525 in
638 2499 822 2530 (eternum
850 2496 1062 2533 secundum
1082 2498 1257 2536 ordinem

299 2549 598 2587 Melchisedech.
632 2551 710 2589 Non
731 2551 841 2602 dixit,
862 2554 1067 2593 Secundum
1093 2557 1255 2596 ordinem

301 2612 429 2648 Aaron.
448 2611 603 2650 Proinde
619 2623 826 2664 percontare
844 2616 1026 2665 Judmum,
1043 2619 1072 2656 si
1092 2620 1256 2659 sacerdo—

300 2670 390 2709 tium
409 2681 510 2710 vetus
529 2686 598 2711 non
615 2683 690 2712 erat
703 2676 978 2727 antiquandum,
991 2693 1099 2731 quam
1111 2681 1158 2720 ob
1171 2696 1254 2721 cau-

298 2745 372 2770 sam
389 2732 573 2772 induxerit
588 2734 699 2774 alium
711 2737 932 2777 sacerdotem
947 2741 1146 2781 secundum
1161 2743 1256 2782 ordi·

299 2805 378 2829 nem
396 2793 672 2833 Melchisedech.
692 2796 743 2835 Ad
761 2797 856 2837 hunc
875 2799 986 2851 igitur
999 2801 1118 2854 ipsum
1135 2802 1251 2843 locum

299 2854 506 2903 perveniens
525 2855 669 2904 Paulus,
688 2857 772 2896 vide
789 2859 967 2911 quomodo
985 2861 1087 2901 illum
1103 2863 1250 2904 eviden—

1347 1391 1488 1436 ἰδιώτης
1529 1389 1732 1442 γενόμενος,
1779 1392 1856 1429 ἀλλ’
1893 1391 1994 1435 αὐτὸς
2033 1395 2051 1431 ὁ
2078 1391 2260 1443 βασιλεὺς,
2283 1393 2374 1444 [ἵνα

1343 1450 1469 1504 μάθῃς,
1482 1451 1536 1490 ὅτι
1554 1453 1602 1501 ὁ]
1623 1450 1787 1503 βασιλεὺς
1811 1452 1846 1490 δὲ
1871 1452 1999 1505 Κύριον
2022 1454 2146 1493 ἑαυτοῦ
2163 1453 2283 1493 οὐδένα
2303 1469 2374 1493 κα·

1341 1512 1442 1552 λέσαι
1461 1512 1627 1561 δύναται,
1646 1514 1724 1552 ἀλλ’
1750 1512 1773 1560 ἢ
1798 1513 1855 1552 τὸν
1889 1514 1981 1553 Θεὸν
2005 1514 2120 1565 μόνον.
2152 1515 2197 1554 El
2227 1514 2289 1566 μὲν
2304 1514 2374 1568 γὰρ

1344 1573 1484 1620 ἰδιώτης
1504 1568 1546 1622 ἦν
1560 1604 1570 1623 ,
1592 1574 1676 1619 ἴσως
1696 1575 1736 1613 ἄν
1757 1591 1809 1619 τις
1827 1567 1904 1613 εἶπε
1925 1577 1994 1613 τῶν
2027 1575 2373 1628 ἅναισχυντούντων.

1342 1636 1396 1674 ὅτι
1416 1635 1498 1688 περὶ
1530 1635 1714 1689 ἀνθρώπου
1743 1636 1862 1688 λέγει·
1884 1637 1959 1675 νυνὶ
1991 1636 2028 1676 δὲ
2063 1636 2228 1688 βασιλεὺς
2246 1636 2294 1676 ὢν
2313 1637 2373 1676 ἄν·

1342 1701 1480 1748 θρωπον
1500 1699 1624 1736 ἑαυτοῦ
1647 1696 1775 1750 Κύριον
1792 1699 1855 1736 οὐκ
1876 1697 1916 1735 ἂν
1944 1698 2124 1736 ἐκάλεσεν.
2146 1699 2229 1742 Πῶς
2257 1698 2288 1736 δ’
2317 1697 2372 1746 ἂν,

1343 1760 1372 1796 εἰ
1402 1758 1485 1810 περί
1513 1774 1605 1803 τινος
1638 1761 1708 1797 τῶν
1735 1760 1875 1798 πολλῶν
1901 1758 2093 1812 ἀνθρώπιον
2124 1759 2224 1811 ἔλεγε
2257 1762 2370 1798 ταῦτα

1341 1822 1359 1858 ὁ
1377 1819 1490 1859 Amul&
1503 1849 1515 1869 ,
1547 1814 1642 1859 εἶπεν
1669 1820 1795 1872 [ἃν,]
1819 1818 1873 1859 ὅτι
1906 1821 1946 1859 ἐκ
1983 1820 2102 1865 δεξιῶν
2136 1820 2277 1860 ἐκάθισε
2307 1824 2371 1868 τῆς

1341 1881 1541 1934 ἀπορρήτου
1571 1882 1631 1920 καὶ
1661 1883 1817 1933 μεγάλης
1848 1881 1947 1930 δόξης
1977 1883 2130 1930 ἐκείνης
2163 1886 2265 1922 τοῦτο
2299 1881 2369 1935 γὰρ

1340 1943 1538 1995 ἀμήχανον.
1558 1943 1650 1996 Περὶ
1665 1943 1700 1982 δὲ
1719 1943 1841 1982 τούτου
1861 1943 1967 1996 φησίν
1984 1958 1991 1966 ·
2013 1937 2122 1983 Εἶπεν
2141 1947 2159 1983 ὁ
2175 1945 2303 1997 Κύριος
2317 1947 2369 1998 τῷ

1341 2005 1460 2057 Κυρίῳ
1482 2021 1566 2056 μου,
1587 2005 1694 2044 κάθου
1725 2007 1764 2043 ἐκ
1784 2004 1903 2050 δεξιῶν
1931 2021 2019 2056 μου,
2041 2005 2107 2049 ἕως
2137 2005 2178 2044 ἂν
2210 2008 2260 2045 θῶ
2287 2005 2370 2050 τοὺς

1339 2066 1481 2119 ἐχθρούς
1501 2082 1561 2106 σου
1582 2067 1772 2106 ὓποπόδιον
1793 2068 1861 2105 τῶν
1879 2068 1994 2105 ποδῶν
2013 2083 2086 2106 σου.
2109 2061 2197 2106 Εἶτα
2210 2097 2220 2115 ,
2240 2066 2296 2105 ἵνα
2316 2067 2366 2118 μὴ

1338 2126 1614 2180 νομίσῃς,αὐτὸν
1631 2131 1759 2176 ἀσθενῆ
1781 2121 1868 2167 εἶναι
1889 2128 1948 2167 καὶ
1968 2129 2216 2176 ἀδυνατοῦντα,
2238 2129 2367 2180 ἐπήγα-

1337 2203 1389 2240 γε,
1401 2188 1502 2228 Μετὰ
1519 2192 1614 2236 σοῦὴ
1636 2188 1729 2242 ἀρχὴ
1751 2191 1786 2228 ἐν
1805 2188 1923 2243 ἡμέρα
1937 2193 1997 2236 τῆς
2011 2188 2191 2240 δυνάμεώς
2208 2205 2281 2228 σου.
2296 2190 2364 2230 Καὶ

1337 2250 1550 2303 σαφέστερον
1567 2251 1680 2298 δηλῶν
1699 2251 1829 2303 ἔλεγεν,
1849 2251 1916 2290 Ἐκ
1934 2250 2084 2303 γαστρὸς
2099 2251 2168 2302 πρὸ
2186 2251 2363 2304 ἑωσφόρον

1335 2311 1506 2362 ἐγέννησά
1535 2327 1585 2351 σε.
1622 2311 1700 2364 Πρὸ
1731 2311 1908 2365 ἑωσφόρον
1948 2310 1985 2351 δὲ
2027 2312 2137 2356 οὐδεὶς
2171 2312 2364 2367 ἀνθρώπιον

1333 2372 1550 2424 γεγέννηται.
1580 2371 1630 2412 Σὺ
1659 2372 1770 2425 ἱερεὺς
1792 2374 1840 2416 εἰς
1859 2373 1917 2412 τὸν
1938 2374 2049 2411 αἰῶνα
2068 2372 2162 2412 κατὰ
2180 2373 2246 2420 τὴν
2264 2373 2361 2419 τάξι-ι

1333 2434 1567 2486 Μελχισεδέκ.
1589 2435 1667 2473 Οὐκ
1686 2427 1776 2480 εἶπε,
1792 2434 1884 2473 κατὰ
1901 2434 1964 2481 τὴν
1980 2433 2077 2479 τάξιν
2097 2434 2363 2488 Ἀαρών-Ἐρώ-

1330 2510 1437 2542 τησον
1459 2495 1573 2535 τοίνυν
1604 2497 1662 2535 τὸν
1690 2497 1880 2542 Ἰουδαῖον,
1910 2498 1940 2534 εἰ
1961 2496 2011 2546 μὴ
2033 2497 2176 2548 ἔμελλεν
2205 2499 2227 2543 ἡ
2253 2497 2359 2545 ἱερω-

1330 2556 1416 2603 σύνη
1454 2558 1689 2597 καταλύεσθαι
1723 2560 1745 2604 ἡ
1780 2557 1939 2604 παλαιὰ,
1973 2557 2065 2601 τίνος
2093 2557 2208 2597 ἕνεκεν
2242 2557 2360 2611 ἕτερον

1328 2618 1514 2669 εἰσήγαγεν
1544 2618 1641 2670 ἱερέα
1678 2617 1770 2656 κατὰ
1801 2618 1866 2665 τὴν
1895 2617 1990 2663 τάξιν
2029 2617 2262 2670 Μελχισεδέκ.
2295 2618 2357 2660 Εἰς

1326 2684 1427 2719 τοῦτο
1460 2684 1541 2732 γοῦν
1578 2681 1664 2719 αὐτὸ
1683 2680 1722 2719 τὸ
1751 2680 1881 2732 ιΛωρίον
1908 2678 2017 2718 ἐλθὼν
2049 2681 2068 2716 ὁ
2098 2679 2261 2726 Παῦλος,
2292 2679 2357 2732 ὅρα

1326 2743 1401 2786 πῶς
1420 2741 1505 2780 αὐτὸ
1526 2741 1738 2793 σαφέστερον
1764 2740 1940 2787 ἐποίησεν.
1969 2739 2091 2779 Εἰπὼν
2109 2739 2178 2791 γὰρ
2195 2740 2276 2793 περὶ
2296 2743 2358 2780 τοῦ

1326 2803 1498 2855 Χριστοῦ,
1526 2802 1580 2842 ὅτι
1607 2802 1723 2845 καθὼς
1755 2804 1790 2841 ἐν
1820 2801 1927 2854 ἑτέρῳ
1947 2801 2068 2853 λέγει,
2092 2801 2143 2841 Σὺ
2171 2799 2281 2855 ἱερεὺς
2307 2803 2357 2846 εἰς

1325 2863 1384 2902 τὸν
1416 2865 1527 2902 αἰῶνα
1554 2862 1646 2902 κατὰ
1676 2862 1739 2911 τὴν
1772 2862 1870 2907 τάξιν
1906 2862 2145 2915 Μελχισεδὲκ,
2177 2862 2355 2915 ἐπήγαγε·

300 2912 424 2951 tiorem
443 2914 748 2957 reddiderit.Cum
763 2920 1022 2961 enimdixisset
1036 2922 1082 2962 de
1096 2924 1252 2973 Christo,
1277 2935 1302 2966 c
1328 2924 1417 2976 Περὶ
1456 2918 1496 2963 οὗ
1536 2924 1642 2967 πολὺς
1676 2927 1761 2974 ἡμῖν
1790 2926 1808 2962 ὁ
1841 2924 1940 2974 λόγος
1974 2924 2033 2962 καὶ
2064 2924 2352 2975 δυσερμήνευτος.

299 2975 599 3024 quemadmodum
614 2988 648 3017 et
666 2979 752 3018 alibi
763 2981 933 3032 loquitur,
950 2985 1003 3022 Tu
1020 2987 1198 3025 sacerdos
1210 2989 1253 3025 in

299 3043 483 3075 (eternum
503 3041 715 3080 secundum
732 3043 907 3082 ordinem
931 3045 1221 3087 Melchisedech
1239 3065 1252 3089 .·

299 3096 508 3147 subjunxit:
533 3101 591 3138 De
618 3116 696 3154 quo
729 3105 873 3143 multus
904 3109 1015 3146 nohis
1044 3121 1195 3157 sermo,
1213 3119 1250 3149 et

299 3167 483 3196 enarratu
513 3161 712 3213 difficilis.
756 3165 893 3205 Deinde
923 3181 1004 3206 cum
1037 3168 1249 3222 increpasset

298 3213 517 3268 discipulos,
542 3230 578 3258 ut
604 3223 726 3273 paucis
754 3226 894 3273 dicam,
917 3227 967 3265 ait
984 3258 993 3273 ,
1015 3229 1095 3280 quis
1123 3231 1186 3269 ille
1204 3231 1248 3271 sit

301 3273 559 3316 Melchisedech
574 3295 582 3326 ;
599 3291 631 3319 et
645 3283 788 3323 adducit
807 3286 1005 3336 historiam,
1023 3290 1069 3328 ita
1084 3305 1244 3332 narrans:

304 3335 378 3371 llic
397 3343 558 3376 occurrit
578 3342 751 3382 Abrahae
766 3353 970 3388 revertenti
989 3365 1013 3388 a
1031 3355 1248 3393 concisione

301 3409 444 3445 regum,
480 3399 749 3453 beneditieque
775 3407 849 3452 illi,
876 3414 934 3446 cui
955 3419 990 3448 ct
1012 3413 1180 3451 decimas
1198 3414 1246 3452 de

300 3459 474 3494 omnibus
495 3461 711 3509 impartitus
745 3475 799 3503 cst
826 3470 1039 3509 Abraham.
1061 3473 1137 3512 l'ost
1159 3489 1240 3526 :ipe-

1327 2979 1436 3033 Εἶτα,
1456 2986 1669 3037 ἐπιτιμήσας
1687 2991 1758 3029 τοῖς
1776 2988 1949 3035 μαθηταῖς
1962 3014 1971 3030 ,
1990 2986 2040 3023 δεῖ
2060 2984 2129 3037 γὰρ
2148 2986 2328 3036 ἐπιτεμεῖν
2341 3014 2351 3030 ,

1325 3048 1443 3101 λέγει,
1483 3047 1534 3092 τίς
1570 3049 1663 3087 ἔστιν
1697 3050 1716 3086 ὁ
1757 3046 1997 3099 Μελχισεδὲκ,
2030 3046 2090 3085 καὶ
2134 3046 2260 3098 ἰπάγει
2289 3045 2352 3093 τὴν

1324 3109 1501 3162 ἱστορίαν,
1518 3110 1609 3148 οὕτω
1630 3109 1739 3161 λέγων
1756 3124 1764 3132 ·
1784 3102 1897 3151 Οὗτος
1915 3111 1933 3146 ὁ
1953 3107 2172 3155 συναντήσας
2191 3106 2352 3159 ’Λὸραὰμ

1323 3170 1574 3223 ὑποστρέφοντι
1604 3169 1674 3209 ἀπὸ
1711 3171 1774 3215 τῆς
1810 3171 1920 3214 κοπῆς
1950 3172 2019 3207 τῶν
2059 3167 2232 3220 βασιλέων
2247 3197 2258 3215 ,
2291 3168 2351 3206 καὶ

1323 3231 1514 3283 εὐλογήσας
1529 3225 1683 3284 norom}
1696 3231 1756 3269 καὶ
1775 3231 1922 3276 δεκάτην
1942 3229 2103 3283 ἐμέρισεν
2119 3228 2189 3268 ἀπὸ
2208 3227 2350 3268 πάντων

1322 3293 1494 3345 Ἀδραάμ.
1517 3286 1617 3339 Εἶτα,
1640 3291 1872 3331 ἐπικαλύπτων
1893 3292 1932 3329 τὸ
1954 3291 2122 3343 θεώρημα
2142 3292 2202 3329 τοῦ
2220 3287 2348 3337 τύπου,

1320 3357 1496 3405 θεωρεῖτε
1515 3354 1548 3393 δὲ
1585 3354 1731 3401 πηλίκος
1767 3346 1883 3395 οὗτος.
1905 3352 2030 3405 φησιν,
2057 3346 2086 3404 ᾧ
2106 3350 2165 3390 καὶ
2196 3350 2346 3397 δεκάτην

1319 3415 1480 3468 ἐμέρισεν
1502 3415 1571 3454 ἀπὸ
1591 3415 1731 3453 πάντων
1758 3413 1919 3465 'Aepulo
1938 3418 1955 3452 ὁ
1977 3413 2211 3465 πατριάρχης.
2231 3412 2346 3451 Τοῦτο

1845 3474 1980 3488 nnnnn
