2549 3825
438 297 554 335 QUOD
590 295 848 325 REGULARES
884 297 1062 326 FEMtNAE
1099 298 1209 328 VlRlS
1245 299 1529 329 cottAssi'rAnE
1568 301 1655 330 ,NON
1694 300 1919 330 Dusstzssxs'r.

174 379 352 428 ετάσωμεν
379 378 475 420 τέως.
508 375 704 426 Συμὸαίνει
732 375 798 427 γὰρ
827 376 917 413 κατὰ
949 377 1073 416 ταύτὸν
1107 380 1190 417 ἀνα-

174 439 343 484 στάντας,
362 439 400 476 οὗ
420 437 642 490 παννυχίδων
664 436 779 475 ἕνεκεν
796 436 809 487 (
824 436 920 475 οὐδὲν
940 437 1009 489 γὰρ
1030 439 1100 477 ἀπὸ
1119 443 1187 478 τῶν

171 497 334 538 τοιούτων
353 501 476 550 ψυχῶν
494 497 636 541 εὐλαὸὲς
664 498 703 536 ἅν
724 512 809 535 ποτε
837 496 972 549 γένοιτο
988 502 1023 546 ),
1039 499 1099 536 καὶ
1118 500 1190 538 διο·

171 559 278 598 δεύειν
299 559 468 607 ἀλλήλους
498 558 698 610 κειμένους,
718 558 778 597 καὶ
809 558 1112 611 προσφθέγγεσθαι
1131 561 1188 599 νύ·

171 635 283 672 κτωρ·
315 615 353 659 0‘5
383 620 418 658 τί
451 620 576 672 γένοιτ’
610 619 650 658 ἂν
680 619 904 672 αἰσχρότερον
915 636 926 668 3
950 621 995 658 Εἰ
1029 620 1065 658 δὲ
1098 637 1190 671 συμ-

171 680 254 728 ὅαίη
281 681 341 719 καὶ
367 683 592 734 ἀῤῥωστῆσαι
620 681 718 733 ἄφνω
734 680 820 728 ἴ*τὴν
844 684 1068 720 συνοικοῦσαν
1083 712 1094 729 ,
1113 682 1189 720 οὐδὲ

170 742 300 793 τοίχων
328 743 475 780 ἐνταῦθα
503 742 623 794 ὄφελος
648 742 788 789 λοιπὸν,
811 741 901 780 ἀλλὰ
920 742 1106 786 διαναστὰς
1123 743 1192 794 πρὸ

172 805 241 841 τῶν
274 803 389 841 ἄλλων
432 802 676 854 ἐπεισέρχεται
726 802 871 853 κειμένῃ
917 806 961 853 τῇ
1007 803 1192 855 παρθένῳ,

172 864 236 910 τὴν
250 866 446 916 ἀρρωστίαν
471 865 561 916 ἔχων
581 862 790 914 ἀπολογίαν,
811 864 871 902 καὶ
894 867 964 901 τῶν
992 865 1192 916 θεραπαινί-

173 927 240 962 δων
284 925 452 968 πολλάκις
483 924 708 976 ὀκνηρότερον
742 925 997 974 διακειμένων,
1027 925 1087 963 καὶ
1121 942 1192 963 πα-

174 985 387 1038 ρακάθηται,
417 986 478 1024 καὶ
509 985 555 1023 τὰ
584 986 675 1024 ἄλλα
705 987 945 1036 ἐπιμελεῖται,
971 985 993 1022 ἃ
1027 993 1194 1038 γυναῖκας

170 1046 274 1096 μόνον
304 1045 472 1088 πολλάκις
501 1045 600 1096 θέμις
630 1046 825 1094 διακονεῖν,
851 1047 910 1084 καὶ
954 1047 1032 1085 οὔτε
1075 1047 1191 1094 ἐκείνη

173 1107 397 1159 αἰσχύνεται,
424 1106 515 1145 ἀλλὰ
546 1106 606 1145 καὶ
640 1107 963 1158 ε’γκαλλωπίζεται,
985 1108 1062 1146 οὔτε
1094 1102 1193 1152 οὗτος

172 1171 334 1221 ἐρυθριᾷ,
360 1168 451 1208 ἀλλὰ
494 1169 553 1206 καὶ
585 1168 702 1221 χαίρει
741 1168 928 1219 μειζόνως,
948 1170 1008 1207 καὶ
1039 1170 1194 1222 τοσούτῳ

173 1231 320 1279 μᾶλλον,
337 1229 407 1282 ὅσῳ
426 1229 488 1277 τὴν
512 1229 668 1268 δουλείαν
693 1229 916 1282 αἰσχρότερον
937 1231 1192 1270 ἐπιδείκνυται·

172 1293 232 1330 καὶ
258 1295 281 1338 ἡ
309 1292 523 1339 ἀποστολικὴ
554 1295 653 1344 ῥῆσις
682 1292 796 1338 ἐκείνη
822 1296 844 1339 ἡ
873 1293 1040 1343 λέγουσα,
1068 1293 1121 1332 ὅτι
1146 1294 1190 1333 Ἡ

171 1352 253 1398 δόξα
281 1355 316 1392 ἐν
345 1355 388 1405 τῇ
419 1353 566 1406 αἰσχύνῃ
595 1354 730 1400 αὐτῶν,
751 1352 808 1390 διὰ
826 1356 896 1391 τῶν
926 1354 1035 1406 ἔργων
1060 1355 1192 1393 δείκνυ-

172 1428 231 1452 ται
246 1413 337 1452 τότε.
360 1413 477 1452 “Οταν
495 1413 531 1452 δὲ
555 1413 615 1452 καὶ
635 1416 670 1452 αἱ
694 1414 933 1464 θεραπαινίδες
959 1415 1191 1464 διαναστῶσι,

172 1474 299 1526 χείρων
324 1478 347 1522 ἡ
378 1473 548 1526 αἰσχύνη·
576 1474 636 1512 καὶ
660 1474 729 1526 γὰρ
756 1475 1040 1528 ἀκατακαλύπτῳ
1066 1481 1109 1528 τῇ
1135 1493 1191 1515 κε-

173 1537 288 1587 φαλῇ,
317 1535 378 1574 καὶ
407 1536 654 1588 μονοχίτωνες,
680 1537 740 1574 καὶ
769 1542 915 1587 γυμναῖς
947 1543 1024 1581 ταῖς
1049 1540 1192 1591 χερσὶν,

172 1596 233 1635 ἅτε
249 1597 523 1650 τεθορυὲημέναι
548 1597 608 1635 καὶ
634 1599 670 1634 ἐν
698 1599 795 1636 νυκτὶ
824 1598 1100 1649 διανιστάμεναι,
1118 1601 1193 1637 δια-

171 1658 332 1710 τρέχουσι
348 1658 519 1712 παρόντος
544 1658 674 1697 ἐκείνου
686 1687 697 1706 ,
718 1659 850 1709 μᾶλλον
867 1658 903 1696 δὲ
927 1661 962 1697 ἐν
979 1659 1074 1711 μέσῳ
1090 1676 1194 1713 στρε-

172 1719 321 1770 φομένου
349 1719 409 1756 καὶ
441 1718 718 1765 συνδιαθέοντος,
750 1719 890 1756 ἅπαντα
936 1720 1192 1770 ἀναγκάζονται

171 1782 346 1833 πληροῦν·
372 1774 411 1818 05
437 1779 471 1818 τί
498 1779 634 1831 γένοιτο
662 1780 703 1817 ἂν
732 1780 977 1833 αἰσχρότερον,
1002 1782 1048 1820 Εἰ
1077 1781 1193 1820 δὲκαὶ

171 1847 259 1890 μαῖα
287 1835 547 1893 παραγένοιτο,
572 1841 643 1879 οὐδ’
669 1840 776 1885 οὕτως
802 1841 1054 1894 ἐπαισχύνεται
1063 1872 1074 1892 ,
1102 1844 1192 1881 ἀλλὰ

169 1901 230 1939 καὶ
255 1904 366 1954 κορῶν
393 1902 585 1955 ἀλλοτρίων
612 1904 783 1941 ἐπιουσῶν
803 1903 1043 1954 ἕναὸρύνεται.
1065 1905 1127 1947 Εἷς
1155 1904 1190 1942 ἓν

714 1963 863 2008 δείξαιτο
893 1967 936 2016 τῇ
966 1965 1190 2017 ἀρρωστούσῃ

170 2023 234 2071 τὴν
261 2026 386 2063 ἑαυτοῦ
414 2024 611 2073 διακονίαν,
628 2027 690 2064 οὐκ
718 2025 818 2069 εἰδὼς
841 2025 895 2064 ὅτι
911 2026 981 2078 ὅσῳ
1000 2025 1040 2063 ἂν
1066 2026 1194 2064 ἐπιδεί-

170 1962 236 2016 γὰρ
272 1967 337 2014 ὁρᾷ
372 1964 497 2014 μόνον,
529 1964 623 2008 ὅπως
653 1965 711 2002 ἐπι

171 2084 292 2133 ξηται,
320 2086 473 2138 τοσούτῳ
511 2089 643 2137 μᾶλλον
669 2086 729 2125 καὶ
760 2086 870 2133 αὐτὴν
889 2088 1049 2125 κάκεῖνον
1069 2102 1190 2124 καται-

128 2178 132 2181 .
171 2145 304 2199 σχύνει.
335 2147 402 2186 Καὶ
439 2147 474 2186 τί
506 2147 703 2198 θαυμαστὸν
744 2150 773 2186 εἷ
815 2148 1103 2200 παραγενομένην
1139 2147 1188 2198 μὴ

169 2209 324 2261 ἐρυθριᾷ;
340 2208 510 2252 πολλάκις
529 2208 596 2261 γὰρ
611 2209 671 2247 καὶ
687 2208 803 2260 μέσων
828 2211 962 2247 νυκτῶν
978 2210 1039 2247 οὐκ
1053 2212 1189 2247 ὀκνοῦσι

170 2271 423 2323 θεραπαινίδων
444 2270 693 2323 εὐτελεστέρων
716 2270 814 2323 ἔργον
836 2274 1034 2316 ποιοῦντες,
1052 2270 1108 2308 ἐπ’
1128 2273 1190 2309 αὐ·

169 2331 232 2378 τὴν
256 2330 320 2378 τὴν
351 2338 459 2382 μαῖαν
485 2333 652 2382 δραμεῖν·
672 2331 756 2370 ὅταν
785 2330 821 2368 δὲ
852 2330 1108 2384 παραγένηται,
1131 2336 1188 2369 νῦν

171 2390 233 2441 μὲν
255 2392 356 2430 αὐτὸν
386 2390 402 2410 b
420 2391 627 2431 ἐκὸάλλουσι
654 2391 712 2430 καὶ
731 2392 878 2438 ἄκοντα,
899 2391 964 2429 κᾶν
984 2391 1062 2429 λίαν
1091 2392 1190 2429 ἀναί-

169 2467 314 2504 σχυντος
332 2446 374 2504 ᾗ,
395 2456 452 2490 νῦν
473 2452 508 2490 δὲ
539 2452 783 2504 ἐπιτρέπουσιν
804 2454 969 2491 εἰσελθεῖν
987 2453 1047 2490 καὶ
1067 2469 1187 2504 παρα-

168 2512 326 2551 καθίσαι·
347 2513 464 2552 καίτοι
490 2513 524 2552 τί
555 2514 596 2552 οἷν
621 2530 697 2563 τις,
743 2513 807 2552 κᾶν
838 2513 945 2566 μυρία
976 2514 1186 2566 ἕπιτηδεύσῃ

165 2576 257 2613 ὥστε
295 2578 530 2627 καταισχῦναι
562 2575 684 2622 αὐτὸν,
716 2579 871 2614 τοιοῦτον
912 2574 1090 2622 ποιήσειεν
1124 2576 1185 2621 ἂν,

166 2631 234 2676 οἷον
257 2636 359 2680 αὐτὸς
379 2637 633 2681 κατασκευάζει
661 2639 796 2688 ἑαυτῷ,
812 2635 927 2674 υΟταν
943 2635 978 2675 δὲ
996 2637 1112 2690 ἡμέρα
1132 2638 1186 2688 γε’-

166 2713 290 2746 νηται,
306 2697 442 2744 καὶτῆς
462 2698 563 2743 εὖνῆς
583 2698 799 2750 ἀμφοτέρους
825 2696 1067 2742 ἐξανίστασθαι
1100 2698 1159 2751 δέῃ
1175 2729 1182 2741 ,

165 2758 318 2809 φυλακαὶ
348 2758 408 2797 καὶ
439 2759 715 2810 παρατηρήσεις.
736 2758 828 2797 Οὔτε
850 2758 917 2811 γὰρ
934 2761 1112 2810 προελθεῖν
1139 2762 1184 2802 εἰς

164 2818 205 2857 τὸ
233 2819 398 2870 ἐξώτερον
419 2820 594 2871 δωμάτιον
615 2821 724 2864 ἀδεῶς
746 2819 832 2866 αὐτὴ
855 2820 984 2858 δύναιτ’
1014 2820 1075 2858 ἅν·
1096 2823 1182 2860 πολ-

167 2879 266 2924 λάκις
285 2880 321 2918 δὲ
342 2882 575 2932 προελθοῦσα,
607 2881 690 2925 ἴσως
723 2882 782 2920 καὶ
815 2883 936 2934 γυμνῷ
968 2885 1017 2934 τῷ
1046 2882 1183 2933 σώματι

164 2945 409 2992 προσπεσοῦσα
428 2945 488 2979 τοῦ
509 2942 648 2994 ἀνδρός·
671 2945 827 2987 κάκεῖνος
853 2944 938 2981 αὐτὸ
966 2947 1067 2981 τοῦτο
1095 2945 1181 2995 opo<

165 3000 318 3052 ρώμενος
336 3006 393 3041 νῦν
416 3001 478 3052 μὲν
506 3004 740 3055 προαγγιίλας
766 3006 905 3052 εἰσῆλθε
919 3036 928 3050 ,
948 3008 1007 3042 νῦν
1035 3004 1070 3042 δὲ
1093 3007 1178 3057 ἁφυ

163 3062 298 3106 λάκτως
313 3092 322 3110 ,
340 3062 398 3102 καὶ
426 3062 532 3102 πολὺν
551 3064 693 3117 ὥφλησε
725 3065 880 3117 γέλωτα·
902 3066 1006 3104 πλέον
1039 3066 1105 3116 γὰρ
1124 3068 1179 3103 οὐ-

162 3122 218 3161 δὲν
251 3125 358 3164 εἰπεῖν
390 3125 572 3177 βούλομαι.
605 3127 728 3164 Ταῦτα
751 3126 804 3174 δὲ,
823 3129 851 3166 εἰ
883 3127 941 3166 καὶ
966 3127 1093 3178 μικρὰ,
1119 3143 1182 3178 με-

163 3185 289 3237 γάλους
308 3188 482 3237 ἄνθρακας
501 3187 682 3240 ἀσελγείας
698 3187 828 3226 τίκτειν
849 3190 957 3226 εἴωθε.
982 3190 1050 3226 Καὶ
1069 3193 1180 3226 ταῦτα

167 3245 229 3296 μὲν
257 3246 315 3286 ἐπὶ
346 3250 409 3295 τῆς
435 3248 566 3297 οἰκίας,
596 3248 655 3287 καὶ
686 3249 831 3287 πλείονα
860 3250 1009 3288 τούτων·
1031 3249 1113 3288 ὅταν
1145 3250 1180 3289 δὲ

163 3308 210 3352 εἷς
247 3308 376 3361 ἀγορὰν
407 3309 570 3361 ἐμίαλὼν
615 3310 790 3349 ἐπανιέναι
837 3310 969 3361 μέλλῃ,
1000 3311 1124 3362 μείζων
1162 3316 1180 3357 ἡ

211 3478 221 3490 ¹·
247 3466 301 3498 sie
322 3468 422 3500 savit.
443 3469 480 3502 ln
499 3469 611 3502 Mon-t.
634 3476 686 3509 rga
703 3476 886 3504 wmuotmw
904 3469 1006 3502 ιΙι-ικκι.

1211 511 1235 540 C

1216 2100 1239 2130 E

2122 285 2213 332 523

1262 380 1356 417 enim
1371 394 1452 418 cum
1465 395 1527 433 per
1542 381 1635 419 idem
1656 391 1795 434 tempus
1810 392 1973 434 surgunt,
1990 395 2059 420 non
2072 382 2119 420 ob
2131 397 2217 434 per-

1262 441 1387 491 vigilia
1403 442 1516 489 (nihil
1532 442 1627 480 enim
1657 443 1758 495 pium
1780 443 1826 481 ab
1845 443 1903 481 his
1929 442 2118 481 animabus
2145 458 2214 482 ex—

1261 502 1520 553 spectandum),
1532 512 1571 540 ut
1584 512 1762 541 transeant
1774 503 1822 541 ad
1836 517 1872 541 se
1885 504 2039 542 invicem
2045 505 2214 556 jacentes,

1262 570 1295 598 et
1311 563 1520 614 compellent
1532 574 1645 602 nocte:
1655 578 1725 615 quo
1737 564 1828 615 quid
1840 579 1912 602 esse
1925 574 2030 615 queat
2043 565 2214 617 turpius?

1262 622 1367 669 Quod
1385 623 1414 660 si
1434 625 1614 675 contingat
1623 635 1767 677 repente
1781 634 1814 663 et
1831 625 2091 663 cohabitantem
2108 641 2216 677 aegro-

1262 690 1350 728 tare,
1371 696 1483 734 neque
1502 686 1677 736 parietum
1692 685 1751 723 hie
1779 694 1899 738 postea
1918 686 2038 736 aliqua
2054 687 2191 724 utilitas
2204 717 2213 733 ,

1262 742 1326 781 sed
1345 757 1539 796 exsurgens
1563 760 1635 797 prae
1662 745 1744 784 aliis
1768 745 1814 782 ad
1839 745 2014 795 virginem
2041 747 2215 796 jacentem

1263 803 1486 854 ingreditur,
1506 805 1750 843 infirmitatem
1782 816 2003 858 praetexens,
2026 815 2060 843 et
2079 807 2217 844 ancillis

1264 878 1357 916 saepe
1388 863 1526 902 tardius
1562 866 1714 916 paratis,
1736 876 1769 904 et
1797 866 1929 904 assidet
1958 876 1992 904 et
2022 867 2092 904 alia
2119 878 2218 905 curat

1264 939 1343 975 quae
1360 925 1547 963 mulierem
1567 926 1778 977 quandoque
1794 928 1907 965 solam
1926 928 1988 965 vix
2016 928 2218 966 ministrare

1264 984 1316 1021 sas
1331 993 1405 1033 est;
1430 997 1544 1034 neque
1563 984 1673 1036 pudet
1691 986 1803 1032 illam,
1829 986 1887 1024 sed
1914 987 2064 1038 gloriam
2086 997 2187 1039 putat
2206 1017 2216 1034 ‚

1265 1058 1378 1095 neque
1396 1044 1472 1097 ipse
1492 1046 1680 1094 erubescit,
1695 1046 1757 1084 sed
1774 1047 1886 1099 magis
1903 1048 2053 1099 gaudet,
2069 1059 2103 1087 et
2120 1058 2218 1086 tanto

1265 1107 1378 1157 magis
1396 1115 1528 1156 quanto
1554 1107 1740 1145 foediorem
1759 1109 1965 1146 servitutem
1985 1124 2059 1162 prae
2084 1125 2120 1148 se
2139 1110 2218 1148 fert.

1266 1168 1513 1218 Apostolicum
1533 1168 1623 1205 illud
1655 1169 1803 1206 verbum
1821 1170 1917 1220 quod
1935 1171 2023 1208 dicit
2038 1201 2048 1219 ,
2079 1172 2218 1210 Gloria
2233 1185 2370 1223 Philipp.
2389 1183 2421 1214 Ξ,

1265 1229 1307 1265 in
1325 1229 1551 1281 confusione
1576 1232 1747 1280 ipsorum
1763 1260 1771 1274 ,
1787 1239 1871 1268 tunc
1891 1245 1927 1268 re
1945 1231 2021 1283 ipsa
2041 1241 2218 1271 monstra·
2236 1233 2285 1264 ¹9·

1264 1299 1334 1327 tur.
1356 1290 1431 1328 Ubi
1456 1299 1575 1328 autem
1607 1300 1641 1329 et
1668 1292 1806 1330 ancillae
1837 1293 2078 1343 surrexerint,
2101 1295 2220 1346 major

1265 1351 1472 1403 turpitudo;
1491 1366 1572 1390 nam
1593 1361 1626 1390 et
1641 1362 1762 1404 aperto
1782 1354 1919 1406 capite,
1939 1363 1973 1391 et
1998 1368 2066 1392 una
2086 1356 2218 1401 tunica,

1265 1422 1298 1450 ct
1310 1413 1416 1450 nudis
1430 1413 1594 1451 manibus
1613 1423 1735 1465 utpote
1750 1415 1914 1460 turbatae,
1929 1415 2013 1453 etin
2029 1425 2130 1454 nocte
2145 1430 2221 1455 sur-

1265 1482 1384 1523 gentes
1407 1473 1615 1511 discurrunt
1634 1474 1696 1512 illo
1718 1484 1888 1526 praesente
1903 1505 1914 1524 ‚
1942 1476 2015 1513 imo
2044 1476 2080 1514 in
2100 1477 2220 1515 medio

1266 1543 1426 1572 versante
1440 1544 1473 1572 et
1494 1535 1602 1572 simul
1622 1545 1798 1581 currente,
1813 1537 1932 1574 omnia
1953 1547 2130 1588 coguntur
2147 1538 2221 1576 im-

1266 1594 1362 1645 plere
1381 1611 1388 1632 :
1412 1610 1481 1645 quo
1499 1595 1589 1647 quid
1610 1597 1688 1634 fleri
1708 1597 1819 1649 possit
1848 1598 2124 1646 soedius?Quod
2140 1600 2168 1637 si
2188 1609 2222 1637 et

1266 1655 1441 1693 obstetrix
1459 1655 1578 1703 adsit,
1599 1671 1710 1708 neque
1731 1658 1782 1696 sic
1806 1658 1944 1710 pudefit
1961 1689 1971 1706 ‚
1999 1659 2062 1698 sed
2086 1669 2120 1698 et
2141 1661 2221 1699 aliis

1266 1716 1474 1767 virginibus
1509 1717 1796 1768 ingredientibus
1821 1719 1888 1758 lioc
1919 1721 1989 1759 sibi
2025 1721 2222 1773 gloriosum

1266 1776 1460 1814 existimat.
1473 1778 1597 1815 Unum
1617 1779 1712 1816 enim
1729 1779 1845 1817 solum
1867 1790 2019 1832 spectat,
2040 1781 2220 1832 quomodo

1266 1847 1437 1876 monstret
1447 1838 1633 1890 aegrotanti
1653 1852 1759 1877 suum
1780 1840 2036 1890 ministerium,
2054 1842 2222 1893 ignorans

1267 1899 1364 1950 quod
1377 1913 1448 1950 quo
1468 1900 1582 1952 magis
1601 1900 1768 1950 ostendit,
1780 1915 1820 1939 eo
1839 1903 1953 1953 magis
1967 1912 2001 1940 et
2015 1903 2171 1955 seipsum
2188 1912 2222 1942 et

1266 1960 1367 1999 illam
1386 1961 1606 2000 dehonestat.
1622 1961 1670 1999 Et
1689 1962 1776 2013 quid
1794 1963 1927 2000 mirum
1940 1995 1949 2008 ,
1968 1964 1996 2001 si
2014 1973 2220 2016 praesentem

1265 2036 1334 2061 non
1346 2022 1529 2061 erubescat
1541 2023 1666 2076 i’Saepe
1675 2024 1770 2061 enim
1781 2023 1908 2062 mediis
1918 2025 2080 2063 noctibus
2091 2026 2222 2064 vilium

1265 2084 1475 2122 ancillarum
1494 2098 1584 2136 opus
1600 2084 1757 2123 facturus
1787 2085 1835 2124 ad
1859 2085 1974 2138 ipsam
1994 2086 2221 2125 obstetricem

1266 2158 1407 2183 currere
1418 2159 1487 2183 non
1504 2156 1685 2197 gravatur.
1698 2146 1852 2195 Quando
1867 2156 1984 2186 autem
2003 2147 2114 2197 adest,
2127 2162 2221 2186 nune

1267 2205 1410 2255 quidem
1432 2207 1552 2258 ipsum
1568 2207 1714 2259 ejiciunt
1729 2208 1786 2246 vel
1818 2207 1972 2246 invitum
1989 2239 1997 2255 ,
2012 2208 2094 2247 licet
2116 2209 2221 2247 valde

1265 2265 1454 2318 impudens
1472 2267 1536 2315 sit3
1550 2281 1644 2305 nunc
1660 2277 1778 2306 autem
1796 2269 2020 2321 permittunt,
2035 2280 2073 2307 ut
2092 2270 2219 2308 iteruin

1265 2325 1486 2377 ingrediatur
1519 2337 1552 2365 et
1579 2328 1748 2366 assideat:
1769 2330 1935 2379 quamvis
1968 2330 2140 2380 quidnam
2160 2332 2217 2368 fa-

1265 2400 1342 2424 cere
1359 2388 1537 2440 quispiam
1558 2389 1668 2440 possit
1698 2389 1744 2427 ad
1765 2390 1868 2428 illum
1896 2391 2034 2442 pudore
2053 2392 2212 2430 allicien-

1264 2447 1367 2493 dum,
1385 2449 1522 2486 etiamsi
1538 2449 1650 2486 millia
1671 2459 1828 2497 conetur,
1848 2451 1892 2487 iis
1911 2451 2027 2489 simile
2046 2467 2125 2502 quae
2139 2453 2215 2504 ipse

1263 2508 1331 2545 sibi
1352 2508 1462 2546 facit?
1488 2509 1556 2547 [lbi
1573 2519 1691 2547 autem
1711 2510 1789 2548 dies
1806 2511 1942 2558 illuxit,
1959 2521 1990 2549 ct
2011 2521 2179 2563 utrosque
2198 2528 2216 2550 c

1263 2570 1351 2608 lecto
1370 2583 1515 2621 surgere
1531 2580 1668 2623 oportet
1685 2601 1694 2614 ,
1712 2572 1882 2613 custodiar
1900 2581 1933 2610 ct
1953 2573 2215 2612 observationes

1263 2641 1343 2669 sunt
1369 2646 1376 2669 :
1399 2646 1512 2682 neque
1542 2633 1636 2669 cuim
1668 2632 1714 2670 ad
1731 2633 1944 2670 exteriorem
1960 2633 2213 2672 domunculam

1264 2693 1428 2745 progredi
1450 2694 1523 2731 sine
1543 2694 1667 2731 timore
1701 2695 1809 2746 possit
1834 2711 1841 2734 :
1865 2710 1959 2747 sat-pe
1984 2705 2102 2733 ειιιιοιιι
2124 2711 2213 2748 pro-

1263 2770 1393 2805 gressa,
1418 2756 1561 2792 tortasse
1576 2765 1608 2792 et
1629 2755 1667 2794 in
1690 2758 1807 2793 vii-uin
1829 2756 1963 2794 nudum
1989 2757 2127 2796 incidit.
2149 2758 2213 2796 llle

1263 2832 1346 2855 vero
1368 2817 1432 2854 Ιιυι·
1453 2817 1568 2867 ipsum
1587 2817 1787 2868 suspicans,
1808 2817 1912 2854 inodo
1935 2817 1969 2854 inl
1988 2833 2131 2857 mouens
2152 2820 2209 2857 iu·

1261 2878 1434 2928 greditur,
1449 2877 1552 2914 niodo
1569 2878 1730 2914 int-:uuus
1744 2878 2083 2929 dvprelwuditur,ac
2099 2881 2210 2918 inulto

1260 2940 1331 2976 risu
1351 2939 1481 2988 dignus
1499 2948 1568 2981 ‹·st;
1583 2938 1670 2976 nihil
1687 2939 1780 2976 enim
1798 2940 1953 2990 amplius
1971 2940 2090 2978 dicere
2111 2943 2205 2980 voto.

1261 3000 1341 3037 llan—
1360 3011 1474 3036 auteni
1497 3000 1661 3049 quainsss·
1682 3014 1788 3049 patrm
1802 3029 1809 3040 .
1836 3010 1950 3038 tamen
1969 3016 2104 3052 inagna·
2124 3003 2207 3040 libi-

1257 3061 1352 3099 dinis
1369 3060 1536 3098 sarlium-s
1564 3059 1754 3097 acccndcrc
1774 3072 2044 3100 consueverunt.
2071 3062 2111 3100 Ιῖι
2137 3064 2209 3102 lure

1257 3121 1402 3172 quidem
1417 3122 1513 3159 donni
1530 3152 1537 3164 .
1560 3131 1591 3158 et
1608 3124 1740 3173 ina-jum
1768 3121 1845 3159 luis:
1871 3122 2015 3173 quando
2034 3133 2151 3162 antem
2173 3126 2208 3164 iu

1258 3183 1441 3234 publicum
1475 3182 1575 3219 iwrit
1596 3182 1791 3225 rediturus.
1810 3182 1937 3221 itm-um
1958 3185 2071 3236 major
2088 3186 2205 3239 tuqui-

1258 3244 1359 3282 tudo.
1384 3244 1421 3282 ln
1441 3243 1586 3281 donnum
1607 3258 1708 3282 suzuu
1742 3245 1934 3295 ingressus,
1966 3255 1998 3284 ct
2030 3247 2118 3286 dum
2139 3262 2207 3287 nou

1258 3313 1396 3362 cogitur
1419 3310 1675 3363 luuruuntiarv,
1703 3310 1854 3350 inventis
1887 3313 2096 3353 nuilirribus
2122 3318 2206 3353 aui-

1247 3472 1259 3493 Ι·
1286 3471 1292 3511 l
1317 3469 1858 3515 §.unagaen-,cinuuc-21:213,
1884 3475 1889 3511 l

1957 3554 1998 3584 ΤΙ
