2513 3871
84 1339 107 1357 ι.
133 1327 207 1361 Rex.
234 1327 264 1357 3.

274 194 335 254 98

284 302 367 327 cum
388 289 464 341 ipso
483 287 631 327 domum
651 287 869 333 universam,
890 285 1103 336 nullumque
1120 284 1236 323 medi-

284 358 484 387 camentum
501 348 579 395 erit,
592 346 687 398 quod
705 346 837 384 vulnus
852 345 949 384 istud
964 359 1089 384 curare
1099 345 1232 398 possit:

285 409 366 447 licet
390 409 462 446 seni
491 408 543 446 illi
571 417 698 459 praeter
725 407 883 446 (iliorum
910 407 1111 458 neglectum
1143 405 1233 444 nihil

284 469 378 519 quod
398 468 538 506 crimini
557 467 657 506 daret
674 468 839 507 habuerit
855 470 963 507 Deus.
983 468 1068 506 Erat
1083 467 1178 506 enim
1197 466 1232 504 in
1258 476 1281 506 B

282 529 417 567 caeteris
440 528 608 567 omnibus
628 528 877 578 admirandus,
901 530 1049 583 ejusque
1068 528 1233 581 philoso-

281 591 403 643 phiam
414 605 554 629 omnem
575 605 642 629 non
658 605 702 630 ex
720 591 800 629 aliis
821 591 942 637 modo,
956 590 1021 629 sed
1030 604 1075 629 ex
1090 590 1134 628 iis
1145 603 1233 642 quo·

281 665 350 702 que
369 665 448 702 quae
469 652 504 690 iu
525 652 726 690 calamitate
745 653 993 704 contigerunt,
1017 651 1140 690 videre
1167 659 1230 689 est.

281 712 442 750 Primum
462 713 557 751 enim
571 726 652 750 cum
663 713 738 752 haec
751 714 869 752 omnia
884 712 1056 763 audisset,
1068 725 1174 764 seque
1184 710 1231 750 ad

281 788 484 827 supremam
505 788 644 827 poenam
672 774 876 827 pervenisse
901 774 1139 827 conspiceret,
1161 787 1231 812 non

279 837 462 886 graviter,
486 849 553 873 non
586 834 814 887 indignanter
841 835 943 883 tulit,
972 849 1041 874 non
1073 835 1111 874 id
1135 834 1232 874 dixit

279 895 377 947 quod
398 896 544 949 plurimi
563 896 740 936 dixissent
761 913 769 934 ε
792 898 887 936 Num
905 911 970 950 ego
987 897 1141 936 aliorum
1161 910 1229 935 vo·-

280 955 426 995 luntatis
436 956 602 996 dominus
617 972 695 996 sum
707 958 724 995 3’
738 959 967 997 Peccatorum
983 971 1143 997 meorum
1156 971 1231 1011 poe—

282 1031 344 1056 nas
370 1017 468 1056 luere
489 1017 603 1056 debeo
623 1033 631 1055 ε
651 1018 718 1056 filii
747 1028 885 1057 :etatem
913 1018 1066 1067 babent,
1092 1018 1233 1072 ipsique

281 1078 346 1117 soli
359 1078 578 1131 supplicium
598 1088 786 1118 merentur.
806 1079 943 1118 llorum
960 1079 1051 1118 nihil
1065 1079 1159 1118 dixit
1174 1079 1232 1118 vel

281 1139 476 1191 cogitavi13
505 1138 569 1178 sed
594 1149 631 1178 ut
660 1154 783 1178 servus
807 1139 896 1179 bene
916 1140 1087 1187 affectus,
1110 1141 1168 1179 cui
1194 1139 1232 1178 id

282 1214 392 1238 unum
412 1199 511 1238 cordi
531 1209 624 1247 erat,
646 1209 683 1238 ut
702 1215 721 1238 a
741 1201 888 1240 domino
905 1201 1023 1240 omnia
1043 1201 1146 1239 facile
1165 1216 1231 1254 pa·-

281 1260 475 1312 tienterque
485 1261 601 1306 ferret,
615 1262 879 1311 quantumlibet
892 1262 954 1300 illa
969 1263 1094 1300 aoerba
1105 1272 1231 1311 essent,

282 1320 333 1358 sic
354 1321 415 1359 ille
436 1321 543 1359 verba
564 1321 802 1374 philosophia:
824 1322 925 1372 plena
946 1322 1097 1374 protulit
1116 1336 1125 1357 :
1145 1323 1231 1360 Do—

283 1383 408 1420 minus
429 1381 522 1419 enim
536 1411 546 1429 ‚
567 1381 702 1432 inquit,
725 1391 805 1427 est5
822 1383 1094 1434 quodgratum
1112 1390 1170 1420 est
1191 1383 1234 1420 in

282 1451 487 1494 conspectu
505 1443 727 1495 suo-saciet.
754 1444 831 1482 Nun
855 1444 973 1482 solum
994 1453 1113 1482 autem
1133 1443 1232 1493 hinc,

279 1502 341 1541 sed
363 1503 508 1542 aliunde
527 1517 668 1555 quoque
687 1504 764 1556 ejus
783 1505 899 1543 virtus
923 1504 1144 1557 deprehendi
1164 1519 1233 1558 po-

281 1573 358 1602 test.
381 1566 472 1603 Nam
491 1578 574 1602 cum
593 1564 688 1603 bello
707 1574 954 1617 premerentur
971 1565 1089 1606 Judaei
1102 1595 1114 1616 ,
1132 1579 1235 1605 acce-

279 1626 436 1677 densque
451 1625 597 1677 quidam
611 1626 695 1665 belli
708 1626 826 1666 clades
838 1627 1103 1675 annuntiasset,
1123 1637 1234 1680 utque

282 1687 434 1740 turpiter
446 1696 479 1726 et
499 1686 624 1726 misem
639 1688 715 1740 ejus
731 1688 799 1727 filii
818 1688 854 1727 in
871 1689 996 1741 praelio
1012 1688 1232 1736 cecidissent,

279 1748 358 1786 haec
385 1747 504 1800 quiete
529 1747 686 1798 audivit;
714 1758 749 1788 at
773 1749 837 1787 ubi
863 1749 924 1789 ille
950 1759 1077 1802 praeter
1102 1749 1232 1789 caedem

282 1809 488 1861 hujusmodi
507 1824 627 1848 arcam
647 1810 694 1848 ab
707 1810 869 1850 hostibus
889 1820 1031 1864 captam
1049 1811 1155 1850 fuisse
1171 1811 1233 1850 ad—

276 1871 432 1923 jecisset,
459 1879 543 1909 tunc
567 1885 717 1910 moerore
735 1872 986 1911 obtenebratus
1005 1886 1113 1911 senex
1138 1872 1232 1911 ceci-

281 1931 336 1970 dit
351 1932 396 1970 de
410 1931 496 1970 sella
517 1941 609 1970 retro
622 1933 729 1985 juxta
745 1933 908 1985 januam,
927 1943 959 1972 et
975 1934 1168 1972 contritum
1182 1943 1234 1973 est

281 1993 429 2032 dorsum
448 1994 525 2045 ejus
543 2009 552 2030 ε
572 2008 679 2032 senex
698 1995 794 2033 enim
813 2004 902 2043 erat,
923 2003 957 2033 et
976 1996 1096 2046 gravis
1110 2005 1144 2034 et
1162 1995 1232 2034 ho-

284 2055 470 2101 norabilis,
492 2064 526 2093 et
548 2054 622 2108 ipse
637 2055 817 2108 judicavit
836 2056 945 2094 lsrael
964 2056 1094 2108 viginti
1113 2057 1230 2095 annis.

284 2115 395 2164 Quod
419 2115 448 2153 si
474 2115 691 2154 sacerdotem
714 2130 853 2165 senem,
876 2116 1144 2166 honorabilem,
1171 2118 1233 2169 qui

284 2178 360 2215 sine
385 2177 527 2228 querela
552 2177 785 2216 llebraeorum
812 2187 950 2230 gentem
977 2179 1104 2230 viginti
1133 2180 1235 2218 annis

287 2247 439 2286 rexerat,
457 2237 518 2289 qui
538 2238 581 2276 iis
597 2238 816 2290 temporibus
835 2239 941 2286 vixit,
964 2253 1043 2291 qua:
1064 2254 1132 2279 non
1153 2250 1232 2279 tan-

287 2309 358 2336 tam
375 2299 456 2336 vitat
476 2298 700 2350 diligentiam
720 2299 970 2350 requirebant,
994 2299 1084 2338 nihil
1105 2301 1234 2340 horum

286 2374 456 2398 excusare
475 2360 606 2412 potuit;
624 2359 686 2398 sed
704 2359 732 2398 is
750 2360 835 2412 quia
856 2361 1014 2399 filiorum
1029 2375 1151 2400 curam
1167 2376 1235 2402 non

286 2430 339 2459 sat
357 2421 546 2473 diligenter
557 2421 743 2466 habuerat.
757 2421 885 2460 misere
899 2431 933 2460 ct
950 2421 1136 2461 infeliciter
1157 2438 1237 2476 per-

287 2484 347 2531 iit,
371 2497 412 2520 ac
435 2483 660 2533 negligentiae
687 2483 785 2522 illius
819 2484 953 2522 crimen
977 2483 1088 2522 instar
1108 2485 1239 2524 fluctus

286 2544 438 2596 ingentis
464 2544 524 2582 illa
549 2545 667 2583 omnia
696 2545 939 2594 transcendit,
969 2554 1003 2584 et
1027 2556 1120 2585 recte
1147 2548 1237 2586 tacta

285 2607 403 2644 omnia
416 2606 556 2644 obruit:
569 2620 648 2658 quae
664 2621 726 2645 nos
738 2607 827 2646 ultio
841 2607 1007 2660 excipiet,
1018 2609 1079 2659 qui
1091 2608 1147 2646 his
1157 2617 1240 2647 tem·

288 2667 436 2721 poribus
457 2668 641 2718 vivimus,
667 2668 702 2706 in
722 2668 855 2719 quibus
878 2670 992 2722 maior
1011 2669 1238 2722 philosophia

287 2729 496 2779 requiritur,
509 2739 543 2768 et
559 2738 673 2768 tamen
687 2729 739 2768 illi
755 2730 887 2769 virtute
899 2730 1079 2769 inferiores
1093 2745 1237 2779 surnus;

289 2804 328 2827 ac
348 2805 415 2828 non
444 2790 550 2829 inodo
569 2791 655 2829 filiis
681 2805 748 2829 non
770 2792 1025 2844 prospicimus,
1050 2792 1111 2831 sed
1132 2793 1238 2832 etiam

289 2851 378 2888 alios
393 2850 429 2889 id
446 2851 560 2889 facere
578 2851 731 2889 nitentes
747 2851 886 2890 insidiis
906 2853 1108 2905 appetimus
1125 2863 1160 2892 et
1175 2869 1238 2908 up-

291 2925 506 2962 pugnamus,
533 2926 574 2950 ac
599 2912 763 2951 barbaris
785 2913 1013 2952 immaniores
1033 2929 1115 2967 erga
1140 2924 1240 2954 natos

292 2982 428 3010 nostros
446 2973 592 3011 sumus?
611 2973 758 3011 Illorum
774 2973 907 3027 quippe
927 2975 1047 3013 feritas
1064 2990 1176 3027 nsque
1193 2974 1238 3014 ad

291 3035 496 3072 servitutem
511 3043 663 3083 tantum,
679 3043 712 3072 et
728 3035 927 3073 vastitatem
942 3049 982 3073 ac
993 3037 1238 3089 captivitatem

293 3095 416 3147 patrioe
431 3125 439 3140 ,
475 3109 712 3147 corporeaque
744 3097 836 3135 mala
869 3098 991 3145 saevit;
1026 3112 1089 3137 vos
1119 3108 1237 3137 autem

292 3156 404 3207 ipsam
423 3156 576 3194 anitnatn
599 3157 632 3194 in
661 3157 869 3196 servitutem
890 3158 1072 3210 redigitiS,
1091 3172 1240 3210 eamque

290 3215 388 3254 velut
411 3215 590 3268 captivum
610 3217 807 3267 alligatam,
827 3219 873 3256 ita
901 3219 1068 3271 malignis
1087 3219 1241 3273 serisque

333 3359 344 3373 ·
371 3349 484 3380 Murel.
502 3354 573 3391 πρὸς
590 3353 717 3390 ἐσχάτην
733 3356 890 3394 τιμωρίαν,
903 3349 956 3381 ali·
976 3361 1091 3383 omnes
1109 3357 1180 3398 πρὸς
1207 3357 1293 3395 ἰσχα-

290 3416 338 3434 *rw
353 3409 507 3446 τιμωρίας-

702 207 740 237 S.
779 206 966 236 JOANMS
1000 203 1246 233 cnttt'SOST.
1286 203 1496 234 anctttm’.
1537 203 1896 237 CONSTANTINOP-

1308 286 1460 333 παῖδας,
1475 287 1566 325 ἀλλὰ
1591 286 1652 326 καὶ
1673 286 1737 334 τὴν
1770 288 1883 327 οἰκίαν
1916 288 2058 328 ἅπασαν
2085 289 2164 339 μετ’
2184 287 2337 335 luston,

1307 347 1367 384 καὶ
1397 346 1494 386 οὐδὲν
1529 347 1630 386 ἔσται
1659 349 1869 400 φάρμακον,
1893 349 1912 388 ὃ
1943 349 2007 396 τὴν
2039 348 2181 400 πληγὴν
2205 349 2338 394 ταύτην

1308 407 1467 446 ἰάσεται·
1484 408 1599 447 καίτοι
1628 409 1721 456 πλὴν
1739 412 1802 456 τῆς
1824 410 1871 453 εἷς
1898 409 1976 454 τοὺς
1995 411 2123 453 παῖδας
2144 410 2313 462 ῥᾳθυμίας
2326 439 2336 456 ,

1306 467 1404 506 οὐδὲν
1419 469 1536 522 ἕτερον
1556 460 1647 521 εἶχεν
1665 471 1828 522 ἐγκαλεῖν
1846 473 1864 509 ὁ
1885 470 1975 514 Θεὸς
1994 472 2044 523 τῷ
2061 470 2242 522 πρεσὸὑτῃ
2256 470 2336 510 τότε

1306 528 1440 583 ἐκείνῳ,
1458 531 1535 569 ἀλλ’
1555 525 1598 577 ἦν
1620 530 1758 570 ἅπαντα
1778 531 1822 569 τὰ
1842 532 1932 569 ἄλλα
1952 530 2175 580 θαυμαστὸς,
2189 531 2250 569 καὶ
2268 530 2333 578 τὴν

1304 591 1508 643 φιλοσοφίαν
1533 594 1636 631 αὐτοῦ
1668 599 1786 631 πᾶσαν
1816 594 1878 630 οὐκ
1913 594 1952 631 ἐκ
1980 593 2049 629 τῶν
2073 592 2189 630 ἄλλων
2209 592 2335 643 μόνον,

1305 652 1396 691 ἀλλὰ
1416 652 1476 691 καὶ
1495 654 1556 692 ἀπ’
1574 655 1686 691 αὐτῶν
1707 656 1776 691 τῶν
1796 652 1889 691 κατὰ
1907 651 1971 699 τὴν
1997 651 2179 705 συμφορὰν
2201 651 2334 700 ταύτην

1305 713 1574 765 ἔπισυμὸάντων
1603 714 1696 752 ἐστὶν
1724 714 1819 752 ἰδεῖν.
1842 714 1989 765 Πρῶτον
2012 712 2076 763 μὲν
2100 713 2189 764 γὰρ,
2208 712 2331 760 ἐπειδὴ

1303 779 1413 813 ταῦτα
1436 776 1552 813 πάντα
1579 774 1726 822 ἤκουσε,
1758 774 1943 826 καὶ”πρὸς
1976 773 2124 826 ἔσχατον
2157 773 2331 826 τιμωρίας

1302 834 1434 881 ἥκοντα
1448 829 1536 874 εἶδεν
1555 835 1691 883 ἑαυτὸν,
1706 836 1769 874 οὐκ
1786 835 2087 884 ἀπεδυσπέτησεν,
2100 835 2163 874 οὐκ
2183 833 2327 887 ἐδυσχέ-

1307 899 1489 950 ρανεν,οὖκ
1503 891 1580 936 εἶπέ
1593 914 1627 936 τι
1639 901 1805 944 τοιοῦτον,
1816 891 1886 935 οἷον
1901 897 1990 941 εἰκὸς
2004 896 2084 940 τοὺς
2101 895 2263 941 πολλούς·
2275 895 2326 946 μὴ

1305 959 1373 1011 γὰρ
1392 959 1461 1011 ἐγὼ
1481 961 1544 1006 τῆς
1563 959 1689 1013 ἐτέρων
1704 959 1819 1011 κύριός
1832 961 1905 1010 εἶμι
1919 957 2062 1010 γνώμης
2074 974 2085 1006 ;
2098 960 2168 996 τῶν
2188 957 2326 997 οἰκείων

1306 1020 1571 1071 ἁμαρτημάτων
1601 1020 1730 1072 ὀφείλω
1766 1021 1883 1063 δίκας·
1903 1023 1935 1058 οἱ
1965 1020 2088 1064 παῖδες
2119 1018 2155 1058 δὲ
2186 1018 2328 1065 ἠλικίαν

1307 1081 1439 1133 ἔχουσι,
1460 1082 1520 1120 καὶ
1548 1081 1647 1121 αὐτοὶ
1675 1082 1716 1119 ἂν
1737 1075 1803 1120 εἶεν
1829 1080 1957 1119 δίκαιοι
1986 1080 2193 1125 κολάζεσθαι
2211 1079 2330 1130 μόνον.

1306 1144 1340 1181 Τ
1342 1142 1452 1180 ούτων
1475 1142 1570 1182 οὐδὲν
1585 1143 1663 1181 οὔτε
1695 1136 1788 1181 εἶπεν
1808 1142 1885 1180 οὔτε
1909 1141 2098 1187 ἐνενόησεν·
2120 1141 2197 1179 ἀλλ’
2210 1139 2330 1192 ὥσπερ

1306 1204 1444 1250 οἰκέτης
1464 1204 1651 1254 εὐγνώμων
1665 1234 1675 1249 ,
1694 1203 1754 1242 καὶ
1772 1203 1809 1240 ἓν
1827 1202 1930 1253 μόνον
1955 1202 2074 1248 εἰδὼς,
2093 1202 2137 1240 τὰ
2154 1200 2252 1253 παρὰ
2269 1204 2331 1239 τοῦ

1306 1264 1485 1303 Δεσπότου
1517 1265 1666 1306 εὐκόλως
1698 1262 1832 1315 φέρειν,
1862 1263 1926 1301 κᾶν
1944 1262 2087 1313 λυπηρὰ
2114 1262 2198 1300 ὄντα
2222 1260 2333 1314 τύχῃ,

1306 1324 1397 1362 οὕτω
1422 1324 1466 1363 τὰ
1491 1326 1623 1371 πολλῆς
1650 1323 1803 1375 γέμοντα
1821 1323 2026 1375 φιλοσοφίας
2054 1322 2240 1375 ἐφθέγγετο
2267 1322 2332 1374 pri·

1308 1401 1415 1435 ματα·
1433 1384 1558 1437 Κύριος
1577 1383 1662 1438 γὰρ,
1678 1384 1782 1436 φησὶν
1795 1413 1806 1432 ,
1828 1384 1951 1432 αὐτὸς,
1966 1383 2007 1422 τὸ
2022 1384 2166 1435 ἀρεστὸν
2185 1382 2332 1422 ἐνώπιον

1308 1449 1412 1485 αὐτοῦ
1439 1446 1594 1493 ποιήσει.
1630 1445 1700 1483 Καὶ
1729 1446 1791 1484 οὐκ
1819 1447 1973 1484 ἐντεῦθεν
2005 1444 2134 1494 μόνον,
2153 1444 2243 1482 ἀλλὰ
2274 1443 2334 1482 καὶ

1307 1508 1472 1560 ἑτέρωθεν
1499 1509 1592 1546 ἐστιν
1609 1505 1741 1545 ὴαύτοῧ
1769 1505 1832 1553 τὴν
1864 1504 1992 1559 ἀρετὴν
2024 1504 2191 1544 κατιδεῖν.
2216 1504 2333 1544 nou·

1309 1585 1375 1620 μου
1406 1569 1473 1621 γὰρ
1501 1567 1761 1612 καταλαὸόντος
1789 1566 1867 1611 τοὺς
1895 1566 2107 1616 Ἰουδαίους,
2130 1565 2252 1613 ἐπειδή
2280 1581 2333 1610 τις

1308 1630 1416 1669 ἐλθὼν
1445 1629 1638 1681 ἀπήγγειλε
1663 1629 1726 1673 τὰς
1755 1631 1790 1667 ἐν
1809 1631 1860 1681 τῷ
1883 1628 2030 1681 πολέμῳ
2058 1627 2240 1680 συμφορὰς
2271 1627 2331 1666 καὶ

1307 1695 1381 1736 πῶς
1427 1693 1459 1731 οἱ
1499 1691 1622 1735 παῖδες
1665 1692 1769 1729 αὐτοῦ
1809 1689 2056 1738 κατεκόπησαν
2087 1692 2242 1743 αἰσχρῶς
2272 1688 2334 1727 καὶ

1307 1755 1464 1796 ἐλεεινῶς
1490 1754 1526 1790 ἐν
1547 1754 1589 1803 τῇ
1613 1751 1735 1804 μάχῃ,
1754 1755 1865 1790 ταῦτα
1898 1751 1961 1801 μὲν
1996 1745 2054 1789 οὖν
2084 1752 2220 1789 ἀκούων
2238 1748 2331 1797 ἡσύ-

1307 1816 1424 1866 χαζεν·
1439 1815 1485 1857 ὡς
1505 1813 1540 1852 δὲ
1559 1813 1772 1865 προσέθηκεν
1795 1814 1923 1857 ἐκεῖνος
1943 1814 1988 1863 τῇ
2011 1814 2129 1864 σφαγῇ
2146 1811 2255 1863 ταύτῃ
2271 1812 2335 1857 τ’ἧς

1307 1877 1460 1915 memo&
1488 1875 1552 1921 τὴν
1572 1874 1736 1926 ἁρπαγὴν
1760 1873 1824 1922 τὴν
1855 1875 1921 1912 ὑπὸ
1947 1875 2017 1911 τῶν
2035 1874 2214 1923 πολεμίων
2236 1889 2336 1924 γενο-

1309 1937 1436 1988 μένην,
1457 1937 1536 1975 τότε
1564 1936 1606 1983 δὴ
1627 1935 1813 1978 σκοτωθεὶς
1841 1935 1910 1974 ὑπὸ
1927 1937 1990 1981 τῆς
2016 1934 2167 1982 ἀθυμίας
2187 1937 2205 1974 ὁ
2221 1934 2334 1988 γέρων

1308 2000 1428 2038 ἔπεσεν
1458 1997 1528 2037 ἀπὸ
1557 2002 1618 2037 τοῦ
1646 1998 1768 2050 δίφρου
1801 1999 1849 2041 εἰς
1879 1996 1923 2035 τὰ
1954 1996 2067 2036 ὀπίσω
2095 1996 2246 2049 ἐχόμενα
2272 1999 2335 2044 τῆς

1308 2058 1512 2106 πύλης,καὶ
1538 2058 1723 2109 συνετρίὸη
1750 2061 1768 2096 ὁ
1787 2061 1894 2102 νῶτος
1914 2059 2035 2106 αὐτοῦ,
2060 2057 2114 2096 ὅτι
2138 2057 2335 2110 πρεσὸύτης

1309 2116 1350 2169 ἦν
1389 2121 1448 2160 καὶ
1481 2120 1586 2172 βαρὺς
1619 2120 1679 2158 καὶ
1720 2119 1874 2166 ἔνδοξος,
1903 2120 1963 2158 καὶ
1997 2120 2100 2164 αὐτὸς
2134 2119 2248 2171 ἔκρινε
2275 2118 2336 2158 τὸν

1309 2182 1454 2235 Ἰσραὴλ
1476 2182 1604 2221 εἴκοσιν
1623 2181 1697 2227 ἔτη.
1715 2183 1759 2220 Ei
1779 2181 1814 2219 δὲ
1839 2182 1898 2220 τὸν
1914 2181 2022 2233 ἱερέα,
2039 2180 2099 2218 τὸν
2121 2178 2336 2233 πρεσὸύτην,

1309 2244 1366 2282 τὸν
1387 2243 1537 2287 ἔνδοξον,
1553 2242 1610 2281 τὸν
1634 2242 1764 2281 εἴκοσιν
1784 2242 1847 2288 ἔτη
1867 2242 2070 2295 προστάντα
2089 2242 2256 2289 ἆλήπτως
2273 2245 2335 2280 τοῦ

1309 2308 1377 2344 τῶν
1394 2304 1572 2356 Ἑὸραίων
1601 2303 1742 2355 γένους,
1767 2304 1825 2342 τὸν
1845 2305 1880 2341 ἐν
1905 2303 2042 2356 χρόνοις
2067 2302 2337 2354 πολιτευόμενον

1309 2371 1347 2406 οὐ
1366 2366 1500 2413 πολλὴν
1521 2368 1726 2404 ἀπαιτοῦσιν
1743 2365 1941 2416 ἅκρίὸειαν,
1957 2364 2053 2404 οὐδὲν
2071 2364 2202 2404 τούτων
2215 2364 2338 2417 ἴσχυσε

1309 2427 1597 2480 παραιτήσασθαι
1610 2456 1618 2471 ,
1636 2428 1728 2474 ἀλλ’,
1742 2425 1862 2474 ἐπειδὴ
1881 2428 1952 2464 τῶν
1971 2426 2105 2464 παίδων
2127 2426 2189 2465 οὐκ
2208 2426 2337 2476 ἔπεμι-

1310 2490 1400 2536 λήθη
1418 2488 1508 2538 μετὰ
1525 2484 1726 2541 ἅκριὸείας,
1745 2486 1878 2539 σφόδρα
1899 2488 1959 2526 καὶ
1981 2488 2139 2531 ἐλεεινῶς
2159 2485 2335 2531 ἀπώλετο,

1312 2551 1372 2589 καὶ
1392 2553 1454 2597 τῆς
1470 2549 1656 2601 ὀλιγωρίας
1676 2548 1806 2596 ταύτης
1829 2553 1852 2596 ἡ
1872 2549 2044 2600 ἁμαρτία,
2065 2547 2223 2598 καθάπερ
2242 2550 2337 2597 κῦμα

1312 2612 1433 2665 ἄγριον
1449 2611 1508 2649 καὶ
1529 2611 1636 2661 μέγα,
1649 2609 1765 2648 πάντα
1781 2609 1974 2661 ὑπερέσχεν
1993 2610 2123 2654 ἐκεῖνα,
2134 2607 2195 2646 καὶ
2212 2605 2257 2644 τὰ
2271 2621 2337 2645 κα-

1311 2671 1522 2722 τορθώματα
1554 2670 1701 2722 ἔκρυψεν
1721 2671 1880 2708 ἅπαντα·
1898 2670 1949 2712 τίς
1968 2672 2062 2719 ἡμᾶς
2086 2668 2237 2720 λήψεται
2256 2666 2337 2713 δίκη

1310 2733 1388 2776 τοὺς
1408 2735 1443 2772 ἐν
1459 2731 1595 2785 χρόνοις
1613 2731 1818 2782 γενομένους
1837 2731 1958 2782 πολλῷ
1988 2730 2127 2779 μείζονα
2149 2731 2337 2768 ἀπαιτοῦσι

1311 2793 1530 2846 φιλοσοφίαν,
1550 2793 1610 2830 καὶ
1636 2795 1697 2838 τῆς
1723 2794 1848 2844 ἀρετῆς
1867 2792 2078 2834 ἀποδέοντας
2097 2793 2160 2838 τῆς
2186 2789 2338 2837 (κείνου,

1312 2856 1370 2893 καὶ
1397 2857 1466 2892 τῶν
1501 2854 1635 2892 παίδων
1669 2854 1707 2892 οὐ
1740 2853 1844 2903 μόνον
1872 2853 1911 2891 οὗ
1932 2851 2228 2904 προϊσταμένους,
2246 2850 2338 2889 ἀλλὰ

1311 2915 1371 2954 καὶ
1389 2921 1460 2958 τοῖς
1481 2913 1701 2966 βουλομένοις
1721 2918 1823 2951 τοῦτο
1843 2919 1954 2951 ποιεῖν
1975 2911 2263 2956 ἐπιὸουλεύοντας
2277 2912 2338 2950 καὶ

1311 2978 1569 3027 πολεμοῦντας,
1603 2975 1662 3013 καὶ
1705 2974 1885 3026 βαρὸιέρου
1927 2973 2056 3017 παντὸς
2089 2971 2337 3026 χαλεπώτερον

1311 3038 1392 3091 περὶ
1420 3037 1465 3075 τὰ
1493 3036 1618 3087 ἔκγονα
1648 3035 1905 3086 διακειμένουςς
1930 3034 1976 3073 ‘ll
2007 3034 2070 3084 μὲν
2099 3034 2168 3087 γὰρ
2195 3033 2337 3074 ἔκιίνων

1311 3100 1451 3150 ὠμότης
1471 3098 1575 3150 μέχρι
1595 3096 1747 3141 δουλείας
1767 3098 1825 3135 καὶ
1843 3097 2118 3140 &vasta-rdiam<
2134 3095 2194 3134 καὶ
2209 3095 2337 3146 ἄνδρα·

1311 3161 1484 3210 ποδισμοῦ
1507 3162 1568 3205 τῆς
1587 3159 1753 3209 πατρίδος
1773 3158 1832 3196 καὶ
1861 3160 1929 3195 τῶν
1949 3162 2009 3196 τοῦ
2029 3157 2191 3208 σώματος
2209 3155 2336 3201 ἕστηκε

1312 3224 1448 3268 κακῶν,
1464 3223 1563 3271 ὑμεῖς
1583 3220 1618 3258 δὲ
1639 3218 1745 3266 αὐτὴν
1768 3219 2021 3257 καταδουλοῦτε
2044 3218 2107 3263 τὴν
2122 3217 2258 3269 ψυχὴν,
2276 3214 2336 3254 καὶ

1377 3353 1392 3379 Ι·
1418 3351 1518 3384 Suxil.
1538 3350 1579 3382 nd
1599 3362 1703 3390 ming.
1735 3355 1822 3384 κᾶτοὶ
1841 3358 1893 3387 τὴν
1916 3356 2086 3396 καρτερίαν.
