2513 3871
321 231 437 276 1018

314 334 447 365 mentes
466 332 615 362 nostras.
641 321 771 360 Nullus
784 320 896 369 dicat,
919 320 1050 371 Legem
1066 331 1136 357 non
1156 318 1258 370 lege-

310 392 404 425 ram,
420 375 615 415 nesciebam
637 387 716 424 quse
733 373 778 411 ad
810 372 923 425 legem
957 371 1144 424 pertinent.
1164 371 1258 410 Nam

309 431 338 468 si
353 428 535 481 negaveris
551 439 774 465 communem
790 425 902 476 legem
908 432 1055 476 ,arguet
1071 432 1104 462 te
1119 431 1257 462 naturae

124 495 292 531 [Rq-einn-
310 481 383 522 lex.
410 481 476 519 vis
495 479 631 518 discere
650 478 745 528 quod
762 480 857 516 Deus
867 486 1000 515 natura:
1019 475 1191 515 inseverit
1204 475 1255 514 le-

105 543 153 565 tnr
180 536 236 562 lant
263 537 290 563 in

103 577 200 613 Edog.
213 582 289 604 tna.

103 628 122 655 ι»
151 614 210 655 <3⁸⁴
241 617 291 651 Β]

123 2610 226 2638 Unelli.
249 2620 277 2650 5.

333 547 368 572 ω
382 563 393 582 ,
414 547 491 583 qua:
505 532 707 570 discernant
725 530 812 582 quid
842 530 976 568 bonum
990 559 1001 577 ,
1018 537 1052 568 et
1069 528 1157 580 quid
1177 542 1258 566 ma-

308 547 415 624 fuui?
443 585 618 635 interroga
649 592 804 622 nostram
826 582 989 635 ipsorum
1017 581 1256 620 conversatio-

308 652 402 683 nem,
420 637 599 688 quomodo
614 650 748 683 omnes,
759 637 822 687 qui
841 634 1256 687 faciuntmala,l'ugiuut‚

307 704 351 730 ne
368 689 451 728 mali
471 689 720 743 appellentur?
741 689 785 728 Et
801 687 982 739 quomodo
995 718 1004 734 ,
1021 687 1107 726 audi
1124 703 1132 725 ς
1153 687 1258 727 adul-

307 753 359 782 ter
391 742 612 782 adulterium
641 742 852 790 committit,
882 741 1057 780 erubescit
1089 750 1204 779 autem
1227 740 1257 778 si

306 795 446 836 adulter
478 804 636 835 vocetur.
671 794 742 834 Dic
780 794 1021 833 manifestario
1065 794 1230 832 adultero
1243 823 1254 839 ,

307 847 470 897 adulter-5
488 847 726 887 confundetur
743 856 875 894 tamen,
889 847 972 886 licet
988 847 1077 886 dum
1094 847 1178 885 facit
1194 846 1257 885 de-

307 901 469 941 lectetur.
485 900 593 950 Quod
623 902 653 940 si
673 900 808 939 bonum
845 908 948 953 putas
979 909 1178 953 peccatum,
1195 913 1258 938 cur

307 968 433 993 nomen
450 954 570 1005 sugis?
590 954 659 993 Dic
682 955 837 1006 perjuro,
853 953 1015 1005 perjure:
1039 962 1073 991 et
1089 967 1153 1005 pro
1170 967 1258 991 con-

308 1007 454 1046 tumelia
483 1006 628 1046 habebit
647 1019 794 1046 suorum
809 1019 957 1058 operum
969 1005 1254 1058 appellationem.

306 1060 367 1100 Sic
382 1068 506 1099 natura
525 1060 601 1112 ipsa
624 1059 752 1097 clamat
766 1058 864 1109 quod
881 1059 1018 1097 malum
1038 1059 1085 1097 sit
1102 1059 1259 1097 alienum

306 1112 353 1152 ab
368 1125 475 1164 opere
496 1113 577 1152 Dei.
600 1111 645 1150 Et
659 1111 755 1162 quod
773 1111 855 1150 fecit
875 1112 984 1158 Deus,
1001 1111 1134 1150 bonum
1152 1120 1216 1158 est,
1226 1120 1261 1149 et

306 1165 440 1203 bonum
460 1164 576 1213 valde,
592 1173 699 1215 atque
718 1163 766 1202 ita
790 1163 938 1211 bonum,
959 1173 996 1202 ut
1011 1172 1044 1202 et
1060 1164 1164 1202 malis
1192 1164 1260 1201 im-

307 1217 508 1264 misceatur,
527 1226 561 1255 et
593 1216 639 1255 de
659 1215 794 1254 malitia
824 1216 1020 1254 erubescat.
1047 1215 1115 1254 Die
1138 1225 1254 1261 casto,

308 1278 401 1307 caste
421 1284 429 1306 :
449 1278 482 1307 et
500 1270 562 1320 qui
588 1268 634 1307 de
661 1280 766 1327 opere
793 1266 1005 1315 delectatur,
1025 1266 1071 1306 de
1091 1267 1260 1320 appella·

309 1323 404 1360 tione
437 1335 506 1359 non
532 1321 718 1360 erubescit.
745 1322 843 1361 Voca
864 1321 1019 1373 justum,
1041 1321 1206 1373 justum:
1225 1329 1260 1358 et

308 1388 413 1433 opere
445 1384 647 1421 coronatur,
680 1383 715 1412 et
749 1373 986 1426 appellatione
1021 1372 1255 1412 honestatur:

309 1427 390 1466 licet
415 1427 509 1465 enim
537 1426 719 1466 modestiae
744 1426 857 1479 gratia
887 1440 1014 1465 nomen
1033 1425 1161 1477 fugiat,
1180 1427 1259 1465 lau-

307 1480 388 1518 dem
409 1489 523 1518 tamen
543 1481 579 1519 in
605 1481 723 1518 anima
749 1493 815 1518 sua
831 1479 973 1533 accipit.
996 1480 1121 1531 Cogita
1140 1493 1259 1531 quan-

308 1542 383 1572 tum
400 1533 576 1571 malorum
592 1541 752 1571 versetur
781 1533 816 1570 in
850 1532 1003 1580 mundo;
1022 1541 1056 1570 et
1072 1546 1261 1585 personam

309 1599 377 1624 non
411 1585 516 1624 babet
543 1585 754 1625 malumtet
772 1585 952 1636 quomodo
981 1599 1166 1638 personam
1190 1599 1261 1625 non

310 1638 442 1677 habet?
469 1639 508 1677 Si
538 1639 741 1677 minutatim
764 1638 961 1687 examines,
992 1638 1130 1679 nullam
1162 1640 1262 1678 inve-

309 1691 384 1730 nies
416 1692 591 1730 malitiam
634 1691 669 1730 in
710 1706 775 1730 sua
818 1700 1047 1744 apparentem
1091 1706 1259 1744 persona;

311 1758 379 1782 non
408 1745 501 1783 enim
517 1773 528 1793 ,
548 1745 612 1782 nisi
630 1758 815 1797 personam
830 1756 988 1783 assumat
1012 1744 1176 1794 virtutis,
1198 1759 1264 1799 ap-

311 1806 424 1849 paret.
452 1797 498 1836 Et
527 1797 721 1849 quomodo,
753 1797 943 1849 audi:qui
974 1798 1159 1845 mentitur,
1191 1812 1262 1847 non

310 1851 440 1888 fatetur
455 1865 492 1889 se
511 1851 666 1899 mentiri,
685 1851 746 1890 scd
766 1851 950 1890 veritatem
969 1851 1143 1890 simulans
1164 1850 1262 1890 deei-

311 1903 457 1956 pit2qui
479 1903 609 1956 injuste
626 1903 712 1956 agit,
732 1917 800 1942 non
825 1903 992 1956 praedicat
1006 1906 1102 1956 quod
1120 1913 1184 1953 est,
1199 1904 1263 1943 scd

310 1956 407 2007 quod
425 1970 492 1995 non
506 1965 558 1994 est
575 1957 734 2005 simulat,
745 1966 778 1995 et
798 1966 883 1995 tunc
903 1957 1116 2009 injustitiam
1130 1971 1262 2010 opera-

312 2018 383 2047 tur.
402 2009 576 2048 Similiter
598 2010 745 2048 dolosus
776 2023 843 2047 non
867 2009 1019 2049 ostendit
1036 2009 1176 2058 dolum,
1199 2010 1261 2049 scd

311 2062 460 2100 assumit
480 2062 645 2100 amicitia:
662 2076 862 2115 personam,
883 2072 918 2101 et
938 2064 987 2101 sic
1006 2078 1078 2102 rem
1095 2064 1178 2101 sacit
1194 2078 1263 2102 ma-

312 2113 383 2152 lam
398 2129 405 2150 ε
420 2114 563 2153 adulter
589 2129 655 2153 non
682 2115 910 2167 illegitimum
933 2116 1153 2155 adulterium
1173 2131 1263 2155 con-

313 2167 434 2214 sessus,
466 2167 501 2206 in
529 2168 621 2206 aedes
642 2168 812 2220 impetum
833 2169 940 2216 sacit;
962 2169 1025 2207 sed
1052 2169 1264 2221 figmentum

314 2221 537 2259 continentia:
552 2235 612 2259 ore
630 2230 841 2273 pra-texens,
863 2221 989 2261 divina
1019 2223 1100 2274 jura
1134 2224 1260 2262 violat.

315 2272 426 2311 Vides
441 2272 538 2323 quod
560 2275 739 2326 propriam
754 2288 938 2325 personam
954 2288 1021 2314 non
1043 2275 1174 2314 habeat
1191 2291 1260 2315 ma-

312 2325 414 2363 litia?
435 2325 608 2364 Similiter
639 2336 673 2365 et
701 2327 952 2377 calumniator,
976 2328 1118 2380 quando
1148 2329 1267 2378 ingre-

314 2377 414 2416 ditur
430 2379 464 2417 in
477 2378 656 2432 judicium
672 2410 682 2427 ,
701 2393 769 2418 non
791 2381 856 2418 hoc
869 2382 1061 2420 conlitctur
1078 2382 1175 2434 quod
1194 2392 1244 2421 est
1257 2412 1267 2429 ,

314 2431 374 2469 sed
393 2431 530 2470 larvam
547 2433 698 2471 assumit
709 2433 879 2479 veritatis,
894 2434 996 2484 quasi
1010 2434 1040 2472 ei
1053 2435 1265 2486 patrocinari

315 2485 416 2526 velit.
434 2499 582 2536 eamque
602 2500 647 2524 ex
667 2485 851 2525 mendacio
863 2487 946 2525 facit
964 2488 1108 2526 malitioe
1129 2497 1262 2527 testem.

315 2537 374 2575 Sic
387 2538 519 2576 malitia
538 2553 684 2590 persona
705 2539 849 2592 propria
869 2549 977 2587 caret,
994 2540 1060 2578 nisi
1079 2555 1265 2592 personam

316 2590 459 2630 virtutis
474 2602 642 2633 assumat.
661 2592 799 2631 Idcirco
812 2593 976 2632 Salvator
994 2593 1132 2632 dicebat
1150 2611 1159 2632 ε
1179 2596 1264 2634 Ve-

320 2646 422 2682 nient
449 2646 501 2682 ad
520 2658 590 2683 vos
611 2659 653 2682 m
670 2649 903 2684 vestimentis
919 2649 1061 2694 oviwn,
1081 2650 1268 2686 intrinse-

319 2710 384 2734 cus
410 2705 538 2734 autem
563 2706 653 2735 sunt
673 2698 754 2750 lupi
773 2713 948 2751 rapaces.
971 2700 1041 2738 Sed
1059 2699 1106 2739 ad
1126 2700 1268 2740 iustitu-

319 2759 393 2786 tum
417 2749 612 2789 redeamus.

374 2805 410 2841 2.
429 2802 493 2839 Vis
519 2803 655 2847 videre,
679 2803 799 2850 frater,
819 2814 993 2855 quantum
1014 2806 1130 2844 valeat
1146 2806 1265 2846 inuata

321 2854 405 2891 lex?
425 2855 548 2893 Anima
562 2870 702 2906 quoque
722 2867 839 2896 nostra
858 2887 867 2903 ,
886 2859 1051 2908 quamvis
1072 2869 1141 2897 tota
1165 2861 1269 2899 malis

322 2908 523 2945 fermentata
539 2909 728 2954 sit,n01nen
750 2918 863 2948 tamen
881 2909 1013 2949 bonum
1026 2913 1268 2965 atriplexatur.

324 2960 569 3010 Sa·pentiitiero
589 2970 747 3013 potentes
771 2965 832 3013 qui
853 2964 1042 3002 avaritiam
1070 2966 1220 3025 spirant,
1235 2975 1269 3005 et

327 3011 413 3048 nilul
436 3022 668 3064 prarterquam
691 3015 851 3067 rapinam
879 3026 911 3055 et
944 3017 1153 3067 injustitiam
1172 3021 1270 3070 cogi-

329 3073 397 3100 tant
413 3094 422 3109 ,
457 3066 643 3104 vincuntur
665 3067 866 3119 aliquorum
887 3070 1064 3122 precilius,
1086 3081 1124 3110 ut
1153 3074 1272 3113 immi·

330 3126 462 3154 nentem
493 3121 636 3170 p-mperi
659 3122 897 3161 necessitatem
918 3123 1130 3173 sublevent,
1153 3127 1208 3164 vel
1228 3141 1272 3165 ex

330 3166 449 3206 ‹li-bito
466 3171 650 3260 quidpiam
670 3173 866 3217 dimittant.
889 3177 943 3213 vel
967 3191 1035 3215 nou
1057 3178 1274 3218 ulciscantur

332 3234 388 3277 «τιν
420 3223 479 3271 qui
503 3238 538 3259 se
574 3235 736 3270 asenna,
760 3227 814 3264 vel
846 3228 975 3266 Lusisse
1002 3241 1204 3272 censentur.
1229 3233 1273 3270 Et

333 3285 390 3320 *1¹¹¹
414 3273 519 3331 muln:
534 3275 704 3323 legatione
720 3280 881 3328 fungitur
901 3281 995 3332 apud
1013 3283 1130 3322 virum
1152 3294 1273 3336 poten-

335 3332 401 3380 l‘im
422 3334 450 3360 Ν
475 3328 671 3375 ¹¹¹¹l'¹'¹’l¹¹¹¹1i
694 3361 701 3373 .
726 3345 792 3369 non
822 3334 939 3372 statim
960 3349 978 3371 a
1001 3335 1147 3374 veritate
1167 3352 1273 3375 exor-

334 3373 429 3432 ‹lilur
486 3391 551 3414 Ιιυιι
572 3379 657 3416 «licit
678 3396 706 3418 et
745 3383 778 3420 i‹l
795 3386 888 3434 qumi
922 3397 994 3431 (nst,
1017 3389 1075 3426 M'tl
1098 3405 1222 3428 ῃωῃρῃ
1243 3393 1272 3429 ej

339 3435 476 3465 virtutis
498 3431 667 3469 attribuit.
690 3439 737 3471 :tn
754 3437 862 3475 neseis
880 3440 1044 3488 qualibus
1063 3456 1199 3495 sempor
1222 3446 1274 3481 jn-

1238 238 1415 268 spuma.

1354 320 1428 368 ιάν;
1448 319 1538 359 Εἰπὲ
1567 322 1617 373 τῷ
1635 319 1714 358 ento
1738 335 1802 373 κῳ,
1822 322 1963 373 ἐπίορκε
1977 334 1984 342 ·
2004 321 2063 360 καὶ
2082 324 2130 367 εἰς
2150 323 2249 376 ὕὸριν
2266 326 2361 374 λαμ-

1330 335 1429 411 ἓάνει
1448 370 1512 419 τὴν
1526 387 1708 425 προσηγορ
1725 387 1767 409 αν
1785 373 1856 411 τῶν
1874 373 1968 412 ἰδίων
1982 374 2094 428 ἔργων
2108 388 2116 396 ·
2136 375 2246 420 οὕτως
2269 376 2359 425 αὐτὴ

1329 427 1351 471 ἡ
1381 425 1482 477 φύσις
1499 427 1640 478 κράζει,
1661 426 1715 464 ὅτι
1743 425 1785 464 τὸ
1814 428 1946 478 φαῦλον
1968 426 2151 479 ἀλλότριον
2178 431 2238 467 τοῦ
2256 428 2358 480 ἱργου

1327 481 1388 516 τοῦ
1405 480 1512 517 Θεοῦ.
1540 478 1610 516 Καὶ
1639 477 1658 516 δ
1694 477 1858 526 ἐποίησεν
1876 482 1895 518 ὁ
1916 479 2008 524 Θεὸς
2025 480 2152 529 καλὸν,
2171 481 2233 519 καὶ
2250 481 2358 521 καλὸν

1328 531 1419 578 λίαν,
1439 531 1500 569 καὶ
1518 530 1610 569 οὕτω
1626 530 1752 579 καλὸν,
1773 530 1827 570 ὅτι
1845 532 1907 571 καὶ
1924 539 1996 577 τοῖς
2016 539 2136 576 κακοῖς
2155 533 2358 587 ἐμφύρεται,

1327 583 1388 621 καὶ
1406 582 1470 631 τὴν
1490 583 1618 622 κακίαν
1647 583 1866 637 αἰσχύνεται.
1890 584 1979 625 Εἰπὲ
2001 588 2053 624 τῶ
2080 585 2257 639 σώφρονι,
2284 586 2357 625 σώ-

1281 643 1307 673 D
1327 651 1423 702 φρων
1440 649 1449 657 ·
1473 636 1533 675 καὶ
1565 631 1594 689 ᾧ
1623 651 1674 688 τῳ
1705 637 1724 676 ἔ
1744 653 1796 689 γῳ
1829 637 1966 685 ἥδεται,
1982 627 2060 678 οὐδὲ
2087 638 2153 686 τὴν
2183 653 2358 690 προσηγο·

1327 704 1406 740 ριαν
1446 689 1663 741 αἰσχύνεται.
1741 690 1865 729 άλεσον
1899 690 1960 729 τὸν
2004 690 2137 731 δίκαιον
2150 721 2162 740 ,
2198 692 2332 732 δίκαιον
2347 706 2354 714 ·

1326 741 1458 795 καὶτῷ
1480 742 1572 795 ἔργῳ
1605 746 1855 794 στεφανοῦται,
1874 742 1935 782 καὶ
1966 745 2011 796 τῇ
2039 744 2261 799 προσηγορία
2294 759 2357 785 σε-

1329 795 1494 846 μνύνεται
1508 810 1516 819 ·
1536 794 1601 834 κᾶν
1627 795 1696 848 γὰρ
1727 795 1775 834 δι’
1806 795 1989 834 εὗλάὸειαν
2019 797 2285 850 παραιτήσηται
2317 797 2358 836 τὸ

1328 849 1439 899 ὄνομα
1453 878 1464 898 ,
1482 849 1559 886 ἀλλ’
1575 849 1611 886 ἐν
1628 850 1671 900 τῇ
1698 850 1795 902 ψυχῆ
1821 848 1964 902 δέχεται
1977 848 2042 897 τὴν
2062 848 2252 902 εὐφημίαν.
2271 849 2357 889 Ἐν-

1328 900 1453 948 νόησον
1473 901 1539 947 ὅση
1561 901 1668 940 κακία
1689 903 1723 940 ἐν
1743 893 1867 953 κόσμω
1882 901 2118 948 πολιτεύεται,
2135 902 2195 940 καὶ
2211 901 2358 955 πρόσω-

1329 968 1394 993 πον
1410 957 1472 994 οὐκ
1488 954 1574 1006 ἔχει.
1593 954 1662 993 Καὶ
1676 957 1751 998 πῶς
1763 955 1824 994 οὐκ
1838 943 2108 1007 ἐχειπρόσωπον
2118 971 2128 1003 ;
2139 954 2226 994 Ἐὰν
2237 956 2360 994 λεπτο-

1332 1010 1447 1059 μερῶς
1465 1007 1664 1058 ἐρευνήσῃς,
1675 1007 1838 1058 οὐδεμίαν
1859 1011 1895 1046 εὖ
1920 1007 2018 1055 ήσεις
2035 1008 2163 1047 κακίαν
2183 1007 2219 1053 ἐξ
2232 1008 2361 1048 οἰκείου

1331 1058 1522 1112 προσώπου
1541 1060 1767 1112 φαινομένην·
1783 1062 1860 1099 ἀλλ’
1881 1063 1896 1100 ἐ
1922 1077 1939 1098 ν
1961 1060 2011 1110 μὴ
2033 1060 2275 1108 δανείσηταιπ

1331 1128 1426 1151 ωπον
1447 1116 1588 1165 ἀρετ-ἧς,
1608 1115 1646 1151 οὐ
1667 1114 1838 1164 φαίνεται·
1851 1114 1911 1152 καὶ
1930 1115 2047 1161 ὅπως,
2066 1114 2182 1156 ἄκουε.
2204 1113 2251 1153 Ὁ
2313 1129 2359 1152 υ-

1331 1165 1486 1215 δόμενος,
1502 1168 1567 1218 οὐχ
1583 1167 1762 1218 ὁμολογῶν
1780 1166 1820 1205 τὸ
1838 1167 1960 1219 ψεῦδος
1984 1167 2161 1218 ψεύδεται,
2180 1167 2258 1206 ἀλλ’
2271 1167 2360 1214 ἀλη-

1332 1218 1408 1268 θεία
1447 1218 1718 1269 ὑποκρινόμενος
1745 1221 1865 1270 ἀπατᾷ
1880 1231 1888 1238 ·
1911 1222 1929 1258 ὁ
1961 1219 2092 1258 ἀδικῶν
2124 1219 2162 1258 οὖ
2195 1219 2360 1272 κηρύττει

1330 1269 1349 1308 δ
1367 1270 1461 1308 ἔστιν
1473 1300 1482 1317 ,
1504 1269 1596 1308 ἀλλὰ
1616 1271 1875 1322 σχηματίζεται
1894 1271 1913 1309 ὃ
1933 1271 1982 1321 μὴ
1999 1271 2096 1318 ἔστι,
2116 1270 2178 1310 καὶ
2195 1272 2275 1311 τότε
2294 1272 2360 1319 τὴν

1330 1321 1469 1360 ἀδικίαν
1487 1323 1684 1375 ἐργάζεται.
1715 1322 1873 1373 Ὁμοίως
1887 1325 1908 1360 ὁ
1932 1323 2046 1367 δόλιος
2066 1326 2105 1363 οὗ
2127 1323 2282 1363 δείκνυσι
2301 1324 2360 1364 τὸν

1331 1374 1429 1414 δόλον
1442 1405 1452 1423 ,
1470 1375 1561 1414 ἀλλὰ
1579 1376 1839 1428 σχηματίζεται
1857 1374 1922 1423 τὴν
1940 1375 2060 1429 φιλίαν
2074 1406 2086 1426 ,
2106 1376 2166 1415 καὶ
2183 1392 2362 1430 πραγμα-

1330 1427 1470 1466 τεύεται
1486 1427 1550 1474 τὴν
1565 1429 1737 1481 πονηρίαν
1751 1443 1759 1451 ·
1783 1431 1801 1467 ὁ
1827 1429 1949 1481 μοιχὸς
1964 1429 2032 1481 οὐχ
2055 1430 2275 1480 ὁμολογήσας
2295 1429 2360 1478 τὴν

1331 1480 1484 1532 ἄθεσμον
1515 1481 1690 1533 μοιχείαν,
1713 1482 1870 1533 ἐπιπηδᾷ
1899 1484 1951 1532 τῷ
1969 1481 2075 1535 οἴκῳ,
2096 1481 2189 1521 ἀλλὰ
2212 1483 2362 1534 πλάσμα

1332 1533 1557 1586 σωφροσύνης
1571 1534 1772 1584 ἐνδυόμενος
1790 1536 1837 1579 εἷς
1850 1533 1892 1573 τὸ
1903 1534 2018 1585 στόμα
2033 1534 2205 1588 ἐνυὸρίζει
2216 1535 2262 1575 τὰ
2272 1540 2364 1575 θεῖα.

1330 1585 1376 1626 ‘0
1402 1593 1441 1639 ᾷς
1457 1586 1511 1627 ὅτι
1523 1589 1649 1626 σίκεῖον
1661 1590 1724 1626 οὐκ
1735 1588 1809 1640 ἔχει
1828 1587 2017 1639 πρόσωπον
2030 1591 2052 1635 ἡ
2068 1589 2193 1637 κακία;
2205 1587 2364 1640 Ὁμοίως

1331 1603 1398 1679 καί
1411 1643 1429 1679 ὁ
1445 1640 1680 1692 συκοφάντης,
1710 1641 1794 1679 ὅταν
1818 1641 1955 1693 εἰσέλθῃ
1976 1643 2025 1685 εἷς
2054 1640 2303 1694 δικαστήριον,
2324 1643 2365 1681 οὐ

1333 1697 1434 1733 τοῦτο
1448 1693 1681 1744 ὁμολογήσας,
1697 1693 1784 1746 ὅπερ
1804 1693 1913 1741 ἔστιν,
1932 1693 2145 1747 εἰσέρχεται,
2162 1694 2254 1734 ἀλλὰ
2273 1693 2364 1747 μᾶρ·

1333 1761 1423 1798 τυρα
1442 1746 1607 1793 ἀληθείας
1640 1745 1927 1800 προστησάμενος
1951 1749 2002 1799 τῷ
2028 1747 2213 1799 σχήματι,
2228 1748 2286 1787 διὰ
2304 1752 2366 1787 τοῦ

1333 1799 1478 1851 ψεύδους
1506 1799 1564 1838 τὸν
1596 1799 1758 1852 μάρτυρα
1781 1801 1844 1845 τῆς
1862 1799 1988 1843 κακίας
2005 1801 2235 1839 ἐνδείκνυται.
2255 1799 2365 1840 Οὕτω

1334 1851 1444 1890 κακία
1468 1852 1657 1904 πρόσωπον
1686 1853 1772 1891 ἴδιον
1794 1855 1858 1891 οὐκ
1889 1852 1984 1904 ἔχει,
2004 1853 2064 1891 ἐὰν
2092 1853 2142 1904 μὴ
2162 1853 2366 1901 δανείσηται

1335 1905 1523 1956 πρόσωπον
1543 1908 1680 1959 ἀρετῆς.
1700 1906 1768 1946 Διὰ
1788 1909 1891 1944 τοῦτο
1905 1908 1922 1943 δ
1942 1906 2071 1958 Σωτὴρ
2090 1906 2222 1957 ἔλεγεν·
2241 1905 2364 1945 Ἐλεύ-

1336 1973 1457 1996 σονται
1472 1958 1558 2011 πρὸς
1575 1961 1666 2009 ὑμᾶς
1694 1960 1728 1997 ἐν
1760 1958 1930 2009 ἐνδύμασι
1957 1959 2164 2010 προὸοἱτων,
2180 1958 2308 1998 ἔσωθεν
2326 1959 2365 1999 δέ

1335 2013 1403 2049 εἰσι
1424 2010 1523 2050 λύκοι
1539 2012 1708 2064 ἅρπαγες.
1725 2009 1824 2052 ’Ἀλλ’
1845 2013 1891 2055 εἷς
1910 2011 1949 2050 τὸ
1967 2012 2364 2064 προκείμενονέπανίλ-

1336 2067 1464 2115 θωμεν.

1394 2810 1519 2854 Θέλεις
1540 2811 1636 2857 ἰδεῖν,
1656 2807 1782 2860 ἀδελφὲ
1799 2837 1809 2854 ,
1826 2806 1905 2846 ὅσον
1924 2806 2066 2847 δύναται
2086 2806 2235 2860 ἔμφυτος
2254 2806 2372 2859 νόμος

1343 2864 1412 2903 Καὶ
1427 2867 1448 2909 ἢ
1467 2863 1564 2915 ψυχὴ
1585 2866 1606 2908 ἡ
1628 2861 1797 2914 ἡμετέρα,
1811 2861 1876 2899 κᾶν
1896 2863 1930 2900 ἐν
1945 2861 2083 2904 κακίαις
2101 2861 2312 2913 ἐμφύρηται,
2329 2860 2370 2900 τὸ

1342 2917 1451 2966 ὄνομα
1481 2917 1520 2954 τὸ
1543 2915 1670 2965 ἀγαθὸν
1691 2914 1900 2958 ἀσπάζεται.
1922 2915 2054 2953 Πολλοὶ
2073 2914 2242 2957 πολλάκις
2263 2913 2371 2952 δυνά·

1285 2992 1332 3016 02⁸
1343 2985 1425 3009 σται
1445 2968 1644 3012 πλεονεξίαν
1667 2968 1848 3013 πνέοντες,
1864 2967 1924 3004 καὶ
1949 2967 2057 3017 μηδὲν
2077 2967 2193 3020 ἕτερον
2212 2967 2370 3006 ἐννοοῦν-

1297 3031 1321 3060 A
1345 3038 1424 3066 τις,
1454 3022 1476 3068 ἢ
1520 3021 1683 3074 ἁρπαγὴν
1717 3021 1776 3059 καὶ
1813 3019 1972 3065 ἀδικίαν,
2003 3022 2244 3059 δυσωποῦνται
2274 3017 2373 3072 παρὰ

1345 3077 1448 3114 τινῶν
1467 3076 1488 3119 ἢ
1509 3077 1641 3113 ἀνιέναι
1659 3077 1708 3126 τῷ
1724 3073 1848 3120 πένητι
1868 3073 1931 3119 τὴν
1951 3072 2176 3122 ἐπικειμένην
2198 3072 2371 3124 ἀνᾴγκην,

1344 3127 1366 3174 ἢ
1386 3129 1616 3180 συγχωρῆσαί
1643 3143 1676 3165 τι
1695 3131 1755 3166 τοῦ
1785 3125 1929 3178 χρέους,
1949 3126 1972 3171 ἢ
1993 3126 2042 3175 μὴ
2064 3126 2265 3174 ἀμύνασθαι
2294 3123 2373 3168 τοὺς

1346 3181 1605 3226 λυπησανταςῆ
1623 3183 1743 3219 λυπεῖν
1760 3177 1998 3230 νομισθέντας.
2010 3179 2078 3217 Καὶ
2093 3181 2111 3216 ὁ
2125 3177 2235 3216 ἐλθὼν
2257 3179 2374 3221 καλῶς

1346 3234 1561 3286 πρεσὸεῧσαι
1593 3233 1690 3285 παρὰ
1721 3232 1820 3284 ἀνδρὶ
1858 3231 2010 3283 δυνάστῃ
2047 3230 2106 3269 καὶ
2137 3230 2374 3283 πονηρῷ,οὖκ

1347 3287 1471 3329 εὐθέως
1503 3287 1573 3325 ἀπὸ
1597 3290 1658 3332 τῆς
1691 3284 1853 3333 ἀληθείας
1885 3285 2059 3335 ἄρχεται·
2082 3286 2120 3322 οὐ
2152 3283 2246 3334 λέγει
2266 3285 2373 3329 coefi,

1346 3340 1364 3377 ὃ
1392 3339 1501 3381 ἔστιν,
1521 3339 1610 3377 ἀλλὰ
1638 3339 1866 3389 προστίθησιν
1895 3339 1988 3390 αὐτῷ
2019 3337 2128 3384 ὄνομα
2149 3339 2285 3388 ἀρετῆς.
2303 3335 2336 3387 [“
2356 3337 2370 3373 Ι

1346 3393 1406 3430 οὐκ
1445 3387 1538 3433 οἶδας
1575 3394 1649 3433 πῶς
1687 3392 1741 3429 ἀεὶ
1776 3390 2054 3442 σχηματίζονται
2085 3391 2116 3427 οἱ
2150 3391 2266 3433 καλῶς
2289 3402 2373 3440 πρε-

1347 3446 1525 3484 »revisum
1542 3445 1576 3493 3]
1597 3444 1697 3493 Ἀνὴρ
1720 3438 1768 3489 εἶ,
1804 3445 1924 3490 φησὶν,
1962 3443 2109 3494 ἀγαθός·
2144 3441 2372 3488 διαῧεῆόηταί
