2513 3871
60 555 90 574 α.
109 544 179 573 Cor.
200 551 246 571 ιι.

265 268 356 310 822

264 362 436 412 cujusque
463 358 598 397 utilitas
623 357 662 395 ir.
692 355 850 410 proximi
874 354 1027 393 utilitate
1053 354 1122 392 sita
1146 362 1214 393 est.

264 423 380 461 Sanus
398 435 435 459 es
453 429 513 466 tu,
536 418 598 457 sed
614 418 723 456 frater
739 426 822 455 tuus
848 416 1064 455 infirmatur.
1094 416 1220 467 Itaque

264 483 293 521 si
304 495 389 520 vere
399 480 574 520 sollicitus
587 478 698 517 fueris
709 491 773 531 pro
786 485 990 529 aegrotante,
1001 476 1116 529 magis
1126 476 1222 515 dole-

264 543 334 591 bis,
352 552 385 581 et
412 540 609 579 imitaberis
638 540 674 578 in
699 539 767 578 hoc
792 552 936 590 quoque
953 537 1097 577 beatum
1117 538 1220 577 illum

690 275 710 299 ς

689 296 728 306 ιο

767 275 843 305 ,ΙΟᾹ
853 275 908 304 Ns
918 274 953 303 15
990 271 1232 302 cnm‘sos‘r.

1276 270 1484 301 AttentEP.
1522 270 1692 302 CONSTA
1702 272 1863 302 ‚vrmot‘
1873 291 1882 300 .

1292 368 1396 405 ροντι.
1416 351 1609 405 Ὕγιαίνεις
1627 353 1682 403 σὺ,
1703 353 1783 394 ἀλλ’
1798 358 1818 392 ὁ
1843 353 1989 406 ἀδελφός
2007 367 2068 391 σου
2091 355 2239 391 ἀσθενεῖ.
2259 351 2323 393 Ἂν

1291 414 1403 453 τοίνυν
1423 408 1461 453 εὖ
1481 417 1630 468 φρονῇς,
1651 415 1731 467 περὶ
1749 419 1810 454 τοῦ
1821 414 2014 466 κάμνοντος
2034 414 2199 465 μειζόνως
2212 413 2323 463 ἀλγή-

1293 492 1384 524 σεις,
1405 477 1465 515 καὶ
1479 476 1622 529 μιμήσῃ
1640 477 1700 516 καὶ
1718 477 1755 514 ἐν
1767 475 1881 529 τούτῳ
1900 475 1958 514 τὸν
1979 475 2153 529 μακάριον
2171 475 2324 521 ἐκεῖνον,

1294 538 1352 577 τὸν
1373 537 1539 591 λέγοντα·
1561 537 1626 582 Τίς
1647 540 1803 585 ἀσθενεῖ,
1821 538 1882 576 καὶ
1897 538 1961 577 οὐκ
1976 538 2110 576 ἀσθενῶ
2123 551 2133 583 ;
2147 535 2202 579 τίς
2217 551 2324 574 σκαν·

265 604 327 655 qui
345 602 459 641 dicit:
476 603 572 654 Quis
592 601 838 654 infirmatur,
867 609 902 637 el
920 613 988 652 ego
1006 614 1085 638 non
1105 600 1220 654 infir·-
1235 622 1282 647 072
1297 598 1556 647 δαλίζεται,ιια“ι
1568 600 1630 638 οὐκ
1640 598 1709 651 ἐγὼ
1722 601 1922 652 πυροῦμαις
1937 599 1980 638 Εἰ
1992 598 2061 651 γὰρ
2075 597 2136 637 δύο
2146 596 2327 636 καταὸἀλ-

266 666 376 702 mor?
400 666 488 717 quis
512 665 822 713 scandalizatur,
848 672 885 702 et
904 675 974 715 ego
1000 676 1078 700 non
1100 665 1225 700 uror?
1249 661 1271 689 Λ

266 725 407 764 Etenim
424 725 454 764 si
469 739 550 763 cum
566 724 660 764 duos
674 726 799 765 obolos
812 725 1034 772 dederimus,
1050 723 1223 777 paulum-

263 801 334 839 que
355 787 516 841 peeuniae
542 787 814 827 insumserimus
842 787 878 826 in
907 799 1102 840 pauperes,
1131 798 1224 836 gau-

265 848 392 886 demus
412 863 420 885 :
437 847 466 886 si
486 848 683 901 poterimus
701 849 838 887 animas
854 862 997 887 servare
1012 878 1022 896 ,
1050 856 1224 898 quantum

267 908 351 948 inde
383 909 579 962 voluptatis
610 910 768 949 fructum
801 910 983 963 capiemus
1001 909 1020 947 Ξ)
1054 918 1224 961 quantam

266 979 387 1009 autem
404 969 440 1009 in
460 970 586 1009 futuro
611 971 742 1010 saeculo
762 971 974 1024 recipiemus
998 970 1226 1009 mercedem?

266 1032 362 1070 Nam
383 1031 441 1070 hic
461 1045 603 1083 quoque
626 1032 765 1084 quoties
791 1033 1047 1079 convenimus,
1076 1032 1226 1070 multam

267 1092 446 1144 capiemus
466 1092 684 1145 voluptatem
701 1107 748 1132 ex
764 1107 953 1146 congressu
964 1124 974 1140 ‚
991 1094 1226 1132 reminiscen-

265 1153 528 1192 tcsoffieiomm
548 1167 626 1204 qua:
639 1153 711 1192 illis
728 1154 971 1206 praestitimus.
993 1154 1132 1193 Deinde
1143 1168 1227 1192 cum

263 1214 347 1252 illos
355 1214 646 1266 conspexerimus
653 1214 698 1252 ad
711 1215 869 1253 tribunal
879 1215 969 1253 illud
980 1214 1227 1264 metuendum,

264 1274 389 1312 multae
409 1273 550 1312 fiducia:
567 1275 757 1327 participes
772 1275 918 1314 erimus.
937 1277 981 1314 Et
996 1274 1227 1326 quemadmo-

262 1335 350 1372 dum
373 1334 436 1386 qui
468 1335 598 1386 injuria
622 1335 808 1381 afficiunt,
826 1335 889 1387 qui
907 1344 1078 1388 usurpant
1092 1335 1225 1384 aliena,

264 1395 327 1446 qui
346 1396 512 1449 rapiunt,
533 1397 595 1448 qui
616 1397 707 1436 mala
729 1397 914 1436 innumera
935 1397 1111 1450 proximis
1130 1397 1224 1436 infe-

267 1466 363 1504 runt,
390 1471 472 1496 cum
497 1457 584 1496 illuc
611 1459 776 1497 venerint
804 1472 935 1510 eosque
962 1458 1144 1507 viderint,
1162 1460 1224 1511 qui

267 1517 340 1555 haec
360 1516 455 1570 passi
475 1526 558 1556 sunt
578 1517 769 1565 (videbunt
789 1517 883 1556 enim
913 1517 1011 1556 haud
1032 1518 1164 1566 dubie,
1187 1528 1226 1557 ut

268 1577 498 1630 perspicuum
521 1587 573 1616 est
593 1592 637 1617 ex
650 1578 764 1618 divite
784 1578 849 1617 illo
864 1588 899 1617 et
915 1580 1064 1628 Lazaro)
1081 1609 1090 1628 ,
1113 1593 1227 1632 neque

266 1654 303 1679 os
325 1639 464 1693 aperire
476 1649 655 1692 poterunt,
673 1655 788 1692 neque
802 1641 986 1680 habebunt
997 1642 1095 1693 quod
1104 1642 1227 1681 dicant

266 1711 328 1740 ant
346 1711 530 1746 excusent,
552 1701 615 1741 sed
634 1703 748 1742 multo
771 1703 908 1756 pudore
926 1717 1127 1756 magnaque
1145 1718 1228 1743 con-

263 1763 489 1802 demnatione
504 1763 648 1817 repleti,
667 1779 712 1803 ex
735 1765 879 1803 illorum
905 1774 1048 1818 aspectu
1064 1765 1117 1804 ad
1127 1766 1227 1818 ignea

267 1825 415 1864 flumina
430 1824 665 1864 adducentur.
681 1825 811 1865 Itidem
829 1827 891 1878 qui
908 1827 1058 1865 salutem
1073 1826 1229 1865 aliorum

263 1895 418 1933 curant,
438 1886 498 1937 qui
518 1885 669 1935 docent,
686 1887 748 1939 qui
765 1887 978 1935 instituunt,
993 1888 1055 1926 ubi
1074 1887 1231 1932 viderint

265 1962 324 1987 eos
342 1963 434 2000 quos
458 1958 716 1995 servaverunt,
739 1949 815 1988 illic
832 1950 1094 2003 patrocinantes
1120 1951 1228 2004 ipsis,

267 2009 378 2048 multa
398 2009 529 2048 fiducia
546 2010 790 2063 replebuntur.
811 2012 857 2051 Et
874 2012 942 2050 hoc
960 2013 1094 2051 Paulus
1110 2013 1232 2052 decla-

172 2092 186 2106 .-
244 2101 249 2107 .
269 2084 350 2110 rans
372 2070 490 2109 dixit:
508 2071 648 2110 Gloria
666 2081 800 2110 vestra
817 2087 963 2120 sumus,
984 2075 1235 2125 quemadmo-

59 596 109 624 α).

65 2091 81 2111 2
125 2086 164 2109 ‘m
224 2088 233 2109 Ι

69 2136 114 2160 ι..

67 2261 81 2287 1
113 2260 240 2298 c.16.9

75 2755 127 2779 Aa!
158 2761 187 2789 9.
209 2748 258 2779 36.

269 2133 362 2170 dum
387 2141 422 2170 ct
448 2146 520 2171 vos
549 2141 692 2172 nostra.
715 2133 868 2179 Quando
890 2134 987 2172 hoc?
1006 2138 1056 2173 In
1075 2137 1137 2174 de'e
1157 2139 1231 2175 Do-
1257 2137 1281 2167 C

270 2195 367 2232 mini
388 2197 508 2232 nostri
527 2194 622 2232 Jesu
653 2194 811 2233 Christi.
836 2197 887 2233 Ac
918 2209 1042 2235 rursus
1068 2197 1233 2236 Christus

247 2253 494 2301 -exhortatur‚
514 2253 636 2293 dicens
661 2270 670 2292 ε
694 2258 835 2294 Facite
865 2260 978 2295 vobis
1008 2261 1155 2297 amicos
1184 2274 1232 2298 ει·

272 2329 495 2353 mammona
511 2317 564 2353 ini
568 2318 740 2368 quitatis,
750 2325 791 2355 ut
799 2332 883 2356 cwn
896 2319 1128 2372 defeceritis,
1141 2323 1220 2359 reci
1226 2343 1234 2349 -

269 2379 382 2428 piant
401 2391 475 2415 vos
496 2381 538 2415 ιἠ,
570 2386 717 2416 oecerna
736 2392 806 2417 sua
826 2382 1096 2420 tabernacula.
1119 2382 1233 2422 Vides

272 2437 422 2476 multam
437 2437 608 2477 fiduciam
626 2439 730 2478 nobis
746 2440 997 2493 proestitumiri
1013 2443 1060 2482 ab
1078 2443 1234 2496 iis,quos

272 2500 330 2538 hic
340 2509 458 2539 nostro
471 2501 872 2555 beneficiojuverimus.
882 2504 988 2553 Quod
1002 2505 1113 2553 si,ubi
1130 2521 1235 2559 pecu-

273 2561 331 2599 nia
353 2561 764 2612 dumtaxatinsumitur,
788 2574 838 2604 tot
852 2575 932 2604 sunt
949 2580 1109 2617 coronat,
1137 2578 1232 2608 tanta

274 2637 417 2669 merces,
427 2632 520 2661 tanta
533 2625 787 2664 remuneratio:
801 2626 1018 2679 ubijuvatur
1028 2629 1159 2678 anima,
1171 2631 1232 2681 qui

274 2684 352 2722 fieri
370 2693 483 2737 potest
499 2695 536 2724 ut
554 2699 622 2724 non
639 2686 752 2725 multa
769 2701 968 2740 magnaque
983 2690 1084 2729 nobis
1099 2692 1234 2731 contin-

277 2755 361 2796 gant
378 2746 470 2785 bona
484 2748 502 2785 ἶ)
524 2748 663 2786 Etenim
679 2748 709 2786 si
729 2748 886 2789 Tabitha
906 2750 987 2800 illa,
1007 2766 1085 2803 qum
1105 2754 1235 2794 viduas

279 2807 471 2858 vestiebat,
491 2822 571 2860 quae
588 2810 788 2863 paupertati
807 2811 1062 2863 subveniebat,
1081 2830 1100 2854 a
1121 2826 1234 2856 morte

279 2868 313 2905 in
332 2868 440 2907 vitam
458 2879 618 2908 revocata
632 2879 702 2918 est,
719 2881 751 2910 et
768 2871 936 2925 lacrymae
952 2888 1074 2915 eorum
1091 2877 1152 2928 qui
1170 2879 1234 2917 be-
1258 2876 1283 2907 D

281 2929 417 2968 neiiciis
429 2931 546 2968 affecti
560 2931 712 2979 fuerant,
723 2932 879 2972 animam
893 2934 928 2973 in
941 2949 1070 2989 corpus
1083 2939 1237 2979 reduxe-

283 3000 377 3036 runt,
407 3006 485 3029 rum
514 2992 672 3031 nondum
707 2993 859 3033 venisset
887 2998 1098 3037 resurrectio
1116 3016 1123 3036 :
1144 3001 1232 3052 quid

283 3043 408 3081 [micui
428 3044 613 3084 hominum
635 3060 698 3098 per
719 3055 752 3085 te
782 3057 1005 3089 servatorum
1037 3051 1234 3106 lacrymae?

284 3103 383 3141 Sicut
402 3105 495 3143 enim
518 3106 609 3144 banc
627 3107 894 3148 circumstantes
915 3110 1033 3150 viduae
1046 3114 1167 3154 vivam
1188 3130 1234 3156 ex

285 3165 419 3194 mortua
438 3158 688 3198 reddiderunt:
701 3161 751 3199 sic
766 3171 801 3200 et
817 3171 850 3200 te
867 3172 949 3202 tunc
964 3165 1234 3209 circumstantes

284 3216 344 3263 qui
364 3231 454 3255 nunc
470 3233 531 3270 per
549 3229 579 3257 te
595 3221 723 3258 servati
742 3222 885 3273 fuerint,
902 3225 1056 3266 efficient
1078 3238 1115 3268 ut
1141 3231 1234 3270 mul-

287 3283 356 3313 tam
389 3280 583 3329 experiaris
620 3280 897 3329 humanitatem,
931 3295 964 3325 et
992 3302 1036 3327 ex
1069 3289 1232 3332 inccndio

285 3334 451 3381 gehrnnae
471 3339 630 3390 eripient.
654 3342 734 3380 Herc
764 3344 872 3394 igitur
900 3347 1071 3400 scientes,
1099 3367 1166 3391 nnn
1187 3355 1230 3393 ad

326 3468 339 3482 ⁴
367 3458 425 3491 Mu
445 3461 595 3493 haumar.

1295 663 1413 705 λοντες
1428 659 1592 709 ὀὸολοῦς,
1612 660 1672 700 καὶ
1697 661 1921 704 δαπανῶντες
1950 661 2066 712 ὀλίγον
2093 659 2258 713 ἀργύριον
2278 660 2328 703 εἰς

1296 723 1468 770 πένητας,
1494 721 1666 775 χαίρομεν
1682 736 1691 744 ·
1720 722 1762 760 ἃν
1790 721 1908 774 ψυχὰς
1926 723 2065 761 ’σῶσαι
2098 722 2326 772 δυνηθῶμεν,

1297 783 1410 832 πόσην
1431 782 1494 834 μὲν
1520 782 1783 835 καρπωσόμεθα
1799 782 1946 831 ἡδονήν,
1965 783 2076 830 πόσης
2097 782 2135 820 δὲ
2155 781 2247 821 κατὰ
2269 782 2328 821 τὸν

1297 846 1407 883 αἰῶνα
1428 846 1487 884 τὸν
1507 845 1683 896 μέλλοντα
1705 846 1952 896 ἀπολαύσομεν
1976 847 2039 890 τῆς
2067 844 2235 896 ἀμοιδῆς;
2257 845 2327 884 Καὶ

1295 906 1364 958 γὰρ
1396 907 1456 945 καὶ
1489 908 1636 946 ἐνταῦθα
1648 938 1659 956 ,
1687 906 1809 951 ὁσάκις
1838 907 1878 944 ἂν
1905 905 2134 959 συντόχωμεν
2144 935 2155 952 ,
2192 904 2327 952 πολλὴν

1297 967 1464 1018 δεξόμεθα
1497 968 1561 1015 τὴν
1590 968 1803 1020 εὐφροσύνην
1837 968 1906 1007 ἀπὸ
1937 969 1999 1014 τῆς
2029 966 2238 1019 συντυχίας,
2258 968 2328 1005 τῶν

1296 1030 1580 1080 κατορθωμάτων
1601 1029 1950 1080 ἀναμιμνησκόμενοι
1981 1031 2049 1066 τῶν
2085 1027 2163 1066 κατ’
2183 1025 2326 1071 αὐτοὺς,

1297 1090 1357 1128 καὶ
1374 1091 1430 1129 ἐπὶ
1451 1094 1510 1129 τοῦ
1532 1090 1690 1141 βήματος
1710 1089 1833 1134 αὐτοὺς
1860 1093 1931 1129 ἐκεῖ
1951 1090 2161 1140 θεασάμενοι
2185 1092 2245 1128 τοῦ
2264 1104 2328 1140 φο-

1298 1151 1419 1202 Εεροῦ,
1437 1152 1596 1201 μεγάλης
1611 1152 1799 1202 μεθέξομεν
1820 1154 1881 1198 τῆς
1897 1150 2107 1203 παρρησίας.
2130 1149 2199 1188 Καὶ
2218 1149 2330 1188 καθά-

1298 1226 1364 1261 περ
1389 1213 1421 1250 οἱ
1450 1213 1650 1255 ἀδικοῦντες
1677 1212 1738 1250 καὶ
1769 1214 2055 1253 πλεονεκτοῦντες
2073 1210 2133 1249 καὶ
2152 1210 2331 1263 ἁρπάζον-

1298 1286 1372 1318 τες,
1390 1271 1449 1309 καὶ
1471 1271 1579 1324 μυρία
1599 1277 1670 1315 τοῖς
1689 1272 1838 1318 πλησίον
1855 1272 2062 1314 διατιθέντες
2087 1271 2200 1319 κακὰ,
2216 1272 2329 1309 ἀπελ-

1299 1331 1412 1375 θόντες
1424 1333 1516 1379 ἐκεῖ,
1534 1332 1595 1371 καὶ
1610 1332 1688 1376 τοὺς
1705 1336 1817 1370 ταῦτα
1833 1333 2007 1377 παθόντας
2026 1331 2155 1376 ἰδόντες
2167 1331 2331 1384 (ὄψονται

1297 1392 1365 1445 γὰρ
1377 1424 1386 1442 ,
1401 1394 1506 1445 φησὶν
1516 1424 1525 1442 ,
1542 1393 1665 1436 αὐτοὺς
1677 1394 1816 1438 πάντως
1828 1424 1837 1441 ,
1851 1394 1911 1433 καὶ
1923 1395 2026 1440 δῆλον
2041 1395 2081 1432 ἐκ
2092 1397 2152 1432 τοῦ
2165 1393 2332 1433 πλουσίου

1297 1454 1356 1493 καὶ
1377 1459 1437 1493 τοῦ
1453 1455 1616 1508 Λαζάρου
1635 1458 1783 1504 τοῦτο),
1799 1455 1875 1494 οὐδὲ
1891 1454 2023 1500 ἀνοῖξαι
2041 1453 2157 1504 στόμα
2172 1454 2332 1502 δυνήσον-

1297 1531 1378 1563 ται,
1395 1514 1472 1553 οὐδὲ
1489 1517 1598 1554 εἰπεῖν
1613 1532 1647 1554 τι
1675 1516 1734 1555 καὶ
1756 1516 2067 1567 ἀπολογήσασθαι,
2089 1514 2179 1554 ἀλλὰ
2203 1514 2330 1568 αἶσχό-

1297 1592 1358 1623 νης
1375 1577 1508 1623 πολλῆς
1525 1576 1785 1627 ἐμπλησθέντες
1807 1581 1866 1616 καὶ
1893 1575 2166 1627 καταγνώσεως,
2183 1576 2254 1616 ἀπὸ
2271 1578 2333 1622 τῆς

1296 1639 1408 1689 ὄψεως
1428 1639 1490 1683 τῆς
1505 1638 1647 1676 ἐκείνων
1663 1638 1720 1676 ἐπὶ
1738 1637 1815 1682 τοὺς
1831 1637 2008 1689 ποταμοὺς
2029 1638 2333 1690 ἀπενεχθήσονται

1298 1702 1358 1737 τοῦ
1396 1699 1504 1750 πυρός
1517 1714 1524 1721 ·
1558 1698 1668 1743 οὕτως
1693 1702 1724 1737 οἱ
1756 1702 1880 1744 ζῶντες
1915 1699 1975 1737 καὶ
2011 1699 2235 1742 διδάσκοντες
2271 1698 2332 1737 καὶ

1299 1765 1547 1813 κατηχοῦντες,
1566 1760 1693 1805 ἰδόντες
1707 1761 1785 1804 τοὺς
1800 1761 1859 1800 ὑπ’
1873 1761 1985 1799 αὐτῶν
2002 1759 2236 1804 διασωθέντας
2250 1775 2333 1798 συν-

1300 1825 1514 1874 ηγοροῦντας
1530 1823 1645 1865 αὐτοῖς
1666 1824 1759 1869 ἐκεῖ,
1789 1824 1922 1868 πολλῆς
1942 1821 2251 1871 ἐμπλησθήσονται
2270 1823 2333 1868 τῆς

1301 1883 1513 1938 παῤῥησίας.
1530 1884 1599 1923 Καὶ
1618 1888 1719 1923 τοῦτο
1734 1886 1752 1922 ὃ
1769 1885 1909 1926 Παῦλος
1921 1884 2036 1930 δηλῶν
2051 1883 2148 1932 ἔλεγε
2162 1912 2170 1925 .
2186 1882 2334 1934 Kandys,-

1303 1962 1354 1995 μα
1367 1947 1466 1996 ὑμῶν
1480 1946 1584 1996 ἐσμὲν
1597 1975 1606 1993 ,
1621 1946 1780 1998 καθάπερ
1795 1945 1854 1984 καὶ
1870 1948 1968 1996 ὑμεῖς
1981 1948 2096 1995 ἡμῶν.
2110 1945 2219 1990 Πότε,
2237 1942 2334 1990 εἶπές

1303 2007 1367 2047 Ἐν
1387 2009 1430 2060 τῇ
1452 2007 1570 2061 ἡμέρᾳ
1587 2012 1646 2047 τοῦ
1671 2008 1798 2059 Κυρίου
1822 2010 1924 2058 ἡμῶν
1941 2007 2058 2054 Ἰησοῦ
2080 2007 2244 2058 Χριστοῦ.
2263 2006 2334 2045 Καὶ

1302 2069 1409 2108 πάλιν
1424 2073 1442 2108 ὁ
1459 2069 1612 2120 Χριστὸς
1630 2076 1796 2121 παραινεῖ
1813 2069 1925 2120 λέγων
1940 2098 1949 2114 ,
1972 2069 2152 2115 Ποιήσατε
2167 2070 2250 2118 ὑμῖν
2271 2066 2335 2119 φί-

1302 2133 1382 2175 λους
1402 2132 1442 2169 ἐκ
1461 2134 1521 2169 τοῦ
1548 2139 1702 2182 μαμωνᾶ
1718 2134 1780 2178 τῆς
1802 2131 1940 2175 ἀδικίας
1953 2160 1962 2176 ,
1979 2131 2035 2169 ἵνα
2049 2130 2132 2168 ὅταν
2151 2129 2336 2177 ἐκλίπητε,

1303 2192 1470 2237 δέξωνται
1490 2195 1580 2243 ὑμᾶς
1598 2195 1646 2237 εἰς
1664 2192 1727 2237 τὰς
1744 2193 1902 2236 αἰωνίους
1928 2193 2040 2232 αὐτῶν
2061 2190 2204 2238 σκηνάς.
2223 2190 2335 2245 ‘Off‘

1301 2253 1355 2292 ὅτι
1371 2254 1486 2301 πολλὴ
1503 2253 1685 2307 παρρησία
1703 2257 1789 2304 ἡμῖν
1807 2254 1993 2306 γενήσεται
2013 2256 2052 2293 ἐκ
2071 2255 2140 2291 τῶν
2156 2255 2216 2291 νῦν
2235 2253 2337 2304 εὐερ-

1301 2315 1519 2366 γετουμένων
1533 2318 1616 2369 παρ’
1628 2317 1795 2366 ἡμῶν.Εί
1811 2315 1860 2361 δὲ,
1872 2315 1958 2354 ὅπου
1967 2314 2164 2368 χρημάτων
2180 2314 2336 2362 δαπάνη,

1300 2378 1461 2413 τοσοῦτοι
1479 2375 1511 2413 οἱ
1532 2374 1714 2426 στέφανοι,
1735 2377 1899 2418 τοσοῦτος
1928 2378 1946 2413 ὁ
1973 2373 2117 2424 μισθὸς,
2137 2371 2290 2420 τοσαύτη
2310 2376 2333 2420 ἡ

1303 2435 1448 2486 ἀμοιὸή·
1459 2434 1545 2474 ὅπου
1555 2437 1673 2488 ψυχῆς
1692 2435 1860 2487 ὠφέλεια,
1872 2438 1946 2479 πῶς
1962 2435 2000 2473 οὗ
2020 2434 2135 2473 πολλὰ
2149 2433 2211 2473 καὶ
2226 2433 2336 2485 μεγά·

1302 2497 1348 2534 λα
1365 2501 1446 2547 ἡμῖν
1462 2496 1561 2535 ἔσται
1576 2497 1620 2535 τὰ
1640 2496 1775 2548 ἀγαθά,
1791 2498 1834 2535 Ei
1845 2496 1914 2549 γὰρ
1932 2499 1954 2543 ἡ
1971 2494 2113 2535 Tama:
2127 2494 2258 2542 ἐκείνη,
2268 2495 2335 2547 χή-

1306 2573 1367 2611 ρας
1385 2558 1560 2597 ἐνδύσασα
1579 2558 1639 2596 καὶ
1659 2558 1780 2596 πενίαν
1797 2557 1812 2577 ''
1825 2557 2065 2606 διορθώσασα,
2082 2555 2154 2596 ἀπὸ
2183 2556 2334 2596 θανᾶτου

1303 2619 1410 2658 πάλιν
1430 2621 1478 2663 εἰς
1498 2619 1589 2667 ζωὴν
1612 2620 1801 2665 ἐπανῆλθε,
1829 2620 1888 2657 καὶ
1909 2617 1953 2656 τὰ
1985 2619 2122 2669 δάκρυα
2141 2618 2211 2655 τῶν
2230 2617 2333 2669 εὐερ-

1303 2682 1518 2734 γετηθέντων
1544 2681 1662 2734 ψυχὴν
1682 2682 1900 2719 ἀπελθοῦσαν
1919 2679 2140 2730 ἐπανήγαγεν
2161 2680 2208 2722 είς
2227 2680 2333 2729 σῶμα

1304 2742 1411 2782 πάλιν
1424 2773 1435 2789 ‚
1456 2743 1554 2781 οὔπω
1574 2745 1636 2788 τῆς
1654 2741 1877 2785 ἀναστάσεως
1896 2740 2082 2792 φανείσης,
2103 2740 2136 2778 τί
2154 2739 2216 2777 οὐκ
2234 2739 2336 2792 ἔργά·

1304 2819 1404 2843 σεται
1423 2806 1492 2842 τῶν
1510 2803 1703 2855 ἀνθρώπιον
1720 2802 1861 2842 ἐκείνων
1884 2802 1928 2839 τὰ
1948 2802 2102 2853 δάκρυα,
2120 2801 2195 2840 ὅσοι
2211 2801 2252 2839 ἃν
2264 2800 2334 2840 ὑπὸ

1305 2869 1366 2905 σοῦ
1387 2867 1625 2911 διασωθῶσιν;
1643 2864 1784 2916 Ὥσπερ
1811 2863 1880 2916 γὰρ
1904 2862 2034 2910 ταύτην
2065 2870 2278 2915 περιστᾶσαι
2296 2864 2333 2902 αἱ

1303 2929 1413 2980 χῆραι
1434 2929 1548 2972 ζῶσαν
1569 2927 1639 2965 ἀπὸ
1656 2932 1780 2978 νεκρᾶς
1808 2924 1961 2971 ἔδειξαν,
1980 2925 2072 2963 οὕτω
2099 2924 2160 2963 καὶ
2187 2924 2227 2964 σὲ
2253 2924 2334 2965 τότε

1303 2988 1532 3041 περιστάντες
1563 2989 1595 3027 οἱ
1625 2987 1851 3029 διασωθέντες
1877 2989 1960 3032 νῦν,
1984 2986 2170 3033 ποιήσουσι
2200 2986 2334 3032 πολλῆς

1304 3051 1506 3088 ἀπολαῦσαι
1525 3049 1786 3102 φιλανθρωπίας
1798 3079 1806 3094 ,
1822 3047 1881 3085 καὶ
1904 3051 1964 3086 τοῦ
1983 3049 2045 3092 τῆς
2071 3047 2212 3096 γεέννης
2224 3046 2334 3098 πυρὸς

1305 3111 1553 3164 ἐξαρπάσουσι.
1570 3110 1683 3152 Ταῦτ’
1699 3104 1757 3149 οὖν
1773 3109 1899 3152 εἰδότες
1910 3139 1918 3155 ,
1936 3108 1984 3158 μὴ
2001 3109 2107 3160 μέχρι
2123 3111 2186 3155 τῆς
2200 3107 2334 3161 παρού-

1305 3189 1369 3221 σης
1391 3173 1481 3226 ὥρας
1505 3173 1626 3225 θερμοὶ
1644 3172 1705 3211 καὶ
1720 3171 1982 3221 διιγηγερμένοι
1997 3163 2094 3220 ὦμεν
2115 3168 2333 3220 ‘Antonin-d

1305 3235 1345 3273 τὸ
1365 3239 1447 3288 πῦρ,
1466 3234 1553 3288 ὅπερ
1567 3235 1665 3286 ἔχετε
1686 3237 1758 3280 νῦν,
1770 3233 1926 3284 ἀνάψατε
1942 3246 1949 3253 ·
1967 3233 2028 3270 καὶ
2048 3231 2240 3276 ἐξελθόντες
2251 3230 2331 3278 ἔξω,

1305 3297 1529 3347 διανείμασθε
1551 3295 1613 3343 τὴν
1634 3294 1812 3348 σωτηρίαν
1831 3297 1892 3339 τῆς
1913 3294 2059 3339 πόλεως,
2075 3293 2140 3331 κᾶν
2158 3292 2307 3344 ἀγνοῆτε
2321 3321 2330 3337 ,

1307 3359 1585 3410 περιεργάσασθε
1604 3357 1681 3400 τοὺς
1702 3357 1744 3396 τὸ
1763 3359 1907 3395 τοιαῦτα
1925 3359 2120 3397 νοσοῦντας.
2143 3354 2249 3393 Οὕτω
2265 3352 2333 3405 γὰρ

1373 3483 1388 3507 Ι·
1413 3481 1546 3524 frpltm
1566 3481 1640 3515 Μή,
1660 3484 1892 3524 lopo-‚uvida
