2513 3871
195 662 223 682 α.
253 654 324 682 Cor.
347 659 378 681 2.

189 1629 282 1659 llebr.
304 1628 350 1658 13.

196 1680 243 1708 17.

396 198 489 258 490

395 291 547 340 turbari,
577 289 675 329 etde
694 298 790 328 tanta
814 289 1006 342 iniquitate
1023 290 1114 329 nihil
1132 291 1218 343 pati.
1247 289 1349 340 Quid

396 362 588 388 memorem
626 347 808 386 tristitiam
846 356 924 387 tum
960 348 1184 388 subeundam
1206 379 1218 395 ‚
1262 363 1346 389 cum

805 209 844 239 S.
882 209 1072 240 ioannis
1110 208 1353 239 cunYSOST.
1394 208 1605 240 aucium».
1643 209 2002 242 CONSTANTINOP-

1423 291 1552 336 ἀνοίας.
1585 293 1639 331 Οὐ
1669 291 1739 345 γὰρ
1769 293 1885 338 ἔστιν,
1914 295 1976 331 οὒκ
2014 293 2088 331 ἔστι
2122 294 2439 347 συκοφαντούμενον

1423 352 1501 403 εἰκῇ
1545 352 1606 391 καὶ
1654 353 1971 404 καταδικαζόμενον
2012 354 2063 403 μὴ
2102 354 2336 407 ταράττεσθαι
2382 357 2443 395 καὶ

393 410 598 462 quempiam
611 421 657 447 ex
679 417 771 447 coetu
790 407 958 448 Eccloeiae
973 424 1138 449 amovere
1156 425 1248 463 opus
1264 412 1345 450 est?
1360 438 1406 464 ω,
1423 412 1574 466 πάσχειν
1601 429 1638 466 τι
1667 414 1753 467 πρὸς
1778 413 1842 462 τὴν
1866 413 2041 462 τοσαύτην
2059 415 2217 466 ἀλογίαν.
2237 416 2286 456 Τί
2319 417 2360 455 ἄν
2390 431 2444 462 τις

394 470 541 509 Utinam
555 483 639 508 vero
651 468 785 507 malum
797 470 956 509 totumin
968 471 1113 510 tristitia
1123 471 1348 511 consisteret:
1372 476 1398 506 Λ
1422 473 1518 524 λέγοι
1535 474 1597 518 τὰς
1615 474 1744 523 λύπας,
1763 475 1802 519 ἃς
1825 475 2057 525 ὑπομένουσιν
2072 506 2084 526 ,
2100 476 2206 523 ἡνίκα
2227 476 2268 515 ἂν
2285 477 2346 529 δέῃ
2365 478 2444 518 τινὰ

395 543 490 568 nunc
524 543 608 569 vem
639 529 813 582 pernicies
831 543 900 569 non
927 531 1081 571 modica.
1116 532 1350 573 Metuendum

394 590 530 643 quippe
544 600 611 640 est,
632 605 675 630 ne
692 592 786 632 ultra
803 592 950 632 modum
970 594 1084 647 poenis
1115 594 1265 634 affectus
1284 595 1346 634 iiie

393 650 431 690 id
448 651 605 704 patiatur
617 681 627 699 ‚
645 653 743 704 quod
758 668 777 692 a
798 654 900 693 beato
919 654 1030 693 Paulo
1048 654 1188 693 dictum
1206 664 1272 703 est,
1287 657 1348 695 Ne

393 712 673 752 abundantiori
703 718 864 754 tristitia
881 718 1151 755 absorbeatur.
1183 716 1347 756 Maxima

393 787 477 827 ergo
495 773 684 826 diligentia
705 776 763 814 hic
786 790 876 829 opus
895 785 967 824 est,
1000 790 1043 815 ne
1060 776 1158 828 quod
1179 776 1346 829 prodesse

394 835 449 874 illi
477 834 672 882 debuerat,
695 838 844 889 majoris
870 838 940 891 ipsi
959 837 1082 876 damni
1110 838 1156 876 sit
1173 839 1310 877 occasio
1333 853 1341 878 :

394 911 476 936 nam
490 911 723 950 quaecumque
738 899 797 938 ille
812 909 890 952 post
905 899 1111 951 hujusmodi
1128 901 1345 938 curationem

394 968 535 1012 peccata
561 959 774 1010 admiserit,
804 974 1030 999 communem
1050 969 1121 999 tam
1141 960 1209 1013 ipsi
1237 975 1346 1012 quam

394 1018 534 1058 medico
550 1020 640 1058 iram
655 1019 868 1069 accendunt,
885 1021 914 1059 si
935 1021 992 1059 hic
1011 1035 1080 1060 non
1099 1030 1194 1060 recte
1215 1022 1346 1060 vuinus

393 1079 571 1119 inciderit.
582 1082 678 1128 Quot
687 1090 805 1120 autem
815 1083 990 1135 supplicia
1003 1082 1238 1135 exspectanda
1250 1092 1345 1130 sunt,

393 1154 476 1178 cum
490 1142 573 1192 quis
587 1155 655 1179 non
671 1155 715 1180 ex
730 1143 882 1194 peccatis
895 1142 1001 1181 modo
1016 1142 1105 1190 suis,
1120 1142 1182 1181 sed
1198 1157 1243 1181 ex
1258 1143 1346 1181 alio·

392 1214 473 1239 rum
503 1215 646 1252 quoque
675 1202 818 1241 delictis
844 1203 879 1241 in
911 1212 1113 1241 extremum
1145 1203 1345 1255 periculum

392 1260 612 1299 adducitur?
632 1263 723 1300 Nam
740 1263 769 1301 si
789 1263 835 1301 de
856 1263 1012 1316 propriis
1031 1258 1224 1301 sceleribus
1244 1263 1351 1301 ratio·

392 1336 471 1360 nem
486 1322 662 1361 reddituri
675 1323 975 1371 exhorrescimus,
986 1337 1026 1362 ac
1036 1324 1149 1362 sinon
1165 1324 1348 1363 valeamus

392 1382 511 1434 ignem
524 1383 627 1422 illum
638 1384 807 1436 effugere,
822 1384 911 1436 quid
923 1385 976 1422 illi
991 1385 1271 1438 exspectandum
1283 1394 1348 1434 est,

391 1444 453 1495 qui
473 1453 543 1483 tam
563 1445 759 1484 multorum
774 1447 917 1485 nomine
935 1460 1077 1485 causam
1094 1447 1140 1485 sit
1155 1447 1347 1485 dicturus?

391 1508 499 1555 Quod
519 1516 637 1546 autern
658 1507 726 1546 hoc
750 1522 877 1547 verum
895 1509 955 1557 sit,
978 1509 1066 1547 audi
1087 1509 1231 1547 beatum
1251 1509 1350 1547 Pau-

391 1567 467 1606 lum
484 1567 682 1616 dicentem;
700 1569 773 1607 imo
788 1569 986 1622 potiusnon
1003 1569 1124 1617 illum,
1142 1570 1204 1608 sed
1220 1569 1256 1607 in
1272 1569 1350 1622 ipso

391 1629 594 1681 loquentem
621 1630 805 1669 Christum
826 1645 835 1668 ε
861 1632 1025 1669 Obedite
1039 1634 1256 1682 praepositis
1276 1645 1350 1669 ve·

391 1694 493 1738 stris,
512 1701 549 1730 et
564 1692 766 1744 subjacete
782 1694 836 1730 eis
858 1694 955 1744 :ipsi
974 1696 1076 1730 enim
1092 1691 1325 1744 pervigilant
1338 1721 1349 1741 ,

392 1755 506 1804 quasi
523 1756 716 1791 rationem
736 1767 806 1804 pro
823 1756 1032 1791 animabus
1051 1755 1192 1791 vestra‘s
1219 1754 1349 1791 reddi-

392 1816 482 1851 turi.
516 1814 613 1852 Num
632 1813 785 1866 exiguus
806 1813 950 1852 videtur
979 1814 1038 1852 hic
1062 1813 1348 1852 comminationis

391 1875 532 1914 terror?
558 1877 595 1916 Is
623 1885 778 1928 quantus
796 1876 841 1914 sit
860 1876 932 1914 dici
953 1876 1088 1928 nequit.
1115 1878 1252 1915 Verum
1272 1876 1347 1915 haec

391 1936 480 1974 mis
494 1946 592 1984 sunt,
607 1951 686 1988 quae
698 1938 759 1975 vel
776 1937 1074 1989 pertinacioribus
1084 1937 1190 1975 iidem
1206 1937 1348 1985 saciant,

392 2009 460 2034 nos
489 2011 561 2035 non
590 1997 757 2050 superbia
784 1997 840 2036 vel
861 2011 952 2035 vana
973 1997 1084 2048 gloria
1110 2007 1254 2050 captos,
1286 1997 1348 2036 scd

400 2057 504 2096 nobis
528 2066 666 2096 tantum
695 2068 890 2097 metuentes
908 2068 942 2097 et
958 2059 1007 2097 rei
1029 2059 1159 2097 molem
1177 2058 1349 2098 conside-

397 2128 514 2158 rantes
532 2119 739 2172 hujusmodi
759 2120 881 2173 sugam
900 2119 1036 2159 secisse.

435 2378 449 2395 ⁸
472 2368 536 2402 Alii
554 2377 715 2416 ἀποκόψαι.

439 2423 455 2448 ¹³
482 2422 596 2457 Horel.
615 2427 684 2460 δέοι.
700 2424 803 2458 δαιίΙ.
820 2423 919 2459 etalii
935 2428 989 2461 δεῖ.

1421 539 1482 574 τοῦ
1502 539 1565 582 τῆς
1592 536 1810 583 Ἐκκλησίας
1829 540 1843 557 ·
1858 539 2047 589 περικόψαι
2077 537 2335 590 πληρώματος;
2361 539 2444 579 Εἴθε

1424 596 1486 646 μὲν
1505 591 1562 635 οὖν
1577 596 1684 650 μέχρι
1709 598 1821 643 λύπης
1848 596 1973 636 ἵστατο
2003 598 2043 636 τὸ
2072 598 2203 636 δεινόν·
2223 603 2280 638 νῦν
2316 598 2353 639 δὶ
2384 598 2446 638 καὶ

1420 657 1559 708 ὄλεθρος
1590 660 1628 697 οὗ
1665 659 1800 711 μικρός.
1838 658 1924 701 Δέος
1955 657 2047 710 γὰρ,
2077 659 2213 709 μήποτε
2256 659 2347 710 πέρα
2382 663 2445 699 τοῦ

1421 718 1556 761 δέοντος
1575 719 1756 763 κολασθεὶς
1774 719 1903 764 ἐκεῖνος
1923 719 2019 771 πάθῃ
2043 724 2147 759 τοῦτο
2165 719 2208 766 δὴ
2230 720 2271 760 τὸ
2298 719 2366 759 ὑπὸ
2385 723 2446 760 τοῦ

1422 779 1595 833 μακαρίου
1611 781 1753 820 Παύλου
1772 779 1908 832 λεχθὲν,
1925 781 1984 819 καὶ
2001 779 2094 820 Ὑπὸ
2111 784 2175 828 τῆς
2196 780 2447 833 περισσοτέρας

1420 841 1534 888 λύπης
1561 844 1759 893 καταποθῇ.
1787 842 1963 888 Πλείστης
1987 835 2046 880 οὗν
2071 844 2250 881 κάνταῦθα
2270 839 2287 863 “’
2302 842 2354 881 δεῖ
2382 844 2446 889 τῆς

1420 903 1624 953 ἀκριὸείας,
1664 902 1755 942 ὥστε
1798 903 1848 953 μὴ
1888 902 1952 950 τὴν
1986 905 2050 949 τῆς
2079 904 2251 956 ὠφελείας
2283 903 2446 943 ὑπόθεσιν

1421 964 1576 1013 μείζονος
1592 966 1688 1016 αὐτῷ
1704 964 1863 1016 γενέσθαι
1881 964 2010 1015 ζημίας
2030 965 2207 1018 ἀφορμήν.
2224 957 2293 1003 Ὧν
2306 964 2376 1017 γὰρ
2405 964 2446 1004 ἂν

1420 1025 1562 1077 ἁμάρτῃ
1577 1025 1667 1075 μετὰ
1687 1025 1751 1071 τὴν
1770 1025 1934 1072 τοιαύτην
1949 1026 2138 1079 θεραπείαν
2160 1028 2308 1074 ἐκεῖνος,
2324 1041 2447 1065 κοινω-

1419 1091 1471 1124 νεῖ
1497 1088 1559 1132 τῆς
1583 1085 1637 1138 ἐφ’
1663 1086 1802 1140 ἑκάστῳ
1830 1086 1961 1126 τούτων
1980 1089 2105 1138 ὀργῆς,
2135 1090 2154 1126 ὁ
2190 1086 2240 1138 μὴ
2264 1088 2381 1130 καλῶς
2408 1086 2449 1125 τὸ

1419 1150 1562 1197 τραῦμα
1599 1147 1715 1197 τεμὼν
1744 1147 1871 1198 ἰατρός.
1908 1148 2029 1192 Πόσας
2061 1143 2119 1187 οὗν
2152 1148 2223 1200 χρὴ
2250 1147 2448 1200 προσδοκᾷν

1371 1219 1394 1248 Β
1419 1207 1591 1258 τιμωρίας
1607 1237 1616 1252 ,
1652 1207 1736 1246 ὅταν
1769 1207 1818 1258 μὴ
1859 1207 1964 1258 μόνον
1984 1208 2073 1262 ὑπὲρ
2106 1203 2153 1247 ὧν
2178 1209 2280 1253 αὐτὸς
2303 1210 2451 1253 ἕκαστος

1420 1267 1696 1317 ἐπλημμέλησεν
1716 1270 1912 1314 ἀπαιτῆται
1938 1269 2062 1319 λόγον,
2082 1269 2173 1307 ἀλλὰ
2187 1269 2248 1307 καὶ
2267 1269 2358 1322 ὑπὲρ
2381 1272 2450 1308 τῶν

1421 1328 1551 1378 ἑτέροις
1578 1328 1852 1378 ἁμαρτηθέντων
1883 1330 1930 1372 εἷς
1964 1330 2022 1367 τὸν
2054 1330 2202 1381 ἔσχατον
2241 1329 2452 1376 καθίστηται

1421 1389 1598 1437 κίνδυνον;
1618 1391 1662 1429 Εἰ
1677 1390 1745 1442 γὰρ
1774 1392 1844 1429 τῶν
1865 1390 2001 1429 οἰκείων
2020 1389 2340 1441 πλημμελημάτων
2354 1390 2454 1430 εὐθύ·

1421 1466 1484 1494 νας
1503 1449 1693 1503 ὑπέχοντες
1713 1450 1901 1503 φρίττομεν
1914 1481 1924 1499 ,
1954 1454 2002 1495 ὡς
2027 1452 2066 1490 οὐ
2083 1452 2309 1503 δυνησόμενοι
2325 1451 2366 1490 τὸ
2383 1455 2454 1504 πῦρ

1422 1512 1583 1564 ἐκφυγεῖν
1617 1514 1748 1559 ἐκεῖνο,
1775 1512 1809 1550 τί
1846 1512 1916 1565 χρὴ
1946 1513 2131 1552 πείσεσθαι
2165 1513 2363 1565 προσδοκᾳν
2391 1512 2451 1551 τὸν

1423 1572 1511 1624 ὑπὲρ
1550 1573 1726 1610 τοσούτων
1755 1575 2005 1624 ἀπολογεῖσθαι
2037 1574 2241 1624 μέλλοντα;
2266 1573 2355 1614 σΟτι
2384 1574 2455 1628 γὰρ

1423 1632 1525 1671 τοῦτό
1542 1634 1636 1671 ἐστιν
1670 1632 1796 1679 ἀληθὲς
1810 1663 1819 1678 ,
1840 1635 1986 1674 ἄκουσον
2017 1639 2079 1674 τοῦ
2113 1634 2287 1688 μακαρίου
2309 1634 2454 1675 Παύλου

1423 1694 1601 1745 λέγοντος,
1631 1696 1764 1744 μᾶλλον
1789 1694 1825 1734 δὲ
1853 1696 1915 1734 οὐκ
1935 1695 2086 1741 ἐκείνου,
2102 1697 2194 1735 ἀλλὰ
2213 1700 2273 1734 τοῦ
2291 1699 2327 1735 ἐν
2356 1697 2452 1748 αὐτῷ

1422 1758 1607 1799 λαλοῦντος
1630 1757 1783 1808 Χριστοῦ
1799 1770 1807 1778 ·
1828 1759 1994 1797 Πείθεσθε
2017 1763 2086 1801 τοῖς
2105 1757 2313 1808 ἡγουμένοις
2335 1761 2453 1809 ὑμῶν,

1423 1817 1482 1855 καὶ
1522 1818 1702 1864 ὑπείκετε,
1732 1819 1814 1856 εὸτι
1845 1818 1940 1857 αὐτοὶ
1986 1821 2221 1870 ἀγρυπνοῦσιν
2256 1818 2344 1872 ὑπὲρ
2378 1823 2448 1859 τῶν

1423 1880 1545 1930 ψυχῶν
1573 1881 1694 1929 ὑμῶν,
1720 1882 1767 1922 ὡς
1790 1879 1891 1929 λόγον
1927 1879 2178 1923 ἀποδώσοντες.
2205 1873 2293 1932 Ἆρα
2326 1879 2450 1933 μικρὸς

1423 1932 1520 1983 οὗτος
1538 1943 1557 1978 ὁ
1574 1942 1635 1985 τῆς
1652 1941 1799 1985 ἀπειλῆς
1825 1940 1950 1993 φόὸος;
1969 1941 2049 1979 Οὐκ
2069 1940 2163 1980 ἔστιν
2188 1943 2311 1980 εἰπεῖν.
2346 1939 2451 1980 Ἀλλὰ

1425 1999 1483 2037 καὶ
1500 1999 1579 2044 τοὺς
1598 2000 1731 2054 σφόδρα
1749 2002 1901 2044 ἀπειθεῖς
1928 2002 1987 2039 καὶ
2006 2001 2179 2054 σκληροὺς
2196 2001 2300 2040 ἱκανὰ
2314 1999 2450 2040 αταῦτα

1423 2066 1563 2109 πεῖσαι,
1590 2063 1637 2106 ὡς
1673 2062 1749 2101 οὔτε
1784 2062 1931 2110 ἀπονοίᾳ
1967 2062 2046 2101 οὔτε
2081 2062 2256 2115 φιλοδοξία
2287 2063 2450 2111 ἁλόντες,

1423 2121 1511 2174 ὓπὲρ
1539 2122 1575 2160 δὲ
1603 2125 1736 2161 ἑαυτῶν
1767 2123 1958 2168 δεδοικότες
1983 2124 2109 2175 μόνον,
2142 2123 2202 2162 καὶ
2232 2126 2279 2169 εἷς
2311 2123 2370 2162 τὸν
2389 2126 2451 2161 τοῦ

1423 2182 1631 2236 πράγματος
1661 2184 1764 2236 ὄγκον
1793 2185 2075 2237 ἀποὸλέψαντες,
2112 2186 2244 2233 ταύτην
2276 2183 2447 2238 ἐφύγομεν

1423 2244 1487 2292 τὴν
1507 2246 1634 2298 φυγήν.

1482 2384 1496 2400 ⁰
1521 2374 1582 2408 Alii
1599 2379 1683 2411 αὐτοὶ
1698 2382 1771 2421 γάρ.

1480 2429 1494 2445 ·’
1515 2427 1571 2460 Sic
1587 2427 1690 2462 savit.
1707 2436 1741 2461 et
1758 2426 1827 2470 alii,
1839 2426 1953 2462 noret.
1968 2438 2046 2462 vero
2063 2433 2162 2463 ταῦτα
2177 2432 2276 2463 πάντα
2292 2435 2404 2463 πεῖσαι.
