2549 3825
736 256 793 284 DF,
833 255 972 285 tNCOM
982 255 1238 285 PREtmNStsst
1251 254 1295 284 Lt
1339 255 1411 285 DEl

226 347 333 379 πᾶσιν
365 340 496 379 ἀθέατα
519 340 579 379 καὶ
609 338 864 386 ἀκατάληπτα,
892 337 996 375 ποίαν
1015 337 1102 382 ἔξεις
1121 339 1252 376 ἀπολο-

224 401 328 452 γίαν;
348 402 426 440 τίνα
447 400 483 439 δὲ
502 401 565 440 οὒκ
586 399 768 451 ἐπισπάσῃ
797 397 889 437 κατὰ
909 403 1035 437 σαυτοῦ
1056 399 1251 451 τιμωρίαν;

275 638 366 677 Ἀλλ’
387 640 418 677 οἱ
437 638 499 689 μὲν
522 639 602 691 περὶ
626 638 818 690 γεννήσεως
835 639 932 691 λόγοι
952 638 1030 682 τοὺς
1049 636 1248 689 προσήκον-

221 716 283 743 τας
303 700 567 750 ἀναμενέτωσαν
590 699 751 752 καιρούς·
775 699 860 743 τέως
889 699 922 737 δὲ
953 700 1021 750 ὁδῷ
1050 698 1245 749 βαδίζωμεν

221 760 280 799 ἐπὶ
297 761 357 808 τὴν
377 761 547 813 προτέραν
570 762 744 809 ὑπόθεσιν,
757 756 798 807 ἧς
819 759 941 813 πρῴην
956 759 1000 797 τὰ
1019 758 1168 809 λείψανα
1183 772 1244 794 κα-

222 821 428 871 τελίπομεν,
447 821 510 868 τὴν
529 821 687 872 ὀλεθρίαν
709 820 884 860 ἐκσπάσαι
904 821 999 872 ῥίζαν
1021 820 1245 870 ἐπιχειροῦν-

221 897 291 927 τες,
303 881 366 928 τὴν
386 882 527 920 πάντων
544 881 680 932 μητέρα
699 885 768 920 τῶν
787 885 903 920 κακῶν
920 911 930 928 ,
952 880 1012 918 καὶ
1033 879 1109 918 ὅθεν
1130 880 1246 921 αὐτοῖς

222 943 267 980 τὰ
296 943 456 993 δόγματα
478 945 589 980 ταῦτα
618 942 828 988 ἐὸλάστησε.
854 940 947 979 Ποία
967 939 1002 978 δὲ
1023 943 1045 987 ἠ
1068 939 1144 991 ῥίζα
1175 942 1244 976 τῶν

220 1006 338 1042 κακῶν
357 1002 519 1050 πάντων;
540 1001 783 1040 Πιστεύσατε·
803 1001 910 1054 φρίκη
932 1017 975 1052 με
995 999 1137 1051 κατέχει
1157 998 1245 1050 με’λ-

219 1064 325 1101 λοντα
346 1062 455 1109 αὐτὴν
475 1064 633 1101 ἐκλαλεῑν
647 1077 655 1085 ·
679 1064 770 1101 ὀκνῶ
789 1062 856 1114 γὰρ
877 1061 935 1100 διὰ
955 1061 1114 1113 γλώττης
1141 1060 1246 1112 ἐκφέ-

221 1139 290 1176 ρειν
313 1123 335 1161 ἃ
351 1126 542 1174 μελετῶσιν
562 1124 620 1162 ἐπὶ
635 1128 698 1171 τ”ἧς
717 1124 870 1168 διανοίας
907 1125 1030 1162 ἐκεῖνοι
1047 1122 1246 1166 διαπαντός.

218 1184 284 1229 Τίς
305 1179 363 1222 οἶν
382 1187 477 1224 ἐστιν
495 1189 517 1232 ἠ
540 1185 619 1238 ῥίζα
635 1185 765 1224 τούτων
786 1187 854 1223 τῶν
872 1188 1010 1232 κακῶν;
1026 1183 1245 1234 Ἐτόλμησεν

220 1247 400 1298 ἄνθρωπος
430 1248 563 1295 εἰπεῖν,
587 1247 641 1285 ὅτι
668 1247 758 1286 Θεὸν
780 1241 857 1285 οἶδα
872 1277 882 1295 ,
901 1250 948 1289 ὡς
977 1246 1078 1289 αὐτὸς
1108 1248 1126 1283 ὁ
1156 1246 1246 1289 Θεὸς

219 1307 342 1346 ἑαυτὸν
362 1302 446 1346 οἶδε.
470 1309 592 1346 Ταῦτα
617 1301 674 1346 οὖν
702 1307 846 1360 ἐλέγχου
872 1309 1002 1354 δεῖται,
1027 1311 1137 1346 ταῦτα
1158 1309 1247 1345 ἀπο-

220 1367 375 1417 δείξεως;
403 1370 464 1407 οὐκ
496 1372 596 1421 ἀρκεῖ
625 1369 712 1419 μόνη
742 1372 764 1414 ἡ
789 1368 949 1420 προφορὰ
981 1371 1049 1406 τῶν
1079 1367 1246 1420 ῥημάτων

220 1429 328 1474 δεῖξαι
344 1437 460 1469 πᾶσαν
480 1431 594 1468 αὐτῶν
613 1430 676 1477 τὴν
696 1430 880 1477 &effigium
898 1430 967 1469 Καὶ
986 1429 1054 1483 γὰρ
1073 1429 1180 1480 μανία
1194 1430 1247 1472 τίς

220 1492 295 1529 ἐστι
311 1495 423 1529 ταῦτα
443 1491 555 1544 σαφὴς
567 1520 577 1539 ,
597 1492 828 1543 παραπληξία
847 1491 1090 1543 ἀσύγγνωστος
1101 1520 1110 1537 ,
1126 1491 1246 1529 καινό-

219 1567 319 1604 τερος
348 1553 510 1596 ἀσεὸείας
536 1547 682 1604 τρόπος·
712 1553 822 1598 οὐδεὶς
848 1557 1002 1591 τοιοῦτον
1031 1552 1128 1592 οὐδὲν
1150 1552 1247 1590 οὐδέ-

219 1626 304 1651 ποτε
326 1613 404 1651 οὔτε
434 1615 482 1657 εἷς
506 1617 584 1652 νοῦν
607 1613 796 1665 βαλέσθαι,
812 1613 888 1652 οὔτε
921 1613 978 1651 διὰ
1006 1616 1069 1660 τῆς
1087 1612 1246 1664 γλώττης

219 1680 439 1725 προενεγκεῖν
459 1674 666 1724 ἐτόλμησεν.
686 1673 889 1722 Ἐννόησον,
916 1674 1012 1712 ἄθλιε
1043 1674 1103 1712 καὶ
1121 1674 1247 1712 ταλαί-

220 1750 333 1787 πωρε,
353 1734 404 1778 τίς
420 1728 463 1782 εἷ,
477 1735 537 1773 καὶ
548 1735 627 1773 τίνα
646 1736 871 1788 περιεργάζῃ·
886 1735 1066 1788 ἄνθρωπος
1085 1735 1132 1773 ὢν
1153 1736 1245 1774 Θεὸν

219 1796 548 1848 πολυπραγμονεῖς;
571 1795 688 1848 Ἀρκεῖ
713 1796 781 1848 γὰρ
812 1796 857 1834 τὰ
880 1796 1037 1846 ὀνόματα
1064 1796 1151 1848 ψιλὰ
1182 1799 1246 1843 τῆς

220 1856 338 1899 ἀνοίας
364 1857 472 1902 δεῖξαι
492 1856 554 1904 τὴν
579 1856 798 1908 ὑπερὸολὴν,
815 1857 996 1908 ἄνθρωπος
1013 1861 1058 1908 γῆ
1079 1858 1138 1895 καὶ
1159 1874 1246 1897 σπο-

219 1917 275 1960 δὸς
296 1917 484 1970 ὑπάρχων,
500 1918 584 1970 σὰρξ
610 1918 669 1956 καὶ
687 1912 795 1968 αἷμα,
814 1918 939 1971 χόρτος
959 1919 1017 1956 καὶ
1036 1919 1135 1963 ἄνθος
1154 1920 1245 1972 χόρ-

218 1993 278 2017 του
295 2007 306 2026 ,
327 1979 409 2017 σκιὰ
427 1979 487 2016 καὶ
512 1979 642 2022 καπνὸς
658 1979 731 2027 >καὶ
759 1979 953 2030 ματαιότης
966 2009 975 2025 ,
995 1980 1054 2018 καὶ
1070 1980 1102 2018 εἴ
1121 1997 1156 2018 τι
1170 1980 1247 2019 τού-

219 2055 288 2077 των
306 2039 554 2092 ἀδρανεστερον
572 2039 632 2078 καὶ
648 2040 900 2092 εὐτελέστερον.
921 2040 991 2079 Καὶ
1006 2040 1055 2091 μὴ
1079 2040 1246 2091 νομίσητε

220 2101 435 2154 κατηγορίαν
465 2095 552 2139 εἶναι
573 2104 636 2148 τ’ἧς
655 2101 787 2153 φύσεως
808 2102 853 2140 τὰ
872 2102 1057 2153 λεγόμενα·
1081 2102 1156 2141 οὐδὲ
1177 2103 1246 2156 γὰρ

220 2160 288 2213 ἐγὼ
304 2166 415 2201 ταῦτα
434 2162 547 2213 λέγω,
563 2164 639 2201 ἀλλ’
659 2164 690 2200 οἱ
711 2165 890 2215 προφῆται
909 2168 1018 2201 ταῦτα
1039 2166 1247 2216 φιλοσοφοῦ-

220 2239 290 2273 σιν,
312 2224 374 2262 οὐκ
394 2223 620 2273 ἀτιμάζοντες
636 2226 739 2273 ἡμῶν
761 2224 800 2261 τὸ
820 2223 929 2274 γένος,
946 2224 1038 2262 ἀλλὰ
1056 2225 1247 2264 καταστέλ-

220 2286 338 2327 λοντες
367 2286 434 2322 τῶν
456 2284 611 2330 ἀνοήτων
639 2285 678 2322 τὸ
703 2283 867 2336 φύσημα·
893 2287 953 2322 οὐκ
983 2286 1247 2330 ἐξευτελίζοντες

220 2346 321 2394 ἡμῶν
343 2344 406 2390 τὴν
430 2344 552 2396 φύσιν,
574 2344 664 2382 ἀλλὰ
681 2348 921 2388 ταπεινοῦντες
940 2347 1009 2382 τῶν
1027 2346 1245 2396 μαινομένων

221 2403 284 2450 τὴν
305 2405 482 2443 ἀπόνοιαν.
502 2406 545 2442 Εἰ
561 2404 628 2457 γὰρ
644 2408 798 2443 τοσαῦτα
817 2405 876 2443 καὶ
891 2410 1035 2443 τοιαῦτα
1055 2407 1246 2457 εἰρηκότων

221 2464 361 2503 ἐκείνων
381 2464 475 2516 ὅμως
491 2464 668 2517 ἐφάνησάν
684 2481 774 2508 τινες
790 2468 821 2503 οἱ
836 2469 896 2503 τοῦ
917 2466 1080 2504 διαῧόλου
1102 2468 1165 2513 τὴν
1184 2483 1247 2524 με-

221 2526 436 2578 γαληγορίαν
455 2526 659 2573 νικήσαντες
672 2557 681 2574 ,
698 2529 727 2564 εἰ
744 2526 852 2577 μηδὲν
871 2526 1002 2564 τούτων
1023 2527 1156 2580 εἴρητο,
1181 2532 1248 2565 ποῦ

221 2589 284 2626 οὖκ
305 2586 344 2624 ἂν
365 2587 589 2631 ἐξελάκτισαν
609 2587 786 2634 ἀπονοίας,
804 2588 880 2626 εἶπέ
901 2603 981 2638 μοι;
1003 2590 1046 2626 Εἰ
1065 2588 1184 2640 ἔχουσι
1208 2590 1248 2627 τὸ

221 2648 406 2701 φάρμακον
427 2647 646 2698 ἐπικείμενον
668 2649 727 2687 καὶ
746 2649 797 2687 ἔτι
816 2649 1079 2700 φλεγμαίνουσι,
1099 2654 1166 2688 ποῧ
1185 2651 1247 2687 οὐκ

222 2709 262 2747 ἂν
277 2709 380 2760 ὄγκου
395 2709 454 2747 καὶ
471 2708 659 2752 ἀπονοίαςῑ·
671 2709 945 2761 ἐξεφυσήθησαν,
970 2712 997 2748 εἰ
1023 2710 1071 2760 μὴ
1094 2714 1247 2748 τοσαῦτα

221 2771 282 2810 καὶ
297 2775 438 2809 τοιαῦτα
459 2771 682 2822 ἀπεφήναντο
698 2772 777 2825 περὶ
792 2775 853 2818 τῆς
873 2772 1007 2824 φύσεως
1026 2775 1087 2818 τῆς
1109 2775 1246 2825 ἀνθρω-

221 2832 325 2878 πίνης
350 2834 497 2878 {natvm
518 2832 683 2872 Ἄκουσον
704 2838 785 2885 γοῦν
804 2834 837 2871 τί
855 2850 958 2886 φησιν
976 2838 993 2873 ὁ
1016 2835 1147 2878 δίκαιος
1173 2851 1246 2872 πα-

221 2894 392 2947 τριάρχης
420 2893 501 2946 περὶ
521 2896 656 2932 ἑαυτοῦ·
677 2894 774 2946 Ἐγὼ
795 2896 831 2934 δέ
860 2898 931 2945 εἰμι
957 2899 1000 2944 γῆ
1028 2896 1087 2934 καὶ
1107 2896 1244 2939 σποδός.

222 2957 306 3007 Θεῷ
326 2954 517 3005 διελέγετο,
540 2954 598 2993 καὶ
627 2957 688 2994 οὐκ
716 2959 844 3008 ἐπῆρεν
878 2958 979 2995 αὐτὸν
1000 2961 1021 3004 ἡ
1047 2957 1244 3018 παρρησία·

223 3015 310 3061 αὕτη
330 3015 391 3064 μὲν
408 3009 574 3062 οὗν,αὕτη
591 3016 788 3068 μετριάζειν
806 3018 907 3055 αὐτὸν
926 3018 1118 3055 ἀνέπειθεν.
1136 3020 1245 3055 Ουτοι

221 3075 257 3114 δὲ
271 3076 346 3114 οὐδὲ
363 3079 421 3122 τῆς
439 3084 537 3120 σκιᾶς
552 3077 646 3119 ὄντες
661 3077 749 3121 ἄξιοι
769 3082 831 3124 τῆς
849 3078 990 3123 ἐκείνου,
1005 3080 1073 3115 τῶν
1089 3080 1244 3129 ἀγγέλων

222 3139 337 3176 αὐτῶν
351 3138 486 3188 μείζους
502 3137 642 3180 ἑαυτοὺς
659 3133 744 3176 εἶναι
763 3141 973 3190 νομίζουσιν,
991 3139 1076 3191 ὅπερ
1096 3141 1246 3190 ἐσχάτης

221 3198 293 3236 ἐστὶ
314 3198 439 3248 μανίας
460 3199 648 3243 ἀπόδειξις.
672 3201 860 3247 &comt—:ivri
882 3201 1172 3253 μοι,περιεργάζη
1189 3203 1246 3239 τὸν

221 3258 386 3312 ἄναρχον,
401 3259 458 3297 τὸν
479 3260 727 3310 ἀναλλοίωτον,
739 3262 796 3298 τὸν
817 3260 1019 3311 ἀσώματον,
1035 3263 1091 3300 τὸν
1113 3264 1245 3313 ἄφθαρ-

223 3334 279 3357 τον
295 3349 304 3367 ,
318 3319 376 3357 τὸν
396 3324 577 3371 πανταχοῦ
593 3321 768 3372 παρόντα,
784 3322 841 3359 καὶ
859 3321 972 3360 πάντα
993 3322 1247 3373 ὑπερὸαίνοντα

272 3450 283 3463 ·
310 3439 368 3472 Alii
388 3446 580 3484 ἰρυσηθηοαν.

1450 255 1648 286 NATURA.
1690 258 1738 288 ιι.
2177 245 2269 308 557

1322 337 1384 376 sed
1400 337 1554 377 ediscere
1571 339 1702 389 voluit,
1719 339 1932 391 veniamque
1949 351 2188 393 consequutus
2202 357 2273 383 non

1323 408 1396 437 est:
1420 408 1459 436 tu
1475 414 1559 438 vero
1575 415 1629 449 ea,
1640 415 1719 452 quae
1734 401 1901 440 omnibus
1922 402 2118 441 invisibilia
2135 404 2274 443 incom-

1322 459 1647 511 prebensibiliaque
1659 470 1759 508 sunt,
1779 462 1976 510 affirmans,
1997 478 2103 514 quam
2123 464 2271 504 habebis

1319 520 1559 558 defensionem
1573 522 1591 558 Ξ)
1620 521 1717 573 quod
1737 536 1806 560 non
1834 523 1900 561 tibi
1921 525 2105 576 pertrahes
2125 526 2272 579 suppli-

1320 579 1442 616 cium?

1371 640 1409 676 5.
1448 641 1586 679 Verum
1623 641 1698 680 haec
1738 642 1783 680 de
1816 645 2041 695 generatione
2075 645 2271 699 disputatio

1315 713 1420 737 suum
1446 700 1482 738 in
1512 711 1650 753 tempus
1679 714 1897 751 reservetur,
1927 706 2138 758 interimque
2167 709 2270 760 prius

1313 770 1563 811 argumentum
1587 772 1800 813 repetamus,
1834 766 1934 816 cujus
1962 780 2076 818 nuper
2100 768 2271 819 reliquias

1313 820 1539 867 dimisimus,
1575 821 1662 859 dum
1690 825 1924 874 perniciosam
1954 826 2053 863 illam
2089 828 2244 867 radicem
2257 859 2269 879 ,

1314 882 1475 919 omnium
1498 882 1674 920 malorum
1693 893 1854 933 matrem,
1871 887 2024 924 evellere
2044 901 2266 936 conaremur,

1313 950 1348 980 et
1372 943 1466 981 unde
1489 943 1563 982 illis
1590 944 1665 982 haec
1683 944 1850 996 dogmata
1874 948 2018 985 suborta
2043 958 2139 987 sunt.
2165 951 2270 997 Quae-

1313 1017 1395 1040 nam
1413 1003 1474 1042 illa
1492 1004 1596 1042 radix
1611 1006 1787 1044 malorum
1801 1008 1988 1046 omnium?
2005 1009 2148 1048 Credite
2164 1011 2268 1058 mihi,

1314 1077 1369 1101 me
1384 1064 1484 1103 illam
1501 1067 1814 1117 pronuntiaturum
1836 1068 1967 1107 horror
1984 1080 2133 1123 occupat
2149 1087 2156 1107 :
2173 1072 2271 1124 piget

1268 1127 1294 1157 D
1313 1138 1352 1162 ea
1369 1139 1512 1164 narrare
1526 1141 1604 1177 quae
1624 1127 1677 1165 illi
1693 1143 1830 1181 semper
1844 1130 2078 1170 meditantur.
2095 1134 2269 1180 Quaenam

1314 1185 1427 1237 igitur
1457 1196 1509 1224 est
1539 1187 1668 1226 horum
1698 1190 1875 1229 malorum
1903 1191 2039 1230 radix?
2068 1197 2186 1232 Ausus
2217 1203 2268 1233 est

1314 1247 1420 1285 homo
1438 1247 1568 1297 dicere,
1588 1250 1704 1287 Deum
1726 1252 1822 1299 novi,
1839 1262 1877 1290 ut
1898 1253 1975 1305 ipse
1990 1254 2088 1292 Deus
2111 1255 2266 1308 seipsum

1314 1310 1426 1348 novit.
1456 1309 1620 1348 Haeccine
1645 1312 1888 1351 confutatione
1912 1314 2087 1366 indigent,
2114 1316 2268 1356 haeccine

1314 1368 1636 1408 demonstratione?
1648 1385 1764 1410 annon
1778 1374 1863 1411 satis
1875 1384 1925 1412 est
1938 1375 2013 1413 haec
2026 1377 2142 1415 solum
2162 1378 2268 1417 verba

1315 1431 1487 1481 proferre,
1506 1441 1546 1468 ut
1564 1441 1636 1469 tota
1653 1446 1775 1471 eorum
1798 1434 1960 1486 impietas
1984 1437 2189 1476 reveletur?
2207 1439 2269 1477 Et-

1315 1491 1410 1529 enim
1427 1492 1501 1530 haec
1516 1493 1650 1531 insania
1665 1503 1715 1532 est
1733 1496 1931 1548 perspicua,
1951 1499 2105 1536 amentia
2120 1501 2269 1538 inexcu-

1315 1552 1450 1600 sabilis,
1467 1567 1582 1592 novus
1598 1555 1789 1606 impietatis
1806 1556 1933 1596 modus
1958 1559 2069 1597 Nemo
2082 1560 2270 1613 quidpiam

1318 1612 1526 1664 hujusmodi
1546 1616 1600 1652 vel
1620 1626 1736 1654 mente
1752 1618 1950 1670 concipere,
1970 1620 2027 1657 vel
2046 1621 2167 1672 lingua
2186 1636 2271 1674 pro-

1315 1675 1408 1713 ferre
1421 1689 1530 1714 ausus
1546 1686 1610 1717 est.
1630 1679 1769 1730 Cogita,
1787 1681 1893 1718 misci·
1906 1691 1938 1718 ct
1950 1682 2088 1727 infelix,
2104 1684 2270 1734 quisnam

1315 1736 1375 1783 sis,
1397 1745 1430 1773 et
1457 1752 1648 1788 quemnam
1667 1749 1739 1777 tam
1769 1741 1906 1779 curiose
1935 1745 2101 1781 scruteris
2123 1761 2132 1786 ε
2162 1745 2270 1784 bomo

1316 1811 1396 1835 cum
1411 1799 1472 1846 sis,
1489 1801 1604 1837 Deum
1619 1801 1784 1853 exploras
1799 1803 1815 1839 9
1829 1804 1897 1841 Vel
1916 1805 2059 1842 nomina
2076 1820 2170 1845 mera
2187 1809 2271 1846 satis

1315 1868 1412 1905 sunt,
1429 1869 1465 1897 ut
1477 1860 1638 1899 stultitiae
1652 1863 1935 1914 magnitudinem
1946 1865 2123 1904 declarent
2143 1867 2271 1906 :homo

1268 1934 1292 1964 E
1316 1929 1408 1958 terra
1434 1930 1467 1958 et
1499 1921 1604 1968 cinis,
1627 1936 1707 1960 caro
1737 1933 1771 1961 et
1804 1925 1960 1975 sanguis,
1982 1926 2115 1964 foenum
2143 1937 2175 1965 et
2206 1929 2271 1966 flos

1315 1982 1415 2029 foeni,
1438 1983 1580 2030 umbra,
1596 1984 1729 2032 fumus,
1746 1986 1899 2035 vanitas,
1917 1996 1951 2024 et
1966 1988 1994 2025 si
2014 1987 2103 2038 quid
2122 1988 2178 2026 his
2198 1990 2270 2027 ob-

1317 2042 1457 2081 scurius
1475 2053 1508 2082 et
1527 2044 1650 2083 vilius.
1672 2046 1795 2097 Neque
1815 2049 1946 2099 putetis
1972 2048 2047 2086 liaec
2066 2048 2271 2088 incusandae

1319 2112 1456 2142 naturae
1489 2118 1595 2142 causa
1614 2105 1686 2143 dici
1716 2121 1724 2144 :
1747 2121 1860 2158 neque
1882 2110 1976 2146 enim
1999 2123 2079 2161 ego,
2101 2109 2163 2148 scd
2183 2124 2272 2162 pro-

1317 2164 1432 2217 phetae
1450 2165 1498 2203 ita
1515 2165 1827 2219 philosophantur,
1844 2183 1912 2207 non
1932 2179 1969 2208 ut
1986 2185 2095 2222 genus
2112 2182 2272 2210 nostrum

1315 2225 1488 2263 dedecore
1514 2227 1684 2275 afficiant,
1705 2228 1767 2266 scd
1791 2239 1828 2267 ut
1858 2230 2064 2268 insanorum
2097 2241 2272 2270 tumorem

1317 2287 1577 2338 c0111primant;
1607 2302 1675 2325 non
1709 2298 1746 2326 ut
1779 2300 1942 2329 naturam
1971 2301 2125 2330 nostram
2149 2303 2273 2331 conte·

1319 2357 1455 2395 runaut,
1469 2348 1531 2386 scd
1548 2358 1584 2386 ut
1601 2349 1817 2388 furiosorum
1833 2353 2072 2403 arrogantiam
2087 2354 2271 2405 dejiciant.

1260 2442 1306 2467 455
1319 2411 1409 2447 Nam
1422 2410 1465 2454 si,
1479 2419 1665 2461 postquam
1681 2411 1733 2448 illi
1752 2421 1800 2449 tot
1815 2422 1978 2463 tantaque
1990 2415 2126 2462 dixere,
2141 2417 2271 2468 reperti

1272 2480 1296 2507 Λ
1320 2478 1435 2506 tamen
1454 2478 1534 2506 sunt
1552 2469 1613 2519 qui
1633 2470 1824 2508 verborum
1846 2473 2041 2522 petulantia
2062 2474 2177 2526 ipsum
2195 2474 2272 2512 dia-

1318 2530 1441 2567 bolum
1470 2540 1681 2582 superarunt
1710 2532 1767 2568 :si
1798 2532 1887 2570 nihil
1921 2535 2095 2585 ejusmodi
2130 2535 2269 2574 dictum

1319 2591 1454 2638 fuisset,
1471 2606 1543 2641 quo
1562 2592 1703 2630 tandein
1721 2594 1882 2631 amentiae
1901 2608 1969 2632 non
1994 2597 2268 2648 prorupissent?

1317 2652 1354 2690 si
1371 2654 1570 2704 appositam
1587 2652 1753 2690 habentes
1771 2654 1996 2698 medicinam,
2017 2657 2135 2694 adhuc
2152 2667 2268 2696 tamen

1319 2712 1500 2760 inflantur,
1515 2728 1584 2763 quo
1600 2713 1745 2751 dcunun
1763 2716 1912 2753 tumoris
1928 2726 1959 2754 ct
1975 2719 2185 2768 arrogantia*
2200 2733 2268 2757 non

1319 2774 1583 2824 processissent,
1599 2775 1664 2811 uisi
1684 2775 1766 2812 talia
1785 2776 1835 2812 illi
1852 2777 1942 2814 circa
1961 2789 2122 2816 mutu-aiu
2139 2779 2246 2817 huma
2258 2802 2268 2809 -

1318 2849 1397 2871 nutu
1421 2835 1672 2886 protulissent?
1693 2837 1784 2874 Audi
1821 2839 1930 2887 igitur
1960 2840 2045 2889 quid
2079 2840 2125 2878 de
2154 2842 2269 2893 seipso

1316 2896 1410 2932 dicat
1437 2898 1554 2948 justus
1575 2897 1635 2934 ille
1666 2899 1879 2949 patriairrlm,
1905 2901 1985 2950 Ego
2013 2911 2144 2940 autem
2183 2918 2264 2940 sum

1319 2965 1419 2992 terra
1440 2966 1474 2993 rt
1494 2960 1599 2994 cinis.
1624 2959 1713 2994 Cum
1739 2960 1809 2995 Deo
1829 2960 2054 3010 impu-batur.
2078 2976 2190 3013 neque
2213 2974 2263 3001 ta·

1318 3032 1395 3054 uit-u
1416 3017 1627 3055 confidentia
1651 3019 1880 3061 ‹·ss'‹-n·l·.·un·;
1898 3021 1967 3058 ium
1988 3022 2043 3059 vel
2065 3022 2131 3059 lim·
2151 3024 2268 3076 ipsum

1320 3090 1356 3115 ut
1377 3078 1555 3115 unuh-tutt-
1573 3090 1687 3128 age-ret
1707 3081 1771 3131 ipsi
1802 3082 1986 3121 suadebat.
2011 3084 2052 3120 ΙΙι
2075 3099 2171 3128 scm,
2205 3088 2268 3137 qui

1320 3156 1361 3177 ιιι·
1383 3140 1506 3177 titulun·
1529 3142 1671 3190 ‹ptuit-iu
1703 3143 1800 3179 illius
1818 3143 1918 3193 tingui
1950 3156 2045 3187 suut.
2067 3161 2102 3183 st·
2135 3149 2270 3198 augelis

1274 3202 1294 3230 Β
1321 3202 1405 3253 ipsis
1432 3203 1581 3252 majore>
1603 3218 1676 3238 csse
1703 3213 1826 3254 putant
1849 3221 1854 3239 τ
1876 3207 1970 3256 quod
2006 3218 2171 3246 extrema·
2201 3210 2268 3247 dc-

1320 3264 1457 3300 uwutia·
1478 3272 1725 3313 :inguim-utum
1742 3275 1805 3302 cst.
1828 3267 1988 3305 Drinum·
2006 3270 2190 3312 scrutaris.
2211 3270 2269 3307 di«-

1323 3324 1424 3369 uuhi,
1441 3324 1501 3374 qui
1520 3325 1593 3361 mu·
1614 3324 1792 3377 prim-ipio
1807 3337 1873 3373 cst,
1893 3329 2131 3374 invariabilis,
2155 3331 2268 3369 iucur-

2338 1200 2472 1232 Anomoei

2281 1237 2417 1273 dicebant
2442 1257 2471 1274 se

2283 1284 2376 1312 Deum
2388 1297 2471 1314 nosse

2282 1333 2314 1353 ut
2342 1337 2371 1354 se
2408 1330 2470 1365 ipse

2283 1371 2375 1398 novit.

2285 2914 2348 2941 Gen
2381 2916 2429 2946 ¹8.
