2549 3825
923 284 978 312 DE
1016 283 1191 313 LAzsttO
1228 282 1389 312 CONClO
1427 281 1491 311 1V.

179 375 200 418 ἡ
239 371 500 417 δέσποινα,οὐκ
524 368 563 406 ἂν
591 367 757 416 ἐνεὸλήθη
790 369 836 410 εἷς
872 367 911 404 τὸ
940 366 1201 416 δεσμοηήριον,

180 433 243 470 οὐκ
265 432 305 469 ἂν
326 432 501 482 συνέκρινε
520 429 563 468 τὰ
591 428 773 481 ὁράματα,
800 430 861 466 οὐκ
880 427 918 465 ἂν
946 430 1007 473 τῆς
1024 427 1202 478 βασιλείας

181 492 366 543 ἐπέτυχεν·
385 492 414 529 εἰ
437 490 485 541 μὴ
515 492 577 536 τῆς
597 487 776 540 βασιλείας
798 487 833 526 δὲ
853 488 1020 540 ἐπέτυχεν
1049 488 1202 534 ἐκείνης,

180 554 240 590 οὐκ
270 551 309 589 ἂν
336 545 441 598 ἦλθον
459 544 553 589 οὗτοι
585 551 663 587 κατ’
686 548 857 601 ἐμπορίαν
878 548 996 595 σίτου,
1018 548 1076 586 καὶ
1093 563 1203 598 προσ-

181 613 350 659 εκύνησαν
382 610 496 649 αὐτόν.
526 608 639 647 υΩστε
673 609 792 656 ἐπειδὴ
826 609 1033 647 ἀπέκτειναν
1075 608 1202 651 αὐτὸν,

181 673 238 711 διὰ
271 677 372 710 τοῦτο
402 670 557 721 μάλιστα
587 670 740 721 ἔγνωσαν
768 672 871 709 αὐτοῦ
910 669 954 707 τὰ
979 669 1134 707 ἐνύπνια.
1157 668 1204 707 Τί

180 727 261 781 οὖν,
284 732 382 770 αὐτοὶ
416 731 576 782 πρόξενοι
604 734 673 769 τῶν
708 731 906 781 μελλόντων
939 732 1077 781 ἀγαθῶν
1111 730 1203 780 αὐτῷ

178 794 320 832 πάντων
340 793 495 843 ἐγένοντο
513 793 573 830 καὶ
601 794 664 837 τῆς
701 792 925 844 περιφανείας
954 790 1111 836 ἐκείνης,
1129 791 1204 828 Οὐ-

179 855 300 905 δαμῶς
319 884 330 903 ,
354 853 446 892 ἀλλὰ
480 853 577 892 αὐτοὶ
602 853 666 903 μὲν
687 854 824 905 θανάτῳ
843 852 902 890 καὶ
929 851 1062 903 ἀθυμία
1081 850 1140 888 καὶ
1161 852 1204 900 τῇ

179 914 315 966 δουλείᾳ
336 914 488 957 καὶτοῖς
515 913 676 966 ἐσχάτοις
704 915 919 965 παραδοῦναι
952 911 1206 949 ἐὸουλεύσαντο

179 982 319 1019 κακοῖς·
353 979 371 1014 ὁ
395 975 430 1014 δὲ
450 975 647 1026 εὐμήχανος
686 973 776 1016 Θεὸς
813 977 856 1023 τῇ
890 975 959 1010 τῶν
994 971 1205 1010 ἐπιδουλευ-

179 1038 286 1075 όντων
306 1036 456 1088 πονηρίᾳ
485 1036 571 1087 πρὸς
602 1034 667 1080 τὴν
683 1037 743 1072 τοῦ
770 1033 962 1085 πραθέντος
983 1033 1043 1072 καὶ
1066 1033 1205 1070 ἐπιδου-

181 1097 359 1140 λευθέντος
379 1095 605 1146 εὐδοκίμησιν
626 1095 867 1146 ἀπεχρήσατο.

232 1352 310 1390 Ἵνα
339 1350 375 1390 δὲ
412 1351 462 1400 μὴ
500 1351 686 1404 συντυχίας
720 1351 832 1400 τινὸς,
862 1351 951 1401 μηδὲ
989 1351 1207 1402 πραγμάτων

181 1418 195 1435 '³
207 1412 429 1464 περιπετείας
448 1412 492 1449 τὰ
511 1412 700 1463 συμὸάντα
722 1407 811 1452 εἶναι
824 1411 1021 1464 νομίζηται,
1035 1413 1077 1450 δι’
1094 1413 1207 1450 αὐτῶν

180 1477 251 1512 τῶν
284 1472 554 1523 ἐναντιουμένων
568 1503 578 1521 ,
596 1472 641 1510 δι’
661 1475 774 1511 αὐτῶν
793 1476 862 1512 τῶν
878 1473 1103 1520 κωλυόντων,
1122 1471 1208 1511 αὐτὰ

181 1533 436 1578 κατασκευάζει
464 1533 508 1571 τὰ
545 1533 751 1585 κωλυόμενα
779 1537 797 1572 ὁ
829 1535 940 1582 Θεὸς,
976 1539 1049 1578 τοῖς
1074 1536 1210 1586 ἐχθροῖς

182 1598 286 1634 αὐτοῦ
315 1595 400 1647 πρὸς
421 1594 485 1642 τὴν
506 1595 728 1646 εὐδοκίμησιν
747 1596 917 1639 διακόνοις
932 1594 1133 1647 χρώμενος,
1155 1595 1210 1632 ἵνα

184 1657 298 1708 μάθῃς
312 1686 322 1704 ,
348 1656 403 1695 ὅτι
423 1657 445 1694 ἃ
474 1659 491 1694 ὁ
519 1656 608 1700 Θεὸς
630 1657 855 1708 βεὸούλευται
868 1686 878 1704 ,
898 1657 1006 1700 οὐδεὶς
1025 1656 1211 1694 διασκεδά-

183 1718 336 1765 σει,καὶ
362 1717 426 1764 τὴν
458 1724 561 1770 χεῖρα
594 1719 699 1756 αὐτοῦ
725 1717 788 1764 τὴν
818 1718 956 1770 ὑψηλὴν
987 1717 1098 1760 οὐδεὶς
1117 1719 1212 1755 ἀπο-

183 1778 347 1831 στρέψει·
368 1777 427 1826 ἵν’,
442 1778 525 1817 ὅταν
542 1778 751 1830 ἐπιδουλεύῃ
772 1779 872 1830 παρά
890 1794 1008 1825 τινων,
1034 1778 1082 1828 μὴ
1104 1793 1212 1815 κατα-

183 1839 338 1892 πίπτῃς,
358 1838 447 1889 μηδὲ
481 1840 736 1893 δυσχεραίνῃς,
767 1842 845 1878 ἀλλ’
879 1839 1008 1879 εἰδέναι
1033 1840 1135 1892 ἔχῃς,
1159 1839 1212 1877 ὅτι

183 1900 269 1952 πρὸς
303 1899 401 1943 τέλος
430 1903 570 1952 ἀπαντᾷ
602 1900 756 1954 χρηστὸν
783 1904 806 1948 ἡ
836 1901 1005 1949 ἐπιὸουλὴ
1021 1932 1031 1950 ,
1047 1901 1149 1952 μόνον
1173 1900 1212 1938 ἂν

184 1961 349 2013 γενναίως
372 1961 479 2014 φέρῃς
502 1962 546 2000 τὰ
563 1962 822 2013 συμπίπτοντα.
841 1962 932 2001 Ἰδοὺ
962 1966 1043 2015 γοῦν
1063 1962 1123 2001 καὶ
1155 1964 1213 2000 ἐνκ

184 2025 297 2061 ταῧθα
316 2022 436 2074 φθόνος
451 2022 632 2074 βασιλείαν
652 2022 762 2072 ἔτεκε,
776 2024 837 2062 καὶ
858 2024 1033 2075 βασκανία
1058 2024 1215 2074 διάδημα

185 2082 392 2134 προεξένησε
407 2112 418 2131 ,
443 2083 503 2121 καὶ
530 2083 648 2135 θρόνον
679 2084 847 2135 ἐκόμισε,
875 2085 935 2123 καὶ
962 2084 1059 2124 αὐτοὶ
1079 2087 1111 2123 οἱ
1136 2086 1215 2123 ἐπι-

186 2143 434 2187 δουλεύσαντες
451 2172 461 2192 ,
484 2144 580 2182 αὐτοὶ
616 2144 820 2192 συνώθησαν
852 2147 954 2185 αὐτὸν
980 2146 1067 2198 πρὸς
1092 2146 1131 2184 τὸ
1160 2146 1216 2196 μέ-

187 2208 284 2256 γεθος
315 2204 449 2252 ἐκείνης
483 2207 548 2251 τ’ἥς
585 2208 719 2257 ἀρχῆς·
748 2207 809 2244 καὶ
833 2210 851 2246 ὁ
878 2207 941 2257 μὲν
962 2207 1218 2250 ἐπιίουλευθεὶς

188 2262 414 2303 ἐὸασίλευσεν
428 2293 440 2313 ,
463 2266 494 2302 οἱ
521 2264 556 2303 δὲ
583 2265 896 2310 ἐπιδουλεύσαντες
926 2266 1104 2304 ἐδούλευον
1127 2280 1133 2287 ·
1152 2269 1217 2304 κά-

187 2329 296 2367 κεῖνος
313 2324 375 2374 μὲν
389 2331 650 2376 προσεκυνεῖτο,
667 2319 761 2364 οὗτοι
780 2326 815 2364 δὲ
833 2326 1082 2379 προσεκύνουν.
1106 2326 1217 2364 (Όταν

187 2382 300 2421 τοίνυν
318 2387 333 2403 ‘¹
346 2383 476 2434 ἐπέλθῃ
506 2398 560 2421 σοι
582 2383 677 2422 δεινὰ
698 2387 827 2436 συνεχῆ
848 2385 907 2423 καὶΙ
938 2385 1141 2432 ἐπάλληλα,
1169 2385 1217 2434 μὴ

188 2443 354 2494 (mneos,
375 2443 465 2494 μηδὲ
497 2444 721 2496 δυσχέραινε,
753 2445 833 2484 ἀλλ’
862 2446 1012 2496 ἀνάμενε
1040 2446 1079 2483 τὸ
1109 2445 1218 2488 τέλος·

188 2503 327 2547 πάντως
354 2504 421 2557 γὰρ
445 2505 687 2551 ἀπαντήσεται
715 2509 777 2553 τῆς
805 2511 865 2544 τοῦ
894 2509 987 2545 Θεοῦ
1016 2507 1216 2557 μεγαλοδω-

191 2571 269 2617 ρεᾶς
296 2565 407 2614 ἄξιον,
438 2566 539 2616 μόνον
562 2566 619 2604 ἐὰν
647 2568 864 2620 εὐχαρίστως
885 2568 929 2607 τὰ
946 2571 980 2606 ἐν
1005 2568 1101 2619 μέσῳ
1123 2584 1216 2617 συμ-

185 2626 359 2664 πίπτοντα
379 2626 535 2679 ἐνέγκῃς.
552 2627 657 2666 Ἐπεὶ
674 2629 733 2666 καὶ
754 2623 852 2672 οὗτος
871 2629 960 2679 μετὰ
988 2629 1031 2666 τὰ
1058 2629 1217 2680 ὀνείρατα

188 2689 304 2726 ἐκεῖνα
334 2687 416 2739 περὶ
436 2690 505 2726 τῶν
533 2689 691 2740 ἐσχάτων
713 2690 937 2733 κινδυνεύσας
955 2721 964 2738 ,
985 2691 1045 2728 καὶ
1076 2689 1218 2742 πραθεὶς

189 2748 257 2786 ὑπὸ
283 2750 353 2786 τῶν
384 2749 541 2801 ἀδελφῶν
555 2779 565 2796 ,
584 2750 644 2788 καὶ
666 2751 763 2802 παρὰ
795 2754 858 2797 τῆς
873 2751 1056 2798 δεσποίνης
1077 2751 1215 2788 ἐπιδου-

190 2808 342 2856 λευθεὶς,
376 2809 435 2848 καὶ
463 2810 570 2849 πάλιν
602 2813 649 2854 εἷς
675 2812 917 2865 δεσμωτήριον
951 2812 1138 2863 ἐμπεσὼν,
1158 2814 1217 2848 οὐκ

191 2863 266 2906 εἶπε
295 2869 381 2919 πρὸς
406 2871 528 2908 ἑαυτὸν
546 2901 556 2918 ,
575 2870 610 2908 τί
635 2888 720 2910 ποτε
752 2873 855 2912 τοῦτό
884 2875 998 2920 ἐστιν;
1021 2874 1138 2919 ἀπάτη
1176 2872 1217 2909 τὰ

190 2928 351 2981 ὀνείρατα
381 2933 496 2970 ἐκεῖνα
525 2927 586 2981 ἦν,
614 2933 774 2977 ἐξέπεσον
811 2938 873 2981 τῆς
908 2935 1094 2987 πατρίδος,
1130 2938 1216 2972 ἀπε-

191 2992 361 3045 στερήθην
381 2993 576 3046 ἐλευθερίας
591 3008 598 3015 ·
621 2996 677 3034 διὰ
697 2997 755 3034 τὸν
783 2997 875 3034 Θεὸν
913 2998 973 3035 οὐκ
1007 2991 1078 3041 εἶξα
1100 3001 1142 3047 τῇ
1162 2998 1208 3035 δε»

192 3051 316 3104 σποίνῃ
339 3052 424 3104 πρὸς
447 3053 608 3106 μοιχείαν
629 3056 803 3108 καλούσῃ·
823 3057 881 3094 διὰ
907 3058 1132 3108 σωφροσύνην
1159 3059 1215 3094 καὶ

192 3112 319 3164 ἀρετὴν
336 3113 530 3165 κολάζομαι
548 3117 625 3155 ’καὶ
645 3118 720 3156 οὐδὲ
733 3118 842 3160 οὕτως
860 3119 1003 3168 ἤμυνεν,
1021 3120 1096 3155 οὐδὲ,
1117 3125 1216 3170 χεῖρα

192 3172 314 3226 ὤρεξεν
329 3203 339 3221 ,
355 3175 431 3213 ἀλλ’
461 3177 554 3214 εἴασε
587 3179 829 3230 παραδοθῆναι
850 3181 988 3229 δεσμοῖς
1009 3181 1218 3226 ἐπαλλήλοις

194 3233 252 3270 καὶ
267 3235 424 3285 συνεχέσι
441 3243 634 3290 συμφοραῖς
650 3254 655 3261 ·
670 3238 759 3287 μετὰ
773 3240 840 3291 γὰρ
851 3240 908 3277 τὸν
925 3240 1053 3277 λάκκον
1069 3241 1216 3284 δουλεία,

197 3294 284 3344 μετὰ
301 3295 455 3332 δουλείαν
473 3298 654 3345 ἐπιδουλὴ,
673 3301 760 3350 μετὰ
780 3302 966 3347 §mermi-hv
991 3303 1216 3353 συκοφαντία,

199 3355 288 3404 μετὰ
311 3358 544 3408 συκοφαντίαν
568 3360 821 3412 δεσμιιιτήριον.
854 3362 943 3399 Ἀλλ’
969 3363 1064 3399 οὐδὲν
1098 3364 1226 3400 τούτων

243 3490 255 3503 =
282 3479 374 3511 Ultus
388 3480 447 3511 ΜΗ.
469 3490 647 3530 περιφορᾶς,
667 3484 746 3515 nllus
764 3490 961 3529 'Hs-lsrwssfssi·

1223 1509 1270 1534 760

1234 1547 1259 1575 A&

1241 3068 1265 3096 (ἶ

2129 268 2187 328 93
2205 285 2214 311 1

1275 365 1330 402 illi
1359 364 1571 402 struxissent
1599 362 1746 401 insidias
1761 393 1770 410 ‚
1791 376 1858 400 non
1880 362 2123 400 vendidissent
2146 378 2225 401 euni

1275 424 1313 462 in
1343 425 1542 476 AEgyptum
1562 440 1568 460 :
1589 424 1653 461 nisi
1675 424 1711 461 in
1739 423 1938 475 AEgyptum
1958 423 2199 461 vendidissent
2217 454 2225 466 ‚

1277 498 1347 523 non
1358 484 1542 523 adamatus
1560 484 1679 522 suisset
1695 484 1740 521 ab
1754 484 1839 521 hera
1854 499 1860 519 :
1878 484 1907 521 si
1927 498 1995 522 non
2011 484 2134 522 fuisset
2148 483 2230 521 ada-

1276 555 1394 584 matus
1406 546 1451 582 ab
1466 545 1563 594 hera,
1578 559 1645 583 non
1658 545 1968 596 fuissetconjectus
1982 545 2018 582 in
2042 559 2216 583 carcerem
2226 573 2234 588 ‚

1277 619 1347 643 non
1377 606 1627 658 interpretatus
1655 606 1778 643 fuisset
1807 605 1967 650 somnia,
1991 619 2060 643 non
2081 618 2232 655 regnum

1277 665 1370 703 illud
1389 667 1512 704 fuisset
1532 675 1741 716 assequutus
1762 680 1770 702 :
1794 665 1825 703 si
1850 679 1920 702 non
1941 666 2064 703 fuisset
2082 680 2231 716 regnum

1278 735 1515 777 consequutus
1536 755 1545 773 ‚
1567 740 1636 764 non
1669 726 1846 764 venissent
1875 725 1931 763 illi
1963 728 2234 764 commercaturi

1278 787 1512 831 frumentum,
1532 800 1595 824 nec
1613 786 1830 824 adorassent.
1851 787 1974 836 Itaque
1992 787 2160 836 quoniam
2175 801 2234 824 oe·

1279 848 1442 887 ciderunt
1452 847 2234 893 illum,0bhocmaximeintellexeruntillius

1279 907 1430 948 somnia.
1455 906 1554 953 Quid
1582 906 1718 957 igitur?
1736 906 1849 957 ipsine
1877 906 2054 943 bonorum
2073 907 2234 944 omnium

1279 982 1358 1019 quae
1374 976 1453 1019 post
1472 975 1665 1006 evenerunt
1685 966 1853 1015 illiusque
1873 965 1996 1016 gloriae
2015 966 2161 1003 fuerunt
2183 967 2236 1003 illi

1279 1029 1528 1067 conciliatores
1545 1028 1804 1079 PNequaquam
1821 1041 1831 1075 ;
1852 1040 1979 1065 verum
2000 1026 2069 1078 ipsi
2089 1027 2234 1077 quidem

1281 1091 1520 1129 moliebantur
1537 1089 1643 1127 illum
1657 1088 1778 1136 morti,
1794 1087 2044 1140 desperationi,
2063 1088 2238 1133 servituti,

1281 1151 1437 1190 breviter
1453 1150 1622 1190 extremis
1639 1150 1745 1188 malis
1765 1148 1906 1187 tradere
1924 1165 1931 1185 :
1956 1148 2018 1187 sed
2039 1150 2136 1187 Deus
2164 1162 2239 1187 me-

1282 1212 1349 1250 lior
1365 1211 1508 1256 artifex,
1531 1210 1779 1249 insidiantium
1798 1210 1936 1247 malitia
1959 1209 1994 1247 in
2013 1209 2149 1248 venditi
2178 1210 2235 1247 in-

1282 1272 1452 1323 sidiisque
1471 1271 1626 1324 impetiti
1645 1270 1797 1322 gloriam
1813 1284 1899 1308 usus
1915 1280 1977 1308 est.

1335 1336 1372 1372 6.
1392 1335 1446 1372 Ne
1464 1346 1549 1371 vero
1570 1342 1712 1384 putares
1734 1346 1853 1369 rerum
1873 1340 2021 1370 eventus
2043 1332 2105 1370 vel
2138 1346 2239 1370 casus

1283 1407 1359 1433 esse
1372 1393 1552 1442 fortuitos,
1575 1393 1632 1430 vel
1651 1392 1698 1430 ab
1721 1392 1962 1429 humanarum
1985 1406 2104 1430 rerum
2122 1393 2239 1431 subita

1283 1455 1482 1493 mutatione
1513 1453 1668 1506 pendere
1689 1470 1699 1491 ε
1725 1467 1788 1506 per
1808 1467 1866 1491 eos
1899 1453 1962 1503 qni
1989 1453 2239 1503 adversantur,

1285 1531 1348 1569 per
1361 1530 1420 1554 eos
1440 1516 1501 1567 qui
1521 1515 1713 1561 obsistunt,
1733 1523 1902 1566 procurat
1915 1515 2014 1552 Deus
2034 1524 2073 1552 ut
2091 1529 2145 1553 res
2165 1530 2242 1566 quae

1285 1586 1453 1615 vetantur
1484 1575 1739 1623 conficiantur,
1769 1575 1925 1612 inimicis
1954 1575 2027 1613 suis
2059 1575 2105 1613 ad
2138 1590 2241 1614 suam

1286 1638 1437 1690 gloriam
1455 1647 1554 1676 utens
1574 1636 1761 1684 ministris,
1779 1645 1817 1674 ut
1836 1636 2013 1688 intelligas
2029 1637 2128 1687 quod
2145 1639 2242 1675 Deus

1285 1699 1444 1738 decrevit
1463 1714 1482 1737 a
1503 1698 1643 1737 nemine
1663 1698 1853 1750 dissipari,
1877 1712 1940 1735 nec
1963 1712 2110 1736 manum
2139 1699 2239 1736 illam

1286 1761 1493 1798 excelsama
1504 1774 1684 1811 quoquam
1696 1773 1860 1797 aversum
1875 1759 1941 1798 iri:
1955 1773 2038 1809 quo,
2052 1759 2080 1796 si
2096 1760 2240 1810 quando

1286 1821 1332 1859 ab
1345 1822 1465 1872 aliquo
1478 1821 1609 1873 petaris
1625 1820 1781 1866 insidiis,
1799 1833 1842 1857 ne
1856 1820 2091 1858 consterneris
2108 1821 2241 1867 animo,

1287 1896 1375 1921 neve
1391 1883 1537 1920 moleste
1557 1882 1648 1919 feras
1663 1912 1673 1929 ‚
1692 1880 1754 1919 sed
1775 1881 1864 1919 scire
1890 1881 2003 1933 possis
2031 1881 2180 1919 insidias
2208 1882 2243 1920 in

1287 1943 1423 1982 bonum
1439 1943 1547 1982 finem
1567 1943 1745 1991 exituras,
1765 1951 1905 1980 tantum
1936 1942 1964 1979 si
1997 1942 2134 1981 sortiter
2153 1944 2244 1981 feras

1288 2020 1368 2057 quae
1395 2005 1577 2044 accidunt.
1600 2004 1693 2042 Ecce
1713 2003 1773 2041 hic
1805 2017 1947 2055 quoque
1975 2004 2070 2042 livor
2097 2018 2242 2055 regnum
2262 2018 2389 2044 imnum
2419 2030 2446 2044 ,η

1289 2066 1442 2119 peperit,
1452 2065 1590 2105 invidia
1607 2064 1812 2103 conciliavit
1826 2064 2004 2109 diadema,
2016 2064 2062 2102 ad
2076 2065 2245 2104 thronum
2261 2070 2288 2086 ¹¹¹
2300 2070 2347 2086 '¹¹³¹
2384 2060 2419 2085 υ*
2430 2072 2448 2085 “·

1290 2126 1486 2179 perduxit,
1506 2136 1611 2177 atque
1631 2126 1684 2163 illi
1704 2125 1772 2177 ipsi
1798 2125 1860 2176 qui
1879 2125 2065 2163 struebant
2098 2126 2247 2165 iusidias

1290 2188 1504 2225 auxiliantes
1518 2195 1773 2239 promoverunt
1784 2185 1830 2224 ad
1844 2186 1942 2224 illius
1957 2188 2097 2239 imperii
2113 2189 2248 2239 magni-

1291 2248 1466 2286 tudinem.
1487 2248 1578 2286 Etis
1603 2246 1750 2298 quidem
1770 2247 1826 2284 cui
1845 2256 1988 2285 siruciae
2004 2248 2141 2286 fuerant
2164 2250 2248 2286 insi-

1290 2307 1360 2345 diae
1379 2321 1530 2357 regnum
1544 2306 1693 2358 adeptus
1711 2315 1762 2343 cst
1776 2322 1783 2341 :
1799 2306 1824 2342 ii
1844 2319 1927 2344 vero
1942 2307 2003 2356 qui
2022 2316 2225 2346 struxerant
2237 2340 2244 2348 .

1292 2369 1489 2406 servierunt
1515 2384 1522 2404 :
1544 2366 1764 2404 adorabatur
1784 2366 1858 2411 ille,
1882 2366 1918 2403 hi
1942 2366 2151 2405 adorarunt.
2175 2370 2245 2406 lta—

1293 2442 1361 2479 que
1394 2442 1475 2466 cum
1497 2427 1580 2464 'tibi
1617 2426 1809 2464 acciderint
1847 2427 1971 2464 acerba
2008 2429 2247 2479 continuaque

1293 2489 1401 2535 mala,
1423 2502 1466 2525 ue
1486 2488 1638 2525 turberis·
1664 2501 1777 2537 neque
1797 2487 1942 2524 moleste
1969 2488 2058 2524 striis
2074 2518 2082 2530 ,
2100 2488 2159 2525 sed
2180 2504 2223 2526 rx
2237 2513 2245 2517 -

1291 2560 1409 2601 specta
1427 2550 1532 2587 finem
1549 2549 1713 2586 :omuino
1728 2548 1906 2597 continget
1921 2547 2060 2597 aliquid
2076 2550 2246 2586 iuuuitim

1292 2612 1368 2648 Deo
1386 2610 1554 2661 dignuin,
1575 2618 1711 2646 tantuin
1736 2609 1763 2645 si
1786 2622 1867 2645 cum
1895 2610 2091 2657 gratian-um
2112 2610 2246 2646 artium·

1292 2672 1382 2708 seras
1415 2686 1492 2720 quii·
1525 2669 1715 2711 nevidunum
1738 2668 2028 2718 quandoquidem
2064 2683 2124 2706 111·1·
2156 2671 2220 2707 isu-
2237 2702 2246 2717 ,

1293 2746 1374 2770 cum
1387 2732 1446 2770 illa
1464 2732 1682 2774 somniasset,
1694 2744 1774 2767 cuin
1794 2730 1827 2766 iu
1839 2738 2038 2767 extremuni
2054 2730 2245 2769 discrimen

1294 2794 1459 2838 venisset,
1481 2808 1562 2830 1-11111
1581 2791 1746 2830 venditus
1762 2806 1780 2827 11
1800 2791 1984 2834 frutribus,
2003 2806 2083 2828 cuin
2104 2792 2149 2829 ab
2164 2793 2244 2830 lirini

1295 2854 1433 2891 insidiis
1452 2852 1808 2905 appetitus,denique
1823 2866 1904 2888 1-11111
1921 2852 1954 2888 iu
1968 2866 2141 2889 carceri-iu
2158 2865 2246 2890 essct

1294 2916 1485 2966 conjectus,
1507 2915 1647 2952 dicebat
1667 2913 1762 2964 apud
1786 2928 1858 2949 srsc
1874 2928 1880 2947 ε
1898 2912 1995 2958 Quid
2020 2912 2158 2950 tundent
2181 2914 2245 2950 lim*

1292 2985 1343 3013 cst
1373 2976 1448 3013 rei?
1468 2976 1668 3013 fefellerunt
1693 2988 1746 3010 iiie
1783 2973 1843 3010 1ΙΙ.1
1866 2973 2005 3009 somnia
2041 2989 2046 3008 :
2069 2973 2194 3011 exsulo
2225 2991 2243 3012 ,ι

1293 3037 1420 3087 patriai,
1442 3037 1612 3088 spoli-itus·
1640 3049 1718 3071 sinu
1743 3034 1906 3070 lilii-rmu-
1922 3063 1930 3078 ,
1955 3043 2098 3084 propter
2131 3036 2243 3072 1)1·11111

1293 3112 1361 3135 uun
1379 3099 1466 3135 cess-i
1486 3098 1576 3134 lii-ra·
1593 3096 1637 3134 ml
1655 3095 1873 3133 adulterium
1897 3095 1948 3131 iux
1961 3095 2082 3138 it.iuti;
2100 3106 2243 3148 'impum-

1293 3159 1502 3210 pudicitiam
1518 3173 1557 3195 ,11-
1577 3173 1588 3195 1
1602 3158 1744 3195 11·11111·111
1757 3156 1804 3192 do
1825 3168 1958 3206 piru-is,
1978 3169 2017 3191 aii·
2040 3170 2081 3192 111·
2100 3157 2149 3193 sic
2166 3159 2245 3207 qui-

1291 3226 1371 3262 drui
1402 3227 1495 3262 ultus
1523 3234 1572 3261 cst
1603 3224 1716 3261 xii-riu
1747 3236 1859 3259 nur-uu
1892 3224 2074 3265 Deus-„uit
2101 3236 2244 3261 manunt

1297 3293 1470 3343 porri-xit,
1487 3292 1543 3329 ml
1564 3305 1686 3343 passus
1705 3298 1753 3326 vsi
1771 3304 1826 3326 1111·
1847 3288 1937 3326 tradi
1960 3289 2112 3327 vinculis
2141 3304 2246 3342 super

1291 3362 1360 3398 :ilia
1381 3361 1459 3397 aliis
1480 3376 1485 3394 t
1506 3358 1722 3396 ixilaiiiimrs
1739 3356 1935 3394 iiiciilriiiiit
1960 3365 2150 3409 perpetua·¹
2167 3365 2243 3408 post

1304 3498 1313 3510 ‘¹
1343 3485 1398 3516 ΑΙιΙ
1418 3489 1504 3516 imm:
1534 3499 1584 3514 w:
