2513 3871
104 717 287 748 Pruna.

102 1733 252 1764 Promia-

106 1783 153 1813 ¹9-

104 2323 180 2352 Gen.
190 2320 292 2355 ¹8.27.

106 2381 130 2401 t.
153 2374 226 2401 Cnr.
246 2374 294 2403 15·

101 2424 131 2451 9.
154 2423 199 2442 ιιι.

116 3186 202 3218 Pml.
214 3193 298 3223 7-10.

115 3308 230 3345 ΙΙνΙιι,,’.
256 3309 288 3337 ΙῙ

117 3367 202 3395 Paul.
235 3367 280 3393 tq.

119 3428 127 3447 1

321 270 435 302 1002

311 353 416 405 quod
443 364 518 388 non
548 348 786 387 revelabitur
813 362 823 382 .-
857 354 894 384 et
919 345 1124 393 occultum,
1157 345 1262 397 quod

312 419 390 442 non
405 407 559 442 scietur.
580 399 718 438 Malum
736 407 787 437 est
805 398 964 437 bominis
977 397 1149 450 probrum
1167 409 1262 435 men-

308 457 451 495 dacium
470 470 478 495 :
500 453 679 504 fugiamus
695 451 743 490 ob
762 451 988 489 mendacium
1003 450 1178 502 objectam
1196 450 1263 487 cri·

308 509 549 554 minationem,
579 519 622 543 ne
648 504 713 542 tibi
745 504 812 556 ipsi
838 503 938 557 apud
965 503 1123 541 amicum
1151 501 1263 541 fidem

306 561 467 610 derogoe,
495 568 535 596 ut
562 572 604 596 ne
632 566 708 595 tum
735 570 878 608 quoque
902 570 985 595 cum
1010 568 1095 594 vera
1122 568 1260 605 narras,

306 628 376 652 non
400 612 557 664 amplius
587 609 676 648 lides
702 609 874 648 habeatur
894 625 902 646 ε
922 623 1004 648 nam
1031 608 1094 659 qui
1125 608 1160 646 in
1192 622 1264 647 uno

305 665 460 704 mendax
480 663 725 717 deprehensus
751 672 817 710 est,
847 676 917 701 non
947 662 1104 714 amplius
1132 661 1264 711 dignus

304 728 354 757 est
369 719 441 764 cui,
463 717 544 755 licet
560 730 643 755 vera
658 714 806 761 dicenti,
824 715 1138 768 credatur.Loqut‘
1156 717 1265 766 justa

304 772 432 822 inquit,
443 779 479 808 et
493 783 674 809 veracem
684 769 932 821 esse,placita
942 777 1032 807 sunt
1048 769 1129 806 Deo
1142 770 1265 819 magis

331 838 422 862 uam
441 825 655 862 hostiarum
668 826 839 874 sanguis.
850 823 994 860 Donum
1010 830 1195 873 acceptum
1211 822 1266 858 of-

303 839 394 915 ?eres
409 879 483 915 neo
500 875 608 914 fidem
620 888 662 914 ac
676 875 875 914 veritatem.
888 874 1007 913 Facile
1033 874 1098 912 tibi
1114 882 1164 912 est
1177 873 1264 911 alio-

303 931 391 980 quin
413 938 451 967 ut
465 943 535 975 res,
554 929 606 966 uti
626 936 721 975 sunt,
737 928 932 980 eloquaris,
954 941 1022 966 non
1042 936 1081 965 ut
1096 941 1166 974 eas,
1182 940 1264 977 quae

304 996 480 1034 nusquam
503 991 599 1029 sunt,
619 981 902 1020 comminiscaris
922 996 929 1017 :
954 994 1022 1019 non
1042 979 1139 1018 enim
1160 979 1265 1017 labo-

304 1035 400 1074 rabis
411 1034 624 1074 connitendo
640 1044 677 1073 ut
694 1048 759 1086 pro
781 1035 931 1072 veritate
949 1032 1174 1072 mendacium
1194 1033 1264 1070 ad-

304 1087 480 1134 mittatur,
501 1101 613 1138 ncque
634 1087 707 1125 ulla
729 1086 764 1124 in
785 1101 823 1125 re
840 1086 982 1126 fatisces
999 1086 1175 1125 contraria
1195 1085 1262 1124 ubi

305 1141 372 1192 ipsi
391 1139 571 1191 loquendo
600 1155 608 1176 ε
632 1154 701 1178 non
721 1139 815 1177 enim
835 1139 904 1177 sibi
927 1139 995 1191 ipsi
1017 1152 1192 1177 consonus
1211 1147 1263 1176 cst

303 1207 419 1231 sermo
438 1192 612 1231 mendax:
633 1205 702 1230 non
722 1191 820 1242 quod
840 1191 922 1235 aliis
943 1191 1156 1243 imposueris
1179 1204 1261 1228 eru·

303 1246 423 1283 besces
443 1254 493 1290 tu,
521 1245 582 1295 qui
604 1248 790 1283 veritatem
811 1243 968 1282 custodis
990 1260 1000 1282 ι
1024 1243 1262 1295 jurejurando

303 1297 373 1335 lide
390 1298 591 1348 digniorem
605 1297 709 1335 amici
731 1306 828 1334 tuam
845 1297 1040 1335 orationem
1054 1295 1261 1342 censebunt,

301 1364 343 1388 ac
362 1350 565 1389 testimonio
580 1350 708 1400 quovis
720 1349 956 1402 jurejurando
973 1349 1116 1387 firmato
1129 1348 1261 1386 certius

302 1403 392 1443 illud
412 1403 507 1454 quod
526 1403 676 1449 dixeris,
700 1411 882 1454 tamquam
896 1402 1034 1453 justum
1054 1411 1088 1440 et
1108 1400 1260 1439 indubi-

303 1465 415 1494 tatum
436 1456 679 1494 testimonium
708 1465 809 1494 tuum
835 1455 1026 1493 admittent
1049 1473 1056 1491 ι
1095 1453 1259 1505 quando-

301 1523 454 1560 cumque
482 1508 528 1547 ad
557 1508 801 1547 testimonium
833 1507 1026 1546 dicendum
1059 1507 1259 1559 prodieris,

303 1564 511 1614 praeclaram
533 1562 680 1613 quidem
711 1561 776 1599 tibi
806 1561 959 1612 gloriam
991 1561 1038 1599 ob
1057 1561 1257 1607 veritatem,

302 1615 526 1653 versantibus
545 1625 664 1654 autem
691 1615 727 1653 in
753 1615 912 1667 periculo
939 1614 1007 1652 reis
1032 1613 1202 1661 salutem,
1227 1623 1260 1652 et

303 1667 434 1718 injuria
446 1669 623 1720 oppressis
636 1669 827 1706 utilitatem
841 1665 1024 1719 injudicio
1038 1667 1259 1706 conciliabis.

304 1722 430 1759 Labia
451 1725 627 1771 veracia,
650 1721 778 1772 inquit,
797 1722 970 1773 dirigunt
999 1722 1259 1758 testimonium

302 1787 438 1812 verum
467 1790 480 1814 .·
504 1778 610 1813 testis
638 1783 768 1813 autem
802 1775 1035 1826 injustorum
1069 1773 1255 1811 dolosus:

303 1826 456 1877 benigno
476 1827 577 1865 vultu
597 1837 630 1866 te
645 1826 874 1865 contuebitur
888 1826 1022 1878 judex,
1044 1834 1149 1876 teque
1161 1825 1258 1864 omni

297 1879 493 1932 judiciaria
520 1880 771 1932 disquisitione
791 1879 974 1918 liberabit.
1000 1879 1259 1917 verumenim-

303 1947 387 1971 vero
411 1933 518 1972 laude
536 1934 643 1985 digna
668 1941 751 1972 sunt
778 1932 877 1986 apud
897 1934 1014 1971 Deum
1046 1931 1260 1970 humilitatis

303 1995 396 2025 recte
414 1987 519 2032 facta,
540 1986 719 2037 siquidem
737 1986 884 2037 exsequi
901 1999 940 2023 ea
960 1985 1149 2038 possimus.
1173 1986 1258 2024 Ete-

303 2039 379 2077 nim
400 2040 505 2078 multi
527 2053 606 2077 cum
627 2039 764 2091 aliquid
783 2039 867 2077 boni
888 2039 1040 2089 egerint,
1059 2038 1260 2091 deprimere

303 2094 512 2144 semetipsos
530 2101 705 2130 conantur
723 2101 852 2145 praetcr
872 2091 984 2143 ipsam
1008 2091 1207 2140 veritatem,
1226 2101 1260 2130 et

305 2146 448 2183 mentiri
469 2154 589 2184 contra
611 2145 744 2197 seipsos
759 2145 910 2183 malunt.
932 2147 974 2182 At
993 2159 1058 2195 ego
1077 2145 1142 2182 tibi
1163 2144 1260 2193 dico,

306 2199 355 2236 mi
390 2199 508 2243 Ιιοιιιυ,
526 2207 565 2235 ιιι
590 2198 774 2237 humiliter
804 2212 869 2251 pro
900 2197 951 2235 rei
980 2198 1130 2236 veritate
1163 2197 1209 2236 de
1228 2207 1262 2236 te

306 2251 393 2289 senti
408 2264 448 2289 :a
480 2250 526 2289 ud
543 2251 607 2289 Dei
622 2266 726 2290 aures
739 2251 890 2289 humilia
903 2250 949 2288 de
964 2260 996 2289 te
1011 2251 1089 2304 ipso
1102 2251 1260 2301 loquere,

307 2304 399 2342 sicut
420 2307 446 2342 Α
478 2305 599 2343 rabam
618 2304 777 2349 dicebat,
798 2305 884 2355 Ego
901 2313 1030 2342 autem
1049 2318 1135 2342 sum
1156 2313 1262 2342 terra

307 2366 343 2395 ee
357 2360 455 2395 cinis
472 2373 483 2397 :
501 2366 538 2395 ut
554 2358 686 2395 Paulus
705 2357 858 2405 dicebat,
874 2358 960 2409 Ego
978 2371 1062 2395 sum
1079 2359 1263 2395 mint'mus

307 2411 565 2459 apostolorum
578 2440 589 2459 ,
623 2412 692 2464 qui
719 2424 795 2449 non
832 2423 917 2449 sum
947 2411 1087 2462 dignus
1121 2413 1262 2448 vocari

307 2465 518 2514 apostolus,
540 2466 633 2515 quia
650 2471 906 2523 persequutus
935 2477 1019 2501 sum
1040 2463 1262 2502 Ecclesiam

310 2520 394 2555 Dei.
417 2518 553 2555 Rursus
567 2526 686 2555 autem
704 2525 889 2554 veritatem
906 2516 1147 2568 proloquutus
1163 2516 1261 2567 adje-

306 2570 368 2617 cit,
394 2571 535 2608 Gratis:
550 2578 680 2608 autem
698 2571 771 2608 Dei
789 2583 874 2607 sum
898 2570 940 2606 id
958 2570 1064 2622 quod
1078 2583 1178 2610 sum.
1196 2569 1262 2608 llis

307 2622 424 2673 itaque
441 2622 491 2661 sic
514 2622 560 2661 ad
580 2622 782 2661 doctrinam
801 2632 957 2662 nostram
984 2622 1180 2674 propositis
1205 2625 1260 2661 si-

307 2676 476 2714 mulatam
497 2675 650 2728 speciem
673 2676 769 2714 omni
791 2689 836 2714 ex
854 2684 955 2727 parte
974 2675 1166 2724 fugiamus.
1188 2676 1262 2714 Cur

306 2729 572 2782 nobismetipsis
593 2729 712 2767 larvas
732 2728 1053 2781 circumponimus,
1075 2742 1156 2766 cum
1176 2729 1260 2767 tales

308 2795 374 2818 non
396 2782 506 2819 simus
524 2783 648 2833 quales
676 2796 740 2820 nos
769 2791 1002 2827 ostentamus,
1030 2781 1118 2819 dum
1148 2791 1262 2820 vestes

307 2834 449 2883 quidem
463 2835 505 2873 ad
522 2845 650 2873 terram
665 2835 842 2873 trahimus
854 2835 889 2872 in
905 2834 1030 2872 habitu
1044 2842 1262 2884 sanctorum,

309 2888 467 2924 moribus
500 2897 618 2926 autem
656 2888 791 2926 efferati
810 2918 819 2932 ,
855 2901 1016 2925 sermone
1046 2887 1191 2938 quidem
1229 2898 1262 2925 et

309 2940 437 2977 amictu
456 2941 579 2986 sancti,
589 2941 708 2979 animo
721 2955 808 2978 vcro
820 2949 854 2979 et
866 2941 1036 2993 operibus
1052 2940 1264 2979 inhumani?

313 2998 385 3035 Non
407 2998 554 3037 vestitus
571 3001 606 3038 in
625 3015 771 3049 regnum
789 3000 955 3038 caelorum
977 2999 1189 3048 introducit,
1204 3000 1264 3038 sed

311 3059 587 3108 npcrajustitiat.
605 3060 681 3097 Non
699 3059 744 3097 ita
761 3059 910 3112 aspiciet
927 3059 1049 3104 Ιιυιιιο,
1068 3067 1105 3096 ιιι
1122 3058 1268 3109 aspiciet

315 3114 409 3151 Deus
434 3132 440 3151 :
465 3117 570 3155 lmmo
589 3117 734 3169 quidem
756 3118 789 3156 in
818 3118 943 3156 facicm
965 3118 1112 3171 aspiciet
1132 3147 1143 3165 ,
1171 3118 1268 3156 Deus

315 3183 429 3211 autem
451 3175 595 3227 aspiciet
626 3176 668 3214 :ul
690 3191 763 3215 cor.
787 3177 974 3215 Scrutaris
1001 3178 1112 3225 enim,
1134 3176 1264 3227 inquit,

319 3232 435 3268 ‹rm-da
451 3243 485 3269 vt
505 3247 610 3271 renes
632 3235 733 3272 Deus
748 3251 761 3272 .·
778 3245 811 3272 et
829 3245 973 3287 propter
985 3250 1065 3274 cum
1082 3236 1142 3286 qui
1160 3235 1271 3283 venit,

296 3331 300 3334 .
322 3297 358 3324 ιιι
377 3289 519 3336 colligat
539 3292 721 3330 hominum
741 3293 995 3342 cogitationes:
1019 3297 1160 3335 Omnia
1175 3294 1267 3332 cuim

323 3347 425 3382 nuda
448 3357 531 3383 sunt
551 3359 584 3384 v!
605 3359 739 3398 apertu
760 3352 881 3388 oculis
900 3354 993 3402 ejus.
1022 3354 1104 3389 Νυιι
1125 3361 1178 3389 est
1203 3355 1269 3404 qui

321 3419 359 3440 ,w
378 3406 584 3441 abnuenda!
600 3421 621 3444 α
638 3409 764 3444 culum·
778 3411 869 3458 ejus.
886 3410 1011 3446 Yvnict
1032 3419 1171 3461 tempus
1185 3424 1265 3447 cuiu

1250 263 1424 294 spuma.

1342 344 1504 396 φύγωμεν
1535 344 1598 391 τὴν
1615 344 1674 384 ἐπὶ
1693 347 1743 397 τῷ
1775 346 1893 397 ψεύδει
1927 345 2092 394 eausam»
2113 362 2119 369 ·
2141 346 2192 397 μὴ
2219 347 2369 396 ποιήσης

1341 397 1490 436 ἄπιστον
1514 398 1565 449 τῷ
1593 397 1684 450 φίλῳ
1713 397 1880 446 σεαυτὸν,
1902 398 1959 437 ἵνα
1979 398 2030 450 μὴ
2045 428 2055 446 ,
2084 398 2145 438 καὶ
2172 399 2229 439 ὅτε
2252 392 2369 445 λαλεῖς

1341 450 1529 498 ἀλήθειαν,
1556 450 1619 488 οὐκ
1647 450 1697 488 ἔτι
1726 450 1897 502 πιστεύσῃ
1914 465 1922 474 ·
1951 453 1970 489 6
1990 451 2060 503 γὰρ
2084 454 2119 491 ἐν
2141 452 2192 490 ἑνὶ
2222 454 2370 505 εὑρεθεὶς

1340 501 1519 554 ψεύστης,
1539 505 1601 542 οὐκ
1635 503 1687 542 ἔτι
1716 504 1809 541 ἐστὶν
1838 503 1932 549 ἄξιος
1962 507 2213 553 πιστευθῆναι,
2230 505 2309 544 οὐδὲ
2328 505 2370 543 ἂν

1341 554 1517 608 α’ληθεύσῃ
1549 555 1648 595 ποτέ.
1676 554 1764 595 Ὀτι
1795 556 1836 595 τὸ
1864 557 1983 596 λαλεῖν
2010 556 2150 603 δίκαια,
2183 558 2288 610 φησὶ,
2310 559 2371 596 καὶ

1343 608 1540 656 ἀληθεύειν,
1557 609 1703 662 ἀρεστὸν
1718 611 1802 660 Θεῷ
1817 610 1950 659 μᾶλλον
1964 609 1985 658 ἢ
1997 612 2124 649 θυσιῶν
2140 604 2370 663 αἷμα.Δῶρον

1342 661 1462 700 δεκτὸν
1486 663 1569 713 Θεῷ
1595 661 1793 726 προσοίσεις
1810 662 1928 702 πίστιν
1958 663 2017 701 καὶ
2047 664 2233 710 ἀλήθειαν·
2264 662 2368 703 εὔκο-

1342 715 1402 752 λον
1419 713 1455 753 δὲ
1470 713 1531 753 καὶ
1547 715 1631 753 αὐτο
1653 729 1708 753 σοι
1727 715 1767 753 τὸ
1784 714 1829 753 τὰ
1848 715 1932 753 ὄντα
1950 717 2090 760 λαλεῖν,
2106 716 2167 754 καὶ
2187 715 2238 767 μὴ
2253 718 2297 755 τὰ
2318 717 2368 767 μὴ

1341 767 1424 805 ὄντα
1442 767 1682 819 τεχνάζεσθαι.
1705 768 1760 806 Οὐ
1775 767 1843 818 γὰρ
1870 768 1988 820 κάμῃς
2005 769 2209 820 βιαζόμενος
2226 769 2266 807 τὸ
2282 771 2370 821 ψεῦ-

1341 820 1396 864 δος
1412 822 1460 864 εἰς
1477 820 1642 867 ἀλήθειαν
1658 850 1668 868 ,
1686 819 1764 859 οὐδὲ
1788 821 1976 873 ἀτονιάσῃς
1992 821 2101 871 μηδὲν
2117 849 2127 867 ,
2143 821 2255 872 λέγων
2270 824 2371 860 ἐναν-

1339 873 1398 911 τία
1418 876 1573 927 σεαυτῷ,
1605 873 1658 912 ὅτι
1691 872 1740 923 μὴ
1758 873 1942 925 σύμφωνος
1969 877 1987 912 6
2016 873 2145 927 ψευδὴς
2163 874 2264 926 λόγος
2282 874 2369 927 πρὸς

1339 926 1462 965 ἑαυτόν
1483 942 1490 950 ·
1520 929 1582 965 οὐκ
1607 925 1823 978 αἰσχυνθήσῃ
1847 926 2062 978 ψευσάμενος
2085 928 2210 971 ἅλλους
2237 925 2279 966 σὺ
2303 927 2368 975 τὴν

1340 980 1506 1026 ἀλήθειαν
1535 980 1718 1032 φυλάττων
1741 992 1748 1000 ·
1770 979 1874 1031 ὅρκου
1907 978 2113 1031 πιστότερον
2139 980 2195 1019 τὸν
2213 979 2315 1032 λόγον
2334 983 2366 1020 οἱ

1339 1032 1432 1085 φίλοι
1471 1033 1669 1083 -ἡγῆσονται
1687 1062 1696 1078 ,
1735 1033 1795 1071 καὶ
1830 1032 1946 1079 πάσης
1988 1032 2130 1084 ἐνόρκου
2177 1032 2371 1086 μαρτυρίας

1340 1085 1562 1138 ἰσχυρότερον
1581 1086 1621 1124 τὸ
1641 1088 1737 1138 ῥῆμα
1754 1086 1793 1124 τὸ
1813 1084 1872 1125 σὸν
1896 1085 2035 1124 δικαίαν
2055 1086 2115 1124 καὶ
2142 1085 2368 1137 ἀναμφισὸή-

1338 1153 1444 1184 τητον
1468 1138 1696 1183 καταδέξεταί
1723 1154 1784 1177 σου
1810 1139 2029 1190 μαρτυρίαν·
2046 1138 2150 1178 ὁπότε
2185 1140 2369 1192 μαρτυρή-

1338 1206 1408 1234 σεις
1427 1191 1610 1241 παρελθὼν
1622 1220 1632 1238 ,
1650 1191 1749 1237 δόξαν
1776 1190 1840 1241 μὲν
1861 1194 1998 1245 σεαυτῷ
2017 1191 2210 1239 καλλίστην
2226 1191 2283 1230 ἐπὶ
2303 1193 2366 1240 τὴν

1338 1243 1525 1289 ἀλήθειαν,
1550 1243 1727 1296 σωτηρίαν
1758 1245 1792 1282 δὲ
1821 1244 2074 1283 κινδυνεύουσιν
2096 1245 2156 1283 καὶ
2174 1245 2367 1295 ἀδικουμέ-

1336 1310 1406 1339 νοις
1435 1296 1607 1347 ὠφέλειαν
1631 1298 1666 1333 ἐν
1697 1296 1914 1349 δικαστηρίῳ
1938 1296 2125 1348 προξενῶν.
2143 1296 2255 1343 Χείλη
2275 1299 2367 1346 ἀλη-

1337 1347 1435 1395 θινὰ,
1460 1347 1544 1399 φησὶ
1559 1378 1567 1395 ,
1585 1351 1748 1401 κατορθοῖ
1775 1348 1970 1400 μαρτυρίαν
1989 1350 2103 1396 ἀληθῆ
2117 1364 2125 1373 ·
2139 1351 2158 1387 6
2177 1349 2212 1388 δὲ
2235 1349 2367 1401 μάρτυς

1336 1401 1406 1438 τῶν
1439 1400 1569 1438 ἀδίκων
1611 1401 1724 1444 δόλιος
1740 1415 1747 1422 ·
1782 1402 1906 1455 ὄψεταί
1934 1417 1974 1440 σε
2005 1401 2172 1449 δικαστὴς
2206 1403 2368 1450 ἀσμένως

1337 1453 1571 1492 ἀπαλλάττων
1606 1456 1669 1501 τῆς
1704 1454 1785 1505 περὶ
1815 1454 1878 1502 τὴν
1915 1454 2016 1500 δίκην
2049 1455 2239 1502 ζητήσεως.
2260 1455 2367 1495 Ἀλλὰ

1335 1506 1404 1559 γὰρ
1427 1507 1609 1546 ἐπαινετὸν
1629 1506 1726 1558 παρὰ
1751 1507 1880 1558 Κυρίου
1905 1511 1968 1555 τῆς
1985 1523 2153 1561 ταπεινοφ
2177 1508 2302 1556 οσύνης
2325 1510 2367 1548 τὸ

1335 1559 1568 1611 κατόρθωμα,
1596 1561 1627 1598 εἰ
1659 1560 1859 1611 δυνηθῶμεν
1878 1562 2112 1613 κατορθῶσαι.
2181 1561 2277 1600 ολλοὶ
2300 1561 2364 1612 μὲν

1334 1606 1393 1651 οὖν
1426 1612 1711 1665 κατορθώσαντές
1739 1629 1775 1651 τι
1805 1614 1954 1664 ἀγαθὸν,
1991 1614 2132 1658 ἑαυτοὺς
2162 1615 2364 1665 σμικρύνειν

1336 1666 1518 1716 βούλονται
1543 1665 1642 1717 παρὰ
1668 1665 1733 1712 τὴν
1758 1667 1944 1714 ἀλήθειαν,
1966 1667 2152 1732 ιψεύδεσθαι
2177 1668 2255 1706 καθ’
2285 1670 2364 1707 ἐαυ-

1333 1721 1402 1756 τῶν
1430 1718 1635 1769 βουλόμενοι
1661 1721 1808 1769 μᾶλλον.
1828 1719 1925 1770 'ti-(80
1947 1720 1984 1758 δε
2002 1735 2057 1758 σοι
2073 1720 2184 1771 λέγω,
2200 1719 2287 1773 πρὸς
2300 1720 2364 1768 τὴν

1334 1770 1502 1817 ἀλήθειαν
1521 1771 1858 1824 ταπεινοφρόνησον,
1878 1773 2038 1826 ἄνθρωπε
2052 1788 2061 1796 ·
2077 1774 2127 1817 εἰς
2145 1772 2254 1816 ἀκοὰς
2270 1774 2364 1813 Θεοῦ

1334 1825 1434 1863 λάλει
1453 1825 1534 1876 περὶ
1556 1827 1702 1866 σεαυτοῦ
1731 1825 1900 1871 ταπεινὰ,
1922 1828 1968 1868 ὡς
1990 1829 2009 1864 6
2034 1825 2197 1877 Ἀδραὰμ
2227 1825 2361 1877 ἔλεγεν·

1334 1877 1431 1929 Ἐγὼ
1450 1877 1488 1916 δέ
1507 1880 1580 1927 εἶμι
1595 1881 1640 1929 γῆ
1656 1877 1716 1916 καὶ
1730 1878 1857 1922 σποδός
1869 1894 1877 1902 ·
1895 1879 1943 1922 ὡς
1956 1879 2096 1922 Παῦλος
2111 1879 2228 1928 ἔλεγεν
2239 1894 2247 1903 ·
2268 1879 2366 1930 Ἐγώ

1335 1932 1410 1981 εἶμι
1432 1933 1450 1968 6
1471 1930 1654 1983 ἐλάχιστος
1676 1933 1746 1969 τῶν
1764 1931 1971 1970 ἀποστόλων
1984 1960 1993 1975 .
2014 1932 2050 1975 ὃς
2068 1934 2130 1971 οὐκ
2149 1932 2222 1981 εἰμὶ
2248 1933 2366 1976 ἱκανὸς

1335 1986 1517 2023 καλεῖσθαι
1549 1983 1760 2028 ἀπόστολος,
1783 1985 1871 2023 διότι
1896 1983 2019 2028 ἐδίωξα
2055 1985 2117 2032 τὴν
2146 1983 2365 2032 Ἐκκλησίαν

1335 2040 1394 2075 τοῦ
1417 2039 1524 2076 Θεοῦ.
1544 2037 1658 2076 Πάλιν
1680 2036 1716 2074 δὲ
1741 2037 1920 2084 ἀληθεύων
1947 2037 2124 2088 ἐπήγαγεν
2143 2051 2152 2060 ·
2172 2038 2301 2089 Χάριτι
2328 2038 2364 2077 δὲ

1335 2092 1429 2129 Θεοῦ
1458 2089 1531 2139 εἰμὶ
1561 2090 1582 2130 ὅ
1608 2092 1692 2140 εἰμι.
1712 2090 1858 2128 Τούτων
1889 2090 1926 2128 δὲ
1949 2089 2040 2128 οὕτω
2077 2091 2163 2143 πρὸς
2190 2091 2365 2143 ἡμετέραν

1335 2143 1564 2182 διδασκαλίαν
1600 2143 1840 2194 προκειμένων
1873 2143 2113 2196 πανταχόθεν,
2140 2143 2303 2196 φύγωμεν
2326 2145 2367 2183 τὸ

1335 2195 1552 2235 ἐπίπλαστον
1583 2200 1724 2248 σχῆμα.
1753 2195 1801 2234 Τί
1835 2202 2041 2248 προσωπεῖα
2062 2199 2198 2241 ἑαυτοῖς
2227 2212 2365 2250 περιτι-

1336 2249 1482 2300 θέαμεν,
1501 2249 1550 2299 μὴ
1577 2249 1670 2293 ὄντες
1697 2253 1845 2288 τοιοῦτοι
1875 2249 1965 2293 οἵους
1985 2249 2126 2293 ἑαυτοὺς
2152 2250 2366 2290 ἐπιδεικνύο-

1337 2318 1422 2353 μεν,
1449 2302 1526 2346 τοὺς
1553 2303 1616 2352 μὲν
1649 2305 1802 2354 χιτῶνας
1829 2301 1935 2355 μέχρι
1965 2306 2028 2349 τῆς
2055 2306 2119 2355 γῆς
2145 2302 2307 2348 ἕλκοντες
2330 2306 2365 2342 ἐν

1336 2356 1496 2407 σχήματι
1517 2356 1643 2407 ἁγίων,
1666 2356 1723 2394 τὸν
1750 2355 1785 2393 δὲ
1810 2356 1937 2407 τρόπον
1969 2355 2204 2407 ἠγριωμένοι,
2222 2358 2273 2410 τῷ
2302 2356 2366 2408 μὲν

1335 2410 1429 2461 λόγῳ
1445 2408 1504 2447 καὶ
1520 2412 1562 2460 τῇ
1578 2410 1685 2460 στολῇ
1707 2408 1812 2459 ἅγιοι,
1828 2410 1871 2460 τῇ
1893 2407 1928 2447 δὲ
1947 2408 2071 2461 γνώμῃ
2091 2408 2150 2447 καὶ
2165 2414 2237 2451 τοῖς
2254 2409 2366 2462 ἔργοις

1338 2463 1582 2513 ἀπάνθρωποι;
1605 2462 1800 2512 Στολισμὸς
1822 2463 1884 2500 οὐκ
1901 2462 2032 2512 εἰσάγει
2045 2465 2091 2505 εἷς
2111 2461 2292 2514 βασιλείαν
2310 2463 2368 2501 οὗ·

1339 2518 1472 2567 ρανῶν,
1490 2516 1568 2553 ἀλλ’
1585 2514 1670 2568 ἔργα
1693 2514 1926 2560 δικαιοσύνης.
1945 2517 2025 2567 Οὐχ
2037 2514 2146 2559 οὕτως
2164 2515 2286 2567 ὄψεται
2304 2515 2364 2554 ἄν·

1337 2573 1474 2620 θρωπος
1493 2570 1540 2611 ὡς
1555 2568 1677 2621 ὄψεται
1696 2568 1786 2611 Θεός
1805 2580 1813 2589 ·
1828 2568 2009 2617 ἄνθρωπος
2029 2568 2092 2618 μὲν
2111 2571 2160 2613 εἷς
2177 2568 2365 2619 πρόσωπον

1335 2622 1473 2686 ὄψεται,
1483 2623 1500 2659 6
1512 2621 1548 2659 δὲ
1561 2621 1651 2665 Θεὸς
1662 2622 1710 2665 εἰς
1726 2620 2048 2673 καρδίανἺῧτάζων
2058 2621 2139 2674 γὰρ,
2151 2621 2270 2686 φησιν.
2282 2636 2368 2675 καρ-

1338 2675 1413 2718 διας
1429 2674 1489 2713 καὶ
1503 2673 1648 2741 νεοροὺς
1663 2678 1681 2712 6
1701 2674 1792 2717 Θεός
1804 2674 1916 2711 ·“καὶ
1935 2673 1991 2711 διὰ
2007 2675 2064 2712 τὸν
2081 2676 2269 2726 ἐρχομενον
2286 2689 2366 2712 συν-

1338 2732 1482 2779 αγαγεῖν
1514 2741 1592 2770 τους
1615 2726 1803 2777 λογισμοὺς
1826 2729 1894 2764 τῶν
1920 2726 2134 2777 avom-nm·
2157 2725 2280 2765 Πάντα
2298 2727 2367 2779 γὰρ

1337 2781 1451 2831 γυμνὰ
1472 2780 1531 2818 καὶ
1543 2779 1847 2831 τετραχηλισμένα
1866 2784 1936 2822 τοῖς
1950 2779 2141 2830 ὀφθαλμοῖς
2153 2780 2274 2818 αὐτοῦ·
2290 2780 2368 2819 Οὐκ

1339 2836 1388 2871 ἔνι
1410 2826 1736 2884 ἀποκρυὸἦναιτῆς
1765 2832 1895 2883 θέρμης
1915 2833 2030 2870 αὑτοῦ.
2046 2831 2149 2876 ἽΙξει
2171 2832 2292 2884 καιρὸς
2309 2832 2369 2872 ὅτε

1338 2887 1378 2924 τὸ
1401 2891 1618 2938 προσωπεῖον
1639 2890 1739 2924 τοῦτο
1755 2886 1856 2938 ῥίψας
1874 2885 2002 2935 γυμνὸς
2022 2885 2205 2937 εὓρεθήση,
2219 2885 2279 2923 καὶ
2291 2886 2368 2924 τότε

1340 2939 1403 2991 ἔσῃ
1436 2938 1686 2990 αἰσχυνόμενος
1713 2940 1859 2989 ὀφθῆναι
1897 2940 1947 2988 τῷ
1980 2938 2160 2990 προσώπῳ
2175 2930 2251 2976 1τοῖ’»
2277 2940 2373 2978 Θεοῦ

1340 2995 1387 3035 ὡς
1412 2995 1430 3031 6
1459 2992 1570 3040 Ἀδὰμ
1595 2991 1764 3030 ἐκπεσών.
1785 2991 1883 3030 Ἐκεῖ
1907 2992 1950 3043 γὲι
1992 2994 2054 3030 οὐκ
2074 2991 2125 3029 ἔτι
2152 2995 2277 3043 σχῆμα
2305 2993 2369 3038 ζη-

1342 3051 1475 3092 τεῖται,
1493 3044 1584 3083 ἀλλὰ
1606 3045 1701 3097 ἔργα.
1724 3038 1813 3084 ἶΏδε
1835 3043 1897 3094 μὲν
1929 3008 1998 3095 γῐρ
2029 3044 2199 3088 πολλάκις
2226 3045 2370 3082 πλανῶ-

1344 3115 1407 3149 μεν
1423 3129 1431 3143 ‚
1452 3099 1511 3136 καὶ
1541 3100 1774 3150 διαφεύγομεν
1792 3097 1848 3135 τὸν
1866 3096 2008 3148 ἔλεγχον
2021 3126 2031 3143 ,
2062 3097 2120 3134 καὶ
2153 3096 2210 3135 διὰ
2229 3099 2290 3135 τοῦ
2309 3111 2371 3135 σε·

1346 3155 1431 3203 μνοῧ
1451 3152 1634 3204 σχήματος
1653 3149 1845 3202 φαινόμεθα
1869 3151 1916 3192 ὡς
1945 3150 2086 3193 δίκαιοι,
2107 3149 2166 3187 καὶ
2199 3149 2371 3193 πολλάκις

1345 3198 1635 3257 μακαριζόμεθα·
1660 3206 1731 3243 ἐκεῖ
1759 3201 1795 3240 δὲ
1822 3204 1884 3240 οὐκ
1911 3201 1961 3240 ἔτι
1986 3203 2035 3241 ἔνι
2063 3202 2274 3255 ψεύσασθαι·
2299 3203 2371 3241 ἐκεῖ

1343 3257 1388 3295 τὰ
1407 3257 1492 3308 ἔργα
1513 3260 1690 3302 ζητεῖται,
1709 3257 1769 3294 οὐκ
1787 3255 1838 3293 ἔτι
1862 3255 1902 3293 τὸ
1920 3255 2046 3304 σεμνὸν
2067 3257 2190 3307 σχῆμα
2207 3268 2214 3276 ·
2237 3256 2370 3305 μᾶλλον

1344 3310 1378 3349 δὲ
1401 3311 1539 3359 μείζονα
1562 3310 1624 3355 τὴν
1647 3310 1792 3347 κόλασιν
1813 3307 1872 3346 καὶ
1889 3308 1928 3346 το
1947 3309 2150 3360 κατάκριμα
2166 3308 2310 3358 ἱξομιν,
2330 3308 2370 3346 τὸ

1343 3365 1406 3413 μὲν
1425 3366 1546 3414 σχιῆμα
1561 3363 1598 3401 τὸ
1612 3362 1738 3412 σεμνὸν
1750 3360 1970 3413 φορίσαντες,
1991 3362 2032 3398 τὸ
2051 3360 2086 3398 δὲ
2108 3361 2192 3411 ἔργα
2204 3363 2263 3398 τοῦ
2283 3360 2368 3412 σχή-

1342 3431 1449 3465 ματος
1468 3416 1516 3464 μὴ
1537 3417 1763 3461 πονήσαντες.
1787 3414 1906 3452 Ἄκουε
1927 3418 1986 3451 τοῦ
2005 3414 2168 3464 Σωτῆρος
2184 3413 2263 3464 περὶ
2279 3413 2366 3451 Ἰου-

321 3463 384 3500 lmr
403 3462 535 3511 abjecta
554 3478 562 3514 Ι
578 3478 695 3500 crum·
716 3466 830 3503 nucius
849 3468 1047 3517 reperieris.
1067 3478 1211 3519 ttuuquc
1230 3478 1265 3505 ut
1295 3479 1316 3509 Ε
1341 3470 1443 3506 δαίων
1470 3469 1531 3517 μὶν
1552 3470 1723 3519 λίγοντος,
1749 3468 1832 3516 πρὸς
1856 3471 1947 3515 ἡμᾶς
1967 3466 1999 3504 δὲ
2029 3467 2255 3504 διδασκαλίαν
2277 3480 2364 3515 προ-
