2549 3825
690 243 920 273 ADVERSUS
955 243 1309 274 OPPUGNATORES
1347 245 1459 275 VtTAE
1495 246 1698 276 MONAST.
1738 248 1823 277 Lm.

1864 250 1928 278 m.
2235 253 2322 296 1¹0

282 329 358 365 πεῖν
385 327 447 364 οὐκ
479 324 690 375 ἐτόλμησεν·
725 325 884 363 ἐδεδοίκει
915 324 983 376 γὰρ
1015 325 1063 374 μή
1093 340 1176 363 ποτε
1214 326 1297 364 αὐτὸ
1322 331 1346 361 C
1370 336 1464 366 statu
1493 328 1676 366 florentem
1704 328 1837 367 videre.
1868 331 2003 368 Verum
2035 330 2073 368 id
2095 331 2188 382 patri
2207 331 2324 370 dicere

277 391 377 425 τοῦτο
395 385 614 438 ὑφορώμενος
629 387 768 433 ἐκεῖνος,
783 385 851 437 πρὸ
866 384 960 437 ὥρας
978 386 1080 423 αὐτὸν
1094 385 1160 432 ἤδη
1186 401 1296 423 κατα-

275 446 366 497 δήσῃ
384 448 454 490 τοῒς
473 449 532 484 τοῦ
556 445 632 496 βίου
653 446 830 498 σχοινίοις,
855 446 914 484 καὶ
932 446 1062 491 ταύτης
1088 446 1189 484 αὐτὸν
1210 450 1296 486 ἀπο·

273 507 404 554 στήσας
423 509 484 553 τῆς
497 508 661 554 σπουδῆς,
679 507 736 546 ἐπὶ
754 507 817 554 τὴν
847 507 959 555 ζώνην
988 507 1129 560 ἀγάγοι,
1147 507 1207 546 καὶ
1231 508 1293 555 τὴν

271 567 307 612 ἐξ
323 566 455 614 ἐκείνης
477 567 648 620 ῥᾳθυμίαν
665 567 818 615 ἅπασαν,
838 567 897 605 καὶ
926 568 1094 605 ἀδύνατον
1114 569 1211 620 αὐτῷ
1231 567 1294 615 τὴν

274 628 363 680 μετὰ
380 632 491 666 ταῦτα
510 628 757 680 κατασκευάσῃ
775 628 967 681 διόρθωσιν.
990 628 1139 681 Ἑτέραν
1165 628 1202 666 δέ
1217 645 1295 667 τινα

274 689 452 736 συντίθησι
489 688 666 741 μηχανήν·
700 689 880 728 καλέσασα
909 690 978 742 γάρ
1012 705 1056 740 με
1087 690 1199 736 οἴκοι,
1235 690 1296 728 καὶ

273 754 385 789 ταῦτα
403 749 520 788 πάντα
538 750 780 800 κοινωσαμένη
791 780 802 798 ,
826 750 885 788 καὶ
901 755 962 790 τοῦ
980 750 1120 789 παιδίου
1137 751 1295 790 λαὸοῧσα

273 811 336 858 τὴν
357 810 484 857 δεξιὰν,
506 813 581 854 ταῖς
598 812 699 861 ἐμαῖς
717 810 869 857 ἐντίθησι
895 811 1027 863 χερσίν.
1056 811 1117 856 Ὡς
1142 812 1176 850 δὲ
1197 811 1296 862 ἠρώ-

273 888 341 910 των
369 871 458 915 τίνος
489 871 605 910 ἕνεκεν
634 876 743 910 ταῦτα
771 874 881 919 ποιεῖ,
913 872 996 922 μίαν
1016 873 1148 919 ταύτην
1177 873 1294 926 ἔλεγεν

274 932 524 971 ὑπολείπεσθαι
539 932 702 985 μηχανὴν
717 935 800 983 ἡμῖν
824 932 910 984 πρὸς
925 933 989 980 τὴν
1007 937 1068 971 τοῦ
1084 934 1207 977 παιδὸς
1220 949 1295 971 σω-

274 993 419 1046 τηρίαν,
452 996 481 1032 εἷ
508 993 712 1046 βουληθείην
738 1010 776 1032 τε
804 994 863 1032 καὶ
892 994 1111 1046 ἀνασχοίμην
1140 996 1175 1033 ἐν
1202 995 1297 1040 τάξει

273 1056 499 1107 παιδαγωγοῦ
515 1055 555 1093 τὸ
577 1055 716 1093 παιδίον
739 1054 857 1092 λαὸὼν
879 1056 988 1094 ἐλθεῖν
1010 1056 1142 1096 ἐνθάδε·
1162 1055 1295 1095 πείσειν

273 1116 342 1167 γὰρ
359 1115 467 1163 αὐτὴν
481 1115 537 1154 τὸν
550 1116 702 1168 πατέρα,
721 1119 768 1159 ὡς
786 1116 846 1154 καὶ
873 1116 929 1155 τὸν
946 1118 1198 1170 στρατιωτικὸν
1216 1120 1292 1157 ἑλο-

276 1177 369 1230 μένῳ
401 1176 473 1228 βίον
503 1177 678 1230 χρήσιμος
710 1179 803 1229 αὐτῷ
828 1181 896 1216 τῶν
921 1178 1033 1230 λόγων
1053 1183 1076 1226 ἠ
1099 1178 1294 1223 παίδευσις.

275 1238 334 1276 Ἂν
354 1232 412 1276 οῧν
431 1242 532 1277 τοῦτο
553 1240 696 1291 ἰσχῦσαι
721 1240 875 1287 δυνηθῶ,
893 1239 997 1292 φησὶ,
1013 1239 1215 1290 καταμόνας
1233 1242 1295 1278 αὗ-

274 1300 332 1338 τὸν
352 1299 441 1352 ἔχων
456 1300 576 1338 λοιπὸν
592 1299 650 1338 ἐπὶ
664 1302 726 1346 τῆς
752 1299 938 1352 ἀλλοτρίας
952 1330 961 1347 ,
988 1300 1066 1340 οὔτε
1087 1305 1146 1339 τοῦ
1164 1302 1296 1353 πατρὸς

277 1362 517 1412 ἐνοχλοῦντος,
545 1360 623 1398 οὔτε
646 1363 715 1398 τῶν
741 1360 876 1398 οἰκείων
900 1361 990 1405 τινὸς
1006 1392 1016 1409 ,
1045 1361 1135 1411 μετὰ
1161 1364 1295 1408 πολλῆς

278 1421 380 1460 αὐτὸν
400 1425 462 1468 τῆς
486 1421 641 1466 ἐξουσίας
660 1422 852 1460 διαπλάσαι
878 1422 1006 1473 δυνήσῃ
1020 1453 1029 1469 ,
1054 1422 1114 1460 καὶ
1137 1422 1295 1475 καθάπερ

277 1485 311 1521 ἐν
332 1482 555 1535 μοναστηρίῳ
575 1482 751 1534 διάγοντα,
765 1481 855 1520 οὕτω
869 1485 1015 1529 ποιῆσαι
1032 1485 1104 1534 ζῇν.
1117 1483 1211 1522 Ἀλλ’
1226 1484 1298 1522 ἐπί-

276 1559 394 1582 νευσον
416 1543 476 1581 καὶ
499 1543 653 1595 ὑπόσχου
674 1543 713 1581 τὸ
731 1543 1045 1595 συνυποκρίνασθαί
1071 1559 1131 1594 μοι
1153 1545 1192 1582 τὸ
1212 1545 1298 1597 δρᾶ-

276 1619 338 1653 μα.
370 1606 446 1642 Οὐκ
465 1602 558 1640 ἔστιν
590 1603 679 1655 ὑπὲρ
717 1606 785 1641 τῶν
820 1604 995 1656 τυχόντων
1023 1608 1041 1642 ὃ
1072 1604 1171 1656 λόγος
1205 1606 1294 1655 ἐμοί·

274 1664 361 1716 ὑπὲρ
379 1667 442 1710 τ’ἧς
462 1668 523 1702 τοῦ
553 1665 691 1703 παιδίου
714 1680 779 1714 μου
801 1665 916 1716 ψυχῆς
934 1667 951 1702 ὁ
980 1665 1073 1716 ἀγὼν
1094 1665 1152 1703 καὶ
1175 1668 1192 1703 ὃ
1217 1665 1298 1704 κίν-

273 1726 382 1769 δυνος.
417 1725 479 1772 Μὴ
515 1725 555 1772 δὴ
589 1725 749 1778 περιίδῃς
779 1726 837 1764 τὸν
867 1726 1008 1764 πάντων
1029 1726 1107 1777 ἐμοὶ
1129 1726 1295 1778 φίλτατον

272 1787 512 1826 κινδυνεύοντα
524 1817 535 1833 ,
557 1786 634 1825 ἀλλ’
653 1787 848 1837 ἐξάρπασον
870 1787 972 1825 αὐτὸν
991 1787 1060 1833 ἤδη
1080 1790 1149 1825 τῶν
1167 1787 1296 1826 παντο·

272 1851 328 1886 θεν
343 1847 592 1900 περικειμένων
616 1849 710 1900 αὐτῷ
727 1850 849 1898 παγῶν
865 1877 875 1896 ,
895 1851 959 1894 τῆς
979 1847 1105 1895 ζάλης,
1130 1851 1191 1886 τοῦ
1210 1850 1295 1888 κλυ-

272 1909 406 1948 δωνίου.
436 1911 480 1948 Εἰ
497 1910 532 1948 δὲ
559 1912 597 1948 οὐ
614 1909 723 1953 θέλεις
748 1910 864 1947 δοῦναι
890 1908 952 1956 τὴν
979 1909 1096 1962 χάριν,
1126 1909 1184 1948 τὸν
1204 1911 1295 1949 Θεὸν

271 1970 339 2016 ἤδη
357 1973 454 2010 καλῶ
472 1970 578 2021 μέσον
596 1972 697 2020 ἡμῶν
711 2001 720 2018 ,
739 1970 799 2009 καὶ
822 1969 1047 2023 μαρτύρομαι
1066 1971 1120 2009 ὅτι
1141 1971 1208 2023 ἐγὼ
1230 1972 1292 2022 μὲν

271 2032 366 2070 οὐδὲν
391 2031 545 2071 ἐνέλιπον
568 2033 637 2069 τῶν
660 2033 708 2075 εἷς
725 2030 789 2078 τὴν
811 2031 987 2083 σωτηρίαν
1005 2034 1067 2077 τ’ῆς
1088 2031 1209 2070 τούτου
1225 2034 1293 2084 ψυ-

270 2096 336 2146 χῆς
350 2093 525 2140 ἡκόντων,
549 2093 629 2131 ἀλλ’
653 2093 725 2145 εἰμὶ
745 2093 882 2146 καθαρὰ
898 2093 967 2131 ἀπὸ
985 2096 1044 2130 τοῦ
1067 2092 1214 2143 αἵματος
1233 2099 1293 2132 τοῦ

271 2154 408 2193 παιδίου
428 2155 561 2194 τούτου·
586 2157 615 2192 εἷ
636 2154 671 2192 δὲ
698 2154 853 2205 συμὸαίη
874 2170 908 2192 τι
930 2156 1052 2192 παθεῖν
1077 2155 1203 2201 αὐτὸν,
1223 2149 1292 2194 οἷον

271 2216 360 2260 εἰκὸς
379 2216 452 2255 νέον
473 2216 555 2255 ὅντα
571 2215 631 2254 καὶ
648 2218 682 2254 ἐν
704 2214 856 2268 τοσαύτῃ
882 2218 996 2260 ζῶντα
1012 2219 1124 2268 τρυφῇ
1146 2215 1204 2253 καὶ
1226 2220 1292 2270 ῥᾳ-

269 2277 395 2332 θυμίᾳ,
417 2278 485 2316 ἀπὸ
501 2281 561 2315 σοῦ
577 2276 637 2314 καὶ
655 2279 723 2315 τῶν
748 2279 816 2315 σῶν
842 2279 971 2328 χειρῶν
997 2277 1089 2315 κατὰ
1111 2276 1174 2324 τὴν
1195 2278 1288 2327 ἡμέ-

270 2353 331 2388 ραν
350 2340 483 2384 ἐκείνην
500 2338 686 2384 ἐκζητήσει
701 2341 759 2375 τοῦ
779 2338 920 2376 παιδίου
938 2337 1059 2376 τούτου
1082 2338 1144 2384 τὴν
1172 2338 1289 2390 ψυχὴν

267 2403 285 2437 ὃ
304 2400 405 2443 Θεός.
423 2401 549 2438 Ταῦτα
567 2399 627 2437 καὶ
647 2398 692 2436 τὰ
706 2398 835 2436 τούτων
852 2397 997 2436 πλείονα
1016 2402 1207 2449 προσθεῖσα
1227 2400 1287 2453 ῥή-

270 2475 364 2510 ματα
379 2491 388 2508 ,
410 2459 469 2498 καὶ
490 2459 693 2511 δακρύσασα
708 2460 864 2511 σφοδρῶς
881 2458 940 2496 καὶ
962 2460 1117 2502 ἐλεεινῶς
1129 2459 1288 2505 ,ἔπεισεν

269 2520 499 2565 ἀναδέξασθαί
522 2536 564 2571 με
586 2519 714 2567 ταύτην
740 2519 804 2565 τὴν
825 2520 1068 2571 πραγματείαν
1083 2550 1092 2564 ,
1119 2521 1178 2558 καὶ
1199 2522 1288 2572 μετὰ

268 2582 399 2620 τούτων
426 2581 598 2634 ἐξέπεμψε
619 2584 688 2618 τῶν
707 2583 866 2618 ἐντολῶν.
890 2581 959 2618 Καὶ
981 2582 1018 2618 οὐ
1041 2581 1178 2632 γέγονεν
1200 2585 1288 2634 αὐτῇ

270 2644 416 2694 μάταιος
436 2645 458 2689 ἦ
480 2642 624 2694 μηχανή
643 2656 649 2664 ·
673 2641 750 2680 ἀλλ’
767 2641 875 2685 οὕτως
899 2644 934 2680 ἐν
957 2644 1084 2694 βραχεῖ
1100 2642 1215 2696 χρόνῳ
1231 2644 1288 2682 τὸν

269 2705 377 2743 παῖδα
399 2708 520 2742 τοῦτον
542 2707 559 2742 ὁ
579 2706 733 2754 γενναῖος
757 2705 885 2746 ἐκεῖνος
904 2702 1058 2750 ἤσκησε,
1080 2704 1138 2741 καὶ
1166 2709 1289 2743 τοσοῦ-

267 2782 325 2804 τον
346 2767 440 2819 αὐτῷ
468 2768 530 2812 τῆς
558 2765 743 2816 ἐπιθυμίας
775 2764 904 2812 ταύτης
935 2767 1045 2817 ἀνῆψε
1065 2765 1104 2803 τὸ
1133 2769 1222 2818 πῦρ,
1243 2769 1289 2809 ὡς

266 2826 386 2878 ἀθρόον
407 2826 546 2864 ἅπαντα
574 2827 694 2878 ῥῖψαι,
715 2825 774 2864 καὶ
799 2826 857 2864 ἐπὶ
877 2826 940 2872 τὴν
966 2826 1096 2879 ἔρημον
1116 2828 1262 2878 δραμεῖν
1277 2858 1287 2873 ,

267 2887 326 2926 καὶ
349 2887 467 2941 ἐτέρου
499 2889 632 2925 δεῖσθαι
660 2888 805 2939 χαλινοῦ
833 2888 940 2925 πάλιν
971 2892 1032 2926 τοῦ
1053 2888 1287 2939 δυνησομένου

267 2948 351 3000 πρὸς
370 2948 432 2994 τὴν
453 2947 652 2999 σύμμετρον
673 2948 776 2988 αὐτὸν
792 2948 940 2995 ἄσκησιν
964 2949 1034 2986 ἀπὸ
1053 2952 1114 2995 τῆς
1134 2951 1288 2986 ἐπιτετα-

268 3010 373 3060 μένης
390 3014 404 3030 ‘¹
423 3008 660 3060 μεταστρέψαι
689 3009 833 3055 ἐκείνης.
865 3009 935 3047 Καὶ
962 3010 1029 3062 γὰρ
1049 3004 1090 3055 ἦν
1123 3010 1215 3054 δέος,
1237 3010 1286 3059 μὴ

267 3073 309 3119 τῇ
329 3072 461 3123 σπουδῇ
476 3070 582 3122 ταύτῃ
603 3070 671 3123 πρὸ
693 3076 814 3122 καιροῦ
834 3072 873 3109 τὸ
892 3074 1008 3124 δρᾶμα
1034 3072 1263 3124 ἀποκαλύψας
1277 3103 1284 3115 ,

266 3130 324 3168 καὶ
343 3134 385 3182 τῇ
404 3131 509 3183 μητρὶ
529 3131 587 3168 καὶ
606 3133 656 3182 τῷ
675 3134 909 3183 παιδαγιιιγῷ,
931 3132 989 3170 καὶ
1006 3140 1077 3176 τοῖς
1105 3136 1286 3185 πανταχοῦ

271 3197 435 3243 μοναχοῖς
465 3192 616 3242 πόλεμον
647 3192 763 3244 ἐγείρῃ
793 3193 959 3244 χαλεπόν.
993 3195 1033 3231 Ei
1063 3194 1130 3244 γὰρ
1164 3194 1289 3244 ᾔσθετο

271 3251 397 3298 ταύτης
426 3255 488 3299 τῆς
516 3256 625 3304 φυγῆς
648 3256 666 3292 ὁ
685 3252 827 3305 πατὴρ,
848 3257 909 3291 οὐκ
943 3253 983 3291 ἂν
1013 3254 1146 3301 ἀπέστη
1170 3255 1285 3292 πάντα

321 3390 332 3403 ··
355 3380 409 3412 ste
427 3380 493 3414 ‹luu
512 3382 588 3413 Mss.
614 3381 702 3414 l‘lditi
723 3394 799 3415 vvw
819 3387 1015 3427 ἆηοιιιρέριι,
1037 3383 1142 3415 :uiuus
1160 3381 1348 3414 sommo-tv.

1321 1671 1345 1701 E

1310 2623 1341 2649 2³8

1370 401 1439 426 non
1457 403 1542 427 ausa
1558 397 1623 437 est,
1643 389 1754 428 verita
1774 404 1832 438 ne,
1852 390 1883 428 si
1898 389 1936 428 id
1954 390 2013 429 ille
2028 391 2320 442 subodoraretur,

1368 461 1579 502 praemature
1596 451 1701 489 illum
1728 452 1849 490 saeculi
1868 452 2023 491 vinculis
2042 454 2233 505 obligaret,
2264 464 2323 492 at-

1370 525 1437 560 que
1457 511 1502 548 ab
1522 511 1589 549 hoc
1609 511 1728 549 studio
1747 512 1944 550 abductum
1964 513 2011 551 ad
2030 514 2189 552 balteum
2205 524 2321 553 trans-

1368 571 1494 618 ferret,
1522 581 1555 609 et
1574 571 1621 609 ad
1639 586 1780 610 omnem
1807 587 1886 623 quae
1906 573 1988 611 inde
2013 575 2112 625 sequi
2131 576 2218 613 solet
2236 576 2321 614 vitae

1369 632 1620 683 negligentiam
1634 663 1645 683 ,
1667 634 1715 671 ita
1733 642 1772 671 ut
1790 643 1912 685 postea
1933 636 2114 674 emendari
2133 646 2165 674 et
2181 637 2227 674 ad
2246 652 2322 675 me-

1368 694 1494 732 liorem
1510 709 1546 733 se
1561 695 1700 746 frugem
1712 696 1869 748 recipere
1884 710 1951 734 non
1965 698 2088 748 possit.
2104 699 2321 750 Hujusmodi

1369 755 1482 806 igitur
1508 765 1582 794 arte
1601 757 1716 794 utitur
1732 773 1739 795 :
1755 766 1878 795 evocat
1898 771 1954 794 me
1974 757 2123 796 domum
2139 789 2149 805 ,
2184 760 2321 811 hocque

1369 817 1543 868 patefacto
1559 817 1725 865 consilio,
1744 818 1999 870 apprehensam
2019 820 2120 871 pueri
2138 820 2320 859 dexteram

1369 877 1536 915 manibus
1556 878 1667 916 tradit
1686 880 1785 917 meis.
1803 880 1864 917 Me
1881 880 2080 918 sciscitante
2096 895 2159 918 cur
2178 882 2244 919 hoc
2265 883 2321 920 fa-

1371 947 1463 975 ceret
1479 968 1488 985 ,
1512 952 1619 976 unam
1634 969 1646 985 ,
1670 939 1786 990 inquit
1803 969 1812 986 ,
1835 939 1926 977 hanc
1946 954 2128 992 superesse
2149 942 2322 981 rationem

1371 998 1605 1051 procurandae
1631 999 1708 1037 filio
1735 1000 1883 1049 salutis,
1917 1001 1948 1038 si
1982 1002 2111 1040 vellem
2136 1003 2322 1056 paedagogi

1371 1068 1502 1098 statum
1517 1074 1698 1098 assumens
1717 1061 1785 1098 filii
1805 1075 1928 1099 curam
1947 1075 2104 1111 sumere,
2125 1072 2158 1101 et
2173 1063 2244 1103 huc
2263 1079 2323 1103 ac-

1369 1121 1492 1159 cedere
1512 1136 1520 1157 :
1540 1135 1576 1159 se
1604 1122 1698 1174 patri
1725 1136 1910 1160 suasuram
1938 1137 2026 1172 esse,
2051 1124 2157 1162 etiam
2184 1126 2236 1172 ei,
2261 1127 2322 1177 qui

1369 1181 1537 1220 militiam
1555 1182 1655 1220 adire
1671 1183 1769 1232 velit,
1786 1184 1911 1222 utilem
1925 1198 1998 1222 esse
2014 1185 2198 1225 literarum
2219 1186 2322 1225 insti·

1369 1242 1554 1281 tutionem.
1578 1244 1661 1282 Haec
1677 1257 1741 1295 ego
1759 1274 1768 1292 ,
1791 1244 1908 1295 inquit
1923 1274 1932 1292 ‚
1953 1245 1980 1283 si
2001 1246 2140 1284 efficere
2159 1256 2322 1299 potuero,

1367 1312 1406 1341 tu
1427 1317 1584 1341 seorsum
1605 1313 1638 1342 et
1658 1304 1694 1342 in
1711 1304 1825 1342 aliena
1842 1304 1963 1352 domo,
1984 1306 2047 1344 ubi
2065 1321 2127 1344 nec.
2145 1316 2243 1359 pater
2259 1322 2324 1346 nec

1366 1363 1598 1402 familiarium
1613 1364 1790 1416 quispiam
1807 1366 1928 1403 turbas
1940 1380 2080 1405 movere
2092 1370 2214 1419 possit,
2231 1383 2326 1407 sum-

1371 1439 1429 1462 ma
1459 1425 1561 1462 illum
1589 1425 1755 1463 facultate
1774 1426 1927 1464 formare
1956 1428 2107 1478 poteris,
2141 1429 2324 1480 vitamque

1371 1486 1447 1536 ejus
1477 1486 1526 1523 ita
1546 1486 1732 1534 ordinare,
1762 1501 1801 1524 ac
1820 1486 1847 1524 si
1876 1487 1912 1525 in
1933 1490 2145 1527 monasterio
2165 1489 2319 1541 degeret.

1371 1547 1547 1584 Caeterum
1567 1561 1682 1584 annue
1698 1547 1805 1594 mihi,
1827 1561 1866 1584 ac
1882 1547 1917 1584 in
1934 1558 2070 1600 partem
2086 1549 2324 1589 simulationis

1372 1620 1511 1644 mecum
1528 1607 1649 1644 venire
1662 1621 1704 1645 ne
1717 1607 1886 1658 graveris.
1900 1609 1980 1645 Non
1998 1623 2106 1660 parva
2121 1624 2176 1648 res
2191 1612 2324 1662 agitur,

1371 1666 1416 1705 de
1449 1668 1516 1705 filii
1542 1668 1660 1705 anima
1684 1677 1860 1705 certamen
1887 1677 1938 1706 est
1965 1684 2005 1707 ac
2032 1671 2234 1722 periculum
2255 1689 2262 1709 :
2282 1687 2324 1711 ne

1370 1743 1516 1780 spernas
1533 1730 1756 1768 carissimum
1768 1730 1857 1767 mihi
1877 1731 2036 1769 omnium
2051 1732 2324 1784 periclitantem,

1369 1789 1430 1827 sed
1449 1791 1545 1843 eripe
1559 1790 1662 1828 illum
1679 1806 1696 1828 a
1714 1791 1977 1843 circumpositis
1996 1793 2156 1844 undique
2172 1794 2321 1845 laqueis,

1370 1865 1389 1888 a
1419 1860 1642 1903 tempestate,
1672 1865 1690 1889 a
1712 1852 1893 1890 fluetibus.
1921 1854 1984 1891 Sin
2008 1868 2091 1892 vero
2114 1863 2152 1892 tu
2173 1856 2323 1905 gratiam

1368 1922 1535 1963 praestare
1550 1913 1718 1961 nolueris,
1732 1914 1848 1950 Deum
1858 1914 1932 1964 jam
1949 1914 1983 1951 in
1997 1915 2153 1953 medium
2167 1917 2322 1968 appello,

1369 1983 1562 2025 testemque
1587 1988 1675 2012 voco
1697 1988 1752 2011 me
1780 1974 1870 2010 nihil
1891 1988 2012 2012 eorum
2037 1976 2215 2025 omisisse,
2244 1992 2322 2028 qua:

1367 2035 1413 2072 ad
1433 2035 1541 2087 hujus
1559 2035 1685 2072 animae
1705 2034 1856 2072 salutem
1878 2036 2073 2074 necessaria
2090 2046 2200 2082 erant,
2222 2052 2322 2076 mun-

1367 2097 1520 2148 damque
1540 2111 1614 2135 esse
1633 2111 1652 2134 a
1677 2097 1851 2148 sanguine
1878 2097 1979 2147 pueri
2006 2097 2129 2150 hujus.
2165 2099 2272 2144 Quod
2291 2101 2320 2137 si

1367 2157 1452 2208 quid
1471 2157 1657 2209 contigerit
1675 2157 1777 2194 illum
1794 2157 1868 2208 pati
1886 2171 2023 2206 eorum,
2043 2173 2135 2209 quae,
2159 2174 2267 2211 puero
2281 2161 2318 2198 iu

1365 2219 1472 2257 tantis
1484 2219 1623 2257 deliciis
1636 2219 1717 2257 etin
1730 2228 1825 2256 tanta
1843 2219 2058 2270 negligentia
2075 2220 2227 2263 vivente,
2241 2236 2319 2260 cuu-

1364 2281 1498 2331 tingere
1528 2289 1689 2332 possunt,
1721 2280 1785 2318 abs
1812 2290 1845 2318 te
1875 2280 1937 2318 illa
1957 2281 2016 2318 die
2040 2283 2139 2333 pueri
2163 2284 2318 2321 animam

1363 2341 1519 2391 requiret
1536 2342 1644 2378 Deus.
1662 2340 1724 2378 His
1740 2350 1772 2378 et
1788 2341 1954 2393 pluribus
1969 2342 2075 2380 etiam
2090 2343 2207 2381 verbis
2221 2359 2315 2382 eom-

1363 2403 1500 2454 pelluns
1518 2432 1527 2447 ,
1558 2402 1784 2439 vehementer
1811 2416 1852 2440 ac
1884 2403 2134 2442 miserabiliter
2163 2406 2314 2458 illacry-

1363 2477 1484 2509 mans,
1505 2463 1594 2500 mihi
1614 2463 1757 2500 taudem
1778 2464 1968 2514 persuasit,
1992 2474 2030 2502 ut
2047 2465 2113 2503 hoe
2133 2469 2313 2518 negotium

1362 2524 1596 2576 susciperem,
1624 2538 1663 2560 ac
1683 2537 1764 2560 cum
1787 2523 1842 2560 his
1862 2523 2039 2561 mandatis
2058 2539 2113 2563 me
2140 2527 2184 2564 ab
2204 2542 2240 2564 se
2257 2528 2312 2566 di-

1364 2586 1472 2623 misit.
1507 2586 1578 2622 Nec
1607 2595 1698 2621 vau-'t
1730 2584 1781 2621 illi
1801 2584 1867 2621 fuit
1889 2584 1964 2622 lure
1994 2586 2209 2625 machinatio
2233 2603 2240 2625 :
2262 2589 2310 2627 ita

1363 2647 1454 2684 euim
1494 2646 1590 2682 brevi
1626 2659 1773 2696 puerum
1806 2645 1969 2695 egregius
2008 2646 2067 2684 ille
2096 2648 2311 2701 paedagogus

1363 2707 1532 2750 exercuit,
1557 2715 1763 2755 tantumque
1783 2705 1817 2742 iu
1835 2720 1875 2741 co
1893 2706 2008 2756 iguem
2028 2707 2194 2748 desiderii
2214 2711 2310 2749 itlius

1363 2768 1536 2813 accendit,
1561 2776 1594 2803 ut
1612 2775 1735 2803 cuncta
1753 2766 1859 2803 simul
1876 2767 2059 2817 abjiceret,
2079 2778 2186 2820 utque
2204 2771 2239 2809 iu
2252 2772 2311 2810 ‹le-

1363 2835 1495 2863 sertum
1517 2826 1698 2873 aufugeret
1713 2854 1721 2867 ,
1742 2824 1882 2874 :ilioque
1902 2838 2026 2862 rursus
2052 2827 2223 2878 iudi-geret
2243 2832 2310 2868 sw-

1363 2901 1422 2931 uo,
1441 2886 1535 2937 qumi
1557 2886 1656 2922 illum
1674 2900 1692 2922 .·ι
1711 2884 1969 2922 uehonti-unione
1986 2886 2045 2924 illa
2061 2890 2311 2930 exercitatione

1361 2947 1407 2984 ud
1430 2946 1698 2984 unuh-rariorem
1721 2944 1930 2982 traduceret.
1970 2948 2131 2998 Namque
2150 2961 2309 2989 metucu-

1362 3008 1449 3046 dum
1472 3017 1541 3044 erat
1557 3037 1565 3050 ,
1587 3021 1627 3043 m·
1648 3015 1742 3042 tuum
1761 3006 1822 3042 illo
1841 3006 1959 3044 studio
1975 3018 2054 3045 autc
2072 3019 2210 3062 tempus
2228 3012 2309 3051 ‹lra-

1365 3085 1419 3107 um
1442 3079 1551 3106 tntum
1576 3068 1762 3110 revelaret,
1788 3076 1818 3103 vt
1842 3068 1964 3110 υκαι-ἰ,
1992 3070 2185 3122 paula-gogo
2205 3083 2311 3125 atque

1362 3131 1526 3168 omuibus
1548 3129 1680 3178 uinique
1698 3128 1877 3165 numa-*his
1898 3129 2030 3167 lwllum
2049 3132 2217 3171 excitu-vt
2235 3150 2310 3184 gm-

1364 3192 1562 3229 vissiuuuu.
1594 3191 1681 3226 Num
1702 3190 1728 3226 si
1752 3198 1849 3241 pater
1870 3190 1968 3228 illam
1988 3193 2147 3231 sensisset
2171 3196 2305 3246 fugam,

1364 3266 1556 3303 iuuuquam
1575 3250 1767 3289 destitisset
1787 3252 1904 3289 eunii-¹
1926 3266 2089 3300 numere,
2117 3264 2152 3292 ut
2174 3267 2310 3295 sauctus
