2253 3830
70 273 149 305 Vll!
816 262 873 292 DE
909 262 947 290 B·
988 260 1045 290 DE
1081 259 1387 291 MONTt-‘Atjcox

70 353 254 407 publicare
282 350 422 388 animus
449 355 524 392 est,
554 358 633 396 quae
655 342 810 395 alicujus
833 351 915 380 sunt
937 342 1132 380 momenti:
1153 351 1279 380 caetera
1307 349 1427 379 autem
1452 339 1570 392 inepta
1598 348 1704 392 atque
1730 341 1866 390 futilia,
1894 349 2017 395 utpote
2040 341 2151 394 digna

67 415 246 462 tenebris,
278 414 408 451 intacta
442 408 648 448 manebunt.
676 407 733 446 Ex
764 406 809 443 iis
834 418 920 443 vero
944 405 1100 458 spuriis,
1116 419 1197 456 quae
1225 403 1384 443 Savilius
1410 412 1445 441 et
1470 403 1603 442 Fronto
1621 404 1777 442 Ducaeus
1801 405 1875 456 jam
1906 404 2043 457 publici
2059 403 2156 460 juns

66 481 242 524 fecerant,
261 476 400 513 nullum
417 469 759 525 praetermittendum
779 467 971 515 duximus,
986 482 1029 506 ne
1048 468 1135 520 quid
1169 468 1205 506 in
1236 466 1393 505 editione
1422 474 1542 504 nostra
1558 465 1756 505 desiderari
1776 466 1960 506 videretur
1985 483 1992 503 :
2011 465 2152 504 tametsi

68 542 162 579 inter
182 540 258 586 illa,
282 537 437 590 plurima
458 543 551 573 certe
570 543 651 572 sunt
669 533 748 572 luce
768 531 916 584 indigna
934 562 944 580 ‚
961 546 1040 583 quae
1062 545 1163 570 nemo
1183 544 1291 569 sanus
1318 530 1392 567 sine
1414 528 1598 567 stomacho
1626 529 1742 582 legere
1769 530 1891 582 possit.
1917 531 1990 568 Nec
2005 530 2102 568 venit
2119 528 2155 567 in

67 612 219 642 mentem
239 615 304 639 cur
324 599 497 646 Savilius,
526 598 588 649 qui
604 596 716 635 multa
734 594 910 647 ejusmodi
930 595 1047 632 futilia
1079 594 1265 647 opuscula,
1283 606 1439 644 quorum
1466 592 1670 644 catalogum
1687 592 1762 644 ipse
1778 593 1892 630 texuit
1909 622 1919 639 ,
1937 606 1974 630 se
1995 591 2156 645 consulto

67 666 175 703 missa
209 663 331 702 secisse
361 661 572 715 profitetur,
591 668 641 697 tot
671 658 758 696 alias
792 656 1000 709 hujusmodi
1034 670 1166 695 merces
1192 655 1294 694 nobis
1319 653 1512 700 obtulerit,
1534 667 1623 705 quas
1659 667 1742 692 sane
1767 655 1906 692 aeternis
1931 653 2058 705 dignas
2083 667 2158 692 esse

65 728 225 777 tenebris
241 740 344 766 nemo
364 739 433 764 non
460 725 622 762 fateatur.
642 721 685 761 ld
716 720 813 759 haud
831 720 946 758 dubie
959 720 1091 759 accidit
1109 750 1120 769 ,
1142 719 1225 770 quia
1252 719 1288 756 in
1318 726 1413 756 tanta
1445 730 1596 770 operum
1627 717 1756 769 sylva,
1771 716 1806 754 in
1838 725 1935 755 tanto
1953 716 2159 755 orationum

66 792 242 839 decursu,
266 805 336 830 non
355 805 420 843 par
438 802 578 840 semper
596 795 648 824 est
674 785 817 824 animus
837 798 949 836 neque
974 784 1068 823 idem
1094 782 1437 835 mentisjudiciique
1458 782 1560 821 situs.
1576 782 1702 833 Neque
1717 781 1803 820 satis
1821 780 2016 820 babuimus
2035 781 2158 834 spuria

67 868 87 892 a
108 854 286 907 germanis
312 852 575 905 segregavisse5
609 848 655 887 ad
686 850 857 902 majorem
879 849 1014 901 quippe
1041 847 1307 886 distinctionem
1327 846 1389 884 illa
1420 845 1466 884 ad
1487 845 1594 884 finem
1615 845 1788 897 cujusque
1804 844 2000 884 voluminis
2017 844 2159 897 ablega·

70 918 191 956 vimus
213 931 254 955 ac
273 916 464 955 minutiore
483 915 686 952 charactere
705 913 762 951 edi
795 913 1004 951 curavimus
1021 942 1031 960 ,
1060 911 1183 949 habita
1211 920 1386 962 quantum
1418 909 1521 948 licuit
1554 909 1756 961 argumenti
1785 908 1920 947 ratione
1938 924 1947 946 ε
1964 923 2035 948 non
2062 909 2159 947 enim

72 996 213 1034 semper
227 995 267 1019 ea
282 995 361 1031 quae
381 993 449 1017 una
468 978 558 1016 serie
577 976 742 1029 ponenda
757 975 977 1015 videbantur
993 975 1118 1013 eodem
1149 976 1184 1012 in
1217 984 1313 1013 tomo
1332 975 1446 1012 locare
1473 974 1676 1026 potuimus,
1697 987 1740 1010 ne
1754 972 1864 1010 nimia
1880 972 1972 1010 soret
1989 971 2154 1011 volumi-

70 1047 126 1084 nis
146 1045 268 1084 moles.
290 1043 408 1082 Dubia
429 1056 511 1080 vero
531 1055 636 1093 opera
649 1070 658 1088 ‚
675 1054 755 1092 quae
771 1053 839 1077 non
863 1053 976 1092 parvo
991 1048 1073 1077 sunt
1092 1053 1242 1077 numero
1255 1069 1264 1084 ,
1280 1037 1327 1076 ad
1342 1038 1475 1076 calcem
1493 1037 1646 1089 γνησίων
1665 1035 1788 1075 eadem
1807 1035 2024 1074 characteris
2046 1035 2159 1074 forma

71 1109 274 1162 posuimus,
291 1105 485 1159 praemissis
501 1103 810 1143 admonitionibus
828 1111 862 1140 et
883 1102 1002 1140 allatis
1020 1101 1213 1140 dubitandi
1232 1101 1361 1140 causis.

1048 1254 1195 1307 §xvir

181 1391 243 1428 De
255 1390 380 1427 variis
399 1387 628 1425 lectionibus
647 1392 765 1434 atque
786 1384 887 1421 notis
901 1411 912 1430 ,
933 1383 1058 1433 deque
1079 1384 1235 1419 monitis
1258 1409 1268 1427 ‚
1287 1395 1374 1432 quoe
1393 1382 1447 1419 ad
1464 1382 1623 1433 singula
1642 1395 1761 1433 opera
1777 1384 2050 1433 praemisimus,

127 1521 256 1560 Varias
278 1519 448 1558 lectiones
472 1532 518 1556 ex
538 1515 794 1569 manuscriptis
812 1524 931 1554 erutas
955 1516 990 1553 in
1011 1515 1082 1553 ima
1107 1515 1236 1568 pagina
1266 1514 1451 1567 posuimus
1474 1529 1531 1553 eas
1548 1515 1662 1553 solum
1677 1545 1688 1565 ,
1711 1529 1792 1567 quae
1819 1515 1973 1569 alicujus
1992 1514 2162 1554 momenti

73 1599 148 1623 esse
169 1584 405 1623 videbantur:
423 1596 504 1619 nam
523 1611 533 1628 ,
562 1581 591 1618 si
607 1594 729 1618 omnes
751 1580 826 1618 sine
851 1579 991 1617 delectu
1013 1578 1251 1618 edidissemus
1265 1609 1275 1625 ‚
1304 1579 1340 1616 in
1361 1578 1509 1616 nimiam
1536 1578 1667 1616 molem
1686 1579 1785 1617 nullo
1804 1593 1919 1631 operae
1946 1579 2061 1631 pretio
2088 1593 2161 1617 cre-

73 1651 184 1687 visset
202 1661 313 1700 opus,
337 1644 434 1696 quod
455 1646 532 1696 jam
553 1643 719 1695 quemvis
737 1643 950 1692 scriptorem
979 1643 1148 1680 Graecum
1177 1642 1270 1680 mole
1289 1651 1445 1693 superat.
1466 1643 1577 1680 Notas
1597 1643 1764 1695 ponimus
1780 1643 1926 1690 breves,
1945 1643 2007 1681 ubi
2025 1656 2164 1681 necesse

73 1711 242 1750 ducimus
260 1723 358 1750 esse:
379 1710 408 1747 si
426 1723 496 1759 qua
516 1721 598 1746 vero
618 1708 789 1759 majorem
810 1706 997 1756 requirunt
1013 1705 1328 1757 disquisitionem,
1347 1721 1386 1745 ea
1409 1705 1453 1743 ad
1478 1706 1649 1744 trutinam
1665 1708 1919 1744 examinantur
1934 1706 1970 1744 in
1987 1705 2135 1744 monitis
2149 1736 2160 1752 ,

74 1790 152 1825 quae
172 1775 207 1812 in
224 1776 338 1813 fronte
357 1774 532 1824 cujusque
550 1771 636 1809 libri
658 1771 714 1808 vel
732 1770 890 1807 homiliae
915 1770 1183 1822 praemittuntur
1202 1786 1209 1806 :
1234 1785 1271 1808 re
1293 1779 1408 1808 tamen
1440 1770 1489 1808 sic
1518 1779 1732 1821 temperata,
1752 1779 1790 1807 ut
1810 1784 1892 1807 cnm
1921 1769 2042 1822 plures
2069 1769 2163 1822 ejus·

70 1838 152 1874 dem
172 1836 375 1888 argumenti
392 1835 560 1873 continua
579 1833 670 1871 serie
690 1842 872 1885 ponuntur
887 1832 1078 1879 orationes,
1102 1846 1214 1869 unum
1236 1847 1299 1884 pro
1321 1832 1365 1869 iis
1385 1831 1555 1869 omnibus
1575 1841 1610 1869 et
1631 1831 1784 1883 singulis
1802 1832 1978 1869 monitum
1998 1832 2034 1869 in
2049 1831 2165 1871 fronte

75 1900 207 1952 prioris
222 1899 375 1938 locetur.
399 1900 488 1944 Quae
511 1896 660 1947 quidem
681 1895 814 1933 monita
845 1894 991 1942 lectori,
1011 1903 1049 1931 ut
1076 1908 1200 1946 spero,
1231 1909 1293 1933 nec
1317 1895 1455 1946 ingrata
1487 1908 1549 1932 nec
1566 1894 1709 1932 inutilia
1739 1895 1858 1932 sutura
1878 1902 1974 1933 sunt.
2005 1894 2163 1933 Multum

75 1963 171 2000 enim
188 1964 294 2014 juvat
313 1959 359 1998 ad
373 1959 647 2010 intelligentiam
664 1956 821 1994 homilia²
846 1957 900 1994 vel
923 1956 1115 2003 orationis,
1133 1956 1162 1993 si
1183 1970 1251 2006 qua
1281 1957 1487 2004 occasione,
1510 1970 1581 2007 quo
1608 1966 1785 2009 tempore,
1805 1971 1825 1994 a
1844 1955 1976 2007 quibus
1996 1955 2165 1994 inductus

75 2033 194 2062 orator
217 2037 256 2060 ea
285 2021 330 2059 de
348 2035 386 2058 re
418 2021 624 2058 concionem
651 2018 838 2066 habuerit,
859 2018 968 2056 lector
985 2017 1197 2056 edidicerit:
1219 2027 1252 2056 et
1272 2019 1300 2056 si
1321 2033 1399 2069 quse
1420 2019 1594 2070 legentem
1615 2018 1747 2056 morari
1767 2027 1929 2070 poterant
1943 2047 1953 2066 ,
1974 2026 2164 2069 antequam

75 2086 181 2125 lectio
199 2086 348 2124 adeatur
362 2115 371 2131 ,
394 2084 633 2136 explicentur.
655 2082 752 2120 lllud
768 2096 853 2120 vero
873 2081 1050 2120 commodi
1072 2082 1105 2119 in
1125 2082 1225 2133 prius
1245 2082 1350 2119 editis
1379 2096 1526 2134 prorsus
1561 2081 1847 2121 desiderabatur.
1878 2083 1919 2120 In
1950 2080 2049 2118 hisce
2080 2094 2162 2118 mo-

77 2151 162 2189 nitis
179 2164 247 2188 non
269 2150 510 2199 infrequenter
531 2163 548 2185 a
568 2147 792 2186 Tillemontii
813 2147 985 2184 sententia
1006 2146 1232 2184 deflectimus
1253 2162 1262 2194 ;
1281 2146 1362 2184 lieet
1386 2149 1481 2184 enim
1502 2146 1578 2198 ejus
1597 2146 1641 2183 ad
1663 2145 1849 2183 historiam
1878 2144 2164 2183 Ecclesiasticam

78 2213 328 2252 illustrandam
348 2213 596 2250 concinnatum
617 2225 707 2262 opus
729 2210 846 2261 magni
870 2210 1042 2247 faciamus
1057 2239 1066 2254 ‚
1079 2223 1147 2246 nou
1169 2223 1280 2261 pauca
1301 2218 1416 2247 tamen
1436 2218 1532 2257 sunt,
1547 2209 1582 2247 in
1601 2208 1731 2260 quibus
1748 2222 1829 2246 cum
1844 2222 1863 2245 a
1882 2221 1966 2245 vero
1985 2207 2166 2246 aberrasse

78 2287 260 2330 putamus.
278 2276 382 2313 Certe
400 2277 627 2312 accuratione
646 2273 705 2311 ille
721 2287 761 2311 ac
782 2272 969 2323 diligentia
990 2271 1123 2309 nemini
1142 2271 1302 2309 com-edit
1321 2286 1329 2309 :
1348 2272 1466 2310 omnia
1484 2272 1518 2309 in
1540 2271 1696 2308 medium
1713 2271 1830 2317 affert,
1848 2270 1988 2321 singula
2003 2269 2166 2317 discutit,

79 2340 171 2378 nibil
191 2339 326 2377 omittit
342 2351 485 2382 eorum,
502 2351 580 2387 qua:
597 2335 643 2373 ad
662 2350 734 2373 rem
758 2350 826 2386 qua
841 2334 886 2372 de
904 2335 1025 2386 agitur
1041 2333 1299 2386 explorandam
1319 2335 1503 2372 conserunt
1524 2349 1532 2379 3
1558 2348 1576 2371 a
1597 2332 1827 2385 pra‘judicata
1847 2332 2015 2385 opinione
2033 2333 2168 2371 mirum

79 2412 252 2454 quantum
270 2405 316 2439 sit
331 2402 482 2439 alienus.
507 2399 700 2450 injudicio
717 2408 831 2436 tamen
854 2398 996 2436 serendo
1016 2412 1084 2435 non
1115 2412 1254 2450 semper
1284 2399 1359 2450 pari
1388 2398 1558 2436 felicitate
1580 2396 1760 2449 procedit3
1782 2395 1842 2434 sed
1871 2405 1954 2434 tunc
1983 2395 2090 2434 etiam
2121 2395 2169 2434 ob

78 2465 303 2518 diligentiam
324 2464 422 2502 utilis
442 2463 498 2501 vel
521 2463 564 2500 iis
583 2463 644 2514 qui
665 2461 855 2500 adversam
891 2470 1037 2499 tuentur
1075 2461 1294 2513 opinionem.
1314 2461 1368 2499 Ad
1398 2461 1473 2498 baec
1501 2475 1584 2498 veru
1601 2474 1679 2511 quze
1695 2459 1740 2497 de
1758 2461 1893 2498 Joanne
1912 2459 2169 2511 Chrysostomo

79 2529 141 2567 itte
160 2529 369 2581 scripserat,
382 2527 447 2565 diu
478 2536 555 2579 post
585 2527 661 2578 ejus
680 2526 819 2563 obitum
843 2534 924 2562 sunt
953 2525 986 2562 in
1017 2525 1132 2562 lucem
1163 2524 1309 2574 emissa;
1327 2539 1389 2562 nee
1406 2523 1523 2576 potuit
1542 2538 1579 2561 ea
1598 2553 1608 2572 ,
1628 2537 1708 2574 quae
1725 2523 1842 2560 minus
1861 2531 2024 2560 accurate
2055 2522 2169 2574 posita

80 2600 194 2635 erant,
217 2589 475 2643 posterioribus
496 2589 592 2626 curis
621 2588 765 2628 sarcire.

137 2654 269 2691 Varias
290 2654 456 2690 lectiones
490 2661 521 2690 et
549 2661 649 2689 notas
661 2651 806 2689 lle-urici
828 2650 957 2688 Savilii
981 2659 1014 2688 ct
1044 2650 1232 2688 Frontonis
1249 2650 1371 2687 Dncmi
1392 2662 1460 2687 non
1478 2648 1631 2698 integras
1646 2647 1774 2685 damus
1791 2662 1798 2683 :
1816 2660 1898 2684 nam
1915 2660 1958 2683 ex
1972 2645 2170 2686 Savitianis

86 2716 178 2753 notis
197 2715 318 2752 multae
339 2717 464 2751 (lrzeca
488 2713 685 2765 respiciunt
707 2711 935 2750 restauranda
949 2741 958 2759 ,
980 2726 1057 2762 qua}
1077 2726 1158 2749 cum
1179 2711 1225 2749 ad
1247 2710 1353 2747 iidem
1379 2710 1703 2761 manuscriptmwn
1730 2710 1803 2761 jam
1824 2723 1842 2745 a
1863 2707 1966 2746 nobis
1984 2706 2170 2745 emendata

84 2779 239 2823 suerint,
254 2791 424 2829 quorsum
446 2777 514 2814 illae
537 2786 645 2820 notre,
664 2776 729 2813 nisi
752 2785 790 2814 ut
816 2777 889 2827 jam
915 2784 1032 2813 actum
1067 2774 1243 2826 agendum
1281 2788 1354 2811 esse
1375 2774 1571 2811 moneant?
1592 2774 1690 2810 Nota·
1708 2787 1790 2810 vero
1812 2770 2060 2809 Frontonianae
2076 2769 2171 2816 illae,

87 2854 167 2890 quae
185 2839 228 2877 de
248 2838 457 2887 corrigenda
477 2838 766 2891 interpretatione
787 2837 910 2874 Latina
939 2837 1050 2873 veteri
1071 2836 1225 2886 agebant
1244 2837 1345 2885 (Jsunt
1362 2844 1479 2871 autcin
1499 2834 1629 2871 eardem
1648 2835 1732 2886 ipsa¹
1750 2847 1896 2870 numero
1918 2831 2040 2869 muttae
2053 2834 2080 2878 >,
2097 2830 2173 2881 jam

88 2917 235 2955 prorsus
255 2902 398 2939 inutiles
417 2911 551 2950 essent,
572 2901 716 2952 quando
735 2915 773 2938 ea
793 2900 847 2938 vel
869 2899 1055 2937 emendata
1070 2899 1137 2935 suit
1150 2927 1159 2944 ,
1173 2898 1228 2937 vel
1246 2899 1371 2949 rejecta
1388 2912 1488 2935 nova·
1506 2896 1790 2949 interpretationi
1808 2896 1926 2933 locum
1944 2892 2058 2932 dedit.
2076 2891 2175 2930 Alias

89 2966 174 3003 item
197 2966 384 3003 Frontonis
405 2965 526 3003 Ducaei
547 2974 667 3009 notas,
689 2966 724 3003 in
745 2964 879 3015 quibus
897 2962 996 3001 varia
1017 2961 1265 3015 Chrysostomi
1286 2960 1359 2998 loca
1382 2960 1426 2998 ad
1449 2960 1542 2999 idem
1560 2968 1810 3011 argumentum
1830 2956 2023 3008 spectantia
2043 2968 2175 3006 conge-

90 3028 160 3075 rit,
181 3027 335 3080 exempli
359 3042 462 3065 causa
479 3041 560 3064 eum
581 3027 626 3064 de
641 3027 798 3078 jejunio,
817 3025 862 3064 de
877 3024 1128 3069 matrimonio,
1153 3023 1199 3061 de
1219 3023 1424 3060 humilitate
1444 3022 1586 3073 agitur:
1606 3023 1684 3059 illas
1698 3052 1707 3067 ‚
1728 3022 1872 3071 iuquam
1890 3049 1898 3063 ,
1921 3026 2021 3056 notas
2038 3015 2175 3069 pariter

91 3091 383 3141 pra-termisimus
401 3107 407 3126 :
427 3099 713 3140 quantacumque
729 3088 822 3127 enim
841 3086 1047 3140 hujusmodi
1063 3086 1169 3124 simul
1186 3094 1377 3138 ponantur,
1399 3084 1433 3121 id
1453 3098 1648 3135 numquam
1669 3092 1763 3121 tanta
1785 3080 2008 3118 accuratione
2026 3087 2176 3131 praesta-

92 3151 213 3196 bitur,
232 3162 361 3203 quanta
393 3153 426 3189 in
461 3152 582 3191 lndicc
616 3152 790 3203 generali,
813 3151 874 3189 ubi
903 3150 1020 3189 omnia
1046 3150 1191 3189 omnino
1219 3149 1293 3186 lora
1323 3147 1366 3184 ad
1396 3147 1489 3185 idem
1519 3155 1768 3197 argumentum
1786 3143 1996 3197 pertinentia
2016 3141 2084 3179 sub
2103 3154 2176 3179 uno

91 3224 280 3267 conspectu
301 3214 523 3252 locabuntur.
538 3215 727 3252 llrevitatis
750 3214 860 3265 igitur
879 3227 982 3251 causa
998 3221 1097 3250 notas
1110 3211 1237 3250 Savilii
1252 3220 1283 3248 et
1300 3210 1489 3248 Frontonis
1508 3209 1706 3259 delegimus
1721 3238 1729 3254 ‚
1745 3206 1834 3245 etad
1854 3205 1984 3243 calcem
2003 3205 2178 3254 cujusque

92 3278 180 3317 tomi
201 3278 385 3329 posuimus
405 3292 462 3313 eas
490 3277 723 3326 s‹›l=u¹1,‹pt.‘e
753 3275 967 3314 videbantur
989 3273 1034 3312 ad
1064 3287 1137 3312 rem
1171 3272 1423 3325 explicandam
1453 3282 1676 3324 opportunm.
1699 3270 1793 3318 Quia
1814 3283 1897 3306 vero
1931 3281 1998 3304 non
2028 3266 2177 3304 deerunt

93 3341 242 3377 sortasse
263 3339 329 3376 viri
352 3338 447 3376 docti
469 3338 529 3388 qui
559 3338 713 3387 integras
735 3338 812 3375 illas
840 3338 873 3375 in
906 3337 971 3374 hac
1000 3335 1157 3374 editione
1176 3334 1337 3372 exbiberi
1360 3334 1488 3381 velint,
1517 3333 1562 3370 ad
1583 3347 1704 3370 corum
1723 3341 1848 3369 nutum
1871 3343 1929 3366 eas
1949 3342 2068 3366 omnes
2087 3342 2175 3378 quas

94 3402 280 3439 omisimus
299 3400 343 3438 ad
365 3400 496 3437 calcem
515 3399 680 3451 postremi
703 3401 786 3436 totni
810 3399 1020 3441 locabimus,
1037 3396 1213 3447 simulque
1234 3396 1350 3432 varias
1376 3395 1540 3432 lectiones
1560 3395 1754 3433 inultorum
1780 3391 1957 3437 codicum,
1982 3404 2069 3441 quas
2091 3404 2173 3427 tue-

95 3464 238 3503 moratis
259 3479 363 3515 supra
383 3463 427 3501 de
446 3463 560 3499 musis
578 3462 622 3499 ad
648 3463 736 3499 imas
755 3462 903 3513 paginas
924 3476 1004 3499 rum
1025 3461 1160 3498 ‹arti-ris
1181 3475 1248 3497 uun
1271 3459 1466 3512 posuimus.
