2513 3871
312 215 396 246 200
735 218 772 245 S.
812 217 999 246 JOANMS
1034 215 1277 246 cnnYSOST.
1319 216 1530 247 Ancfltm‘.
1568 217 1930 249 cousTanrtNov.

103 295 294 365 Πξίᾟᾙῶἲξ
310 297 341 336 ri
360 307 454 336 sunt.
483 296 580 346 Quid
601 299 667 335 hoc
685 296 731 334 ad
749 311 824 335 rem
839 297 857 335 Ρ
872 297 1034 336 Profecto
1048 297 1144 336 enim
1157 297 1259 336 mul-
1338 299 1454 343 ναίους
1483 300 1677 351 λαμὸἀνειν
1705 302 1887 355 ἀφορμὰς,
1912 304 1948 340 ἐν
1976 295 2030 345 αἷς
2063 301 2127 349 τὴν
2160 302 2362 356 προαίρεσιν

104 376 204 404 ’,σιω
233 388 293 406 „on
310 364 345 396 to
354 356 621 396 convenientius
632 365 683 395 est
693 357 802 409 justis
813 357 1014 396 occasiones
1025 356 1262 410 suppeditari,
1275 390 1324 418 ¹⁶³
1338 360 1569 406 ἐπιδείξονται
1582 361 1645 409 τὴν
1667 363 1780 402 αὐτῶν
1793 393 1803 411 ,
1819 361 1900 405 τοὺς
1917 361 1954 401 δὲ
1973 364 2013 402 οὗ
2028 364 2203 409 τοιούτους
2217 364 2289 403 ἀπὸ
2300 365 2363 410 τῆς

103 419 267 448 ·“““Ι“ἰῑ·
307 418 440 470 quibus
456 417 676 457 voluntatem
685 417 871 457 ostendant
887 431 989 457 suam
1002 431 1085 466 ‚eos
1097 431 1183 458 vero
1198 419 1261 471 qui
1285 430 1310 460 Α
1338 421 1468 465 οἰκείας
1493 421 1702 468 κολάζεσθαι
1723 422 1914 477 ῥᾳθυμίας,
1930 421 1954 470 ἢ
1971 423 2028 462 διὰ
2047 422 2189 469 τούτους
2213 424 2364 467 ἐκείνους

307 492 377 517 non
396 486 478 516 sunt
499 477 710 530 hujusmodi
726 492 773 517 ex
788 479 933 532 propria
947 478 1068 532 puniri
1083 479 1263 533 negligen-

306 539 374 586 tia,
387 552 495 591 quam
513 539 664 578 istorum
679 553 786 578 causa
806 540 879 579 illis
893 541 1001 579 etiam
1019 539 1193 580 damnum
1211 541 1263 580 as·

306 600 403 638 ferri.
424 601 516 639 Nam
539 599 649 640 modo
669 600 700 640 is
717 601 779 652 qui
797 601 914 640 malus
927 610 981 640 est
995 631 1008 649 ,
1032 602 1063 640 si
1081 601 1238 642 laedatur
1252 633 1262 650 ,

306 674 376 700 non
408 660 604 700 adversarii
631 661 796 712 viribus,
818 664 879 701 sed
900 676 965 702 suo
982 663 1102 716 potius
1121 673 1264 718 torpore

304 731 496 775 superatur
512 738 522 760 z
541 722 639 774 quod
671 722 805 762 indicat
836 723 1014 764 victorum
1050 724 1259 765 multitudo.

305 784 412 822 Tunc
425 797 510 822 vero
529 783 634 836 probi
655 784 789 836 quique
803 784 1054 838 improborum
1070 799 1174 825 causa
1190 800 1263 825 me·

305 845 386 884 ritis
406 845 601 885 honoribus
613 846 768 885 fraudati
791 847 953 896 fuissent,
970 861 1040 887 non
1063 847 1233 887 habentes
1249 879 1259 896 ,

304 906 451 946 illorum
471 907 576 960 culpa
592 937 603 955 ,
621 907 683 946 ubi
699 907 795 947 vires
812 917 1016 947 exercerent
1033 923 1135 954 ,ευ-τες
1149 909 1260 947 veluti

305 967 335 1006 si
351 967 564 1019 agonotheta
576 969 659 1020 quis
678 968 828 1007 athletas
842 968 934 1008 duos
947 979 1070 1008 nactus
1086 998 1096 1016 ,
1109 970 1259 1009 alterum

304 1028 449 1080 quidem
463 1029 668 1069 adversario
681 1030 847 1082 congredi
861 1040 1039 1084 paratum,
1049 1045 1262 1083 omnemque

307 1090 531 1129 tolerantiam
543 1090 746 1141 ostendere,
759 1105 999 1143 coronamque
1011 1107 1057 1131 ex
1071 1094 1262 1132 certamine

305 1151 457 1200 referre,
481 1151 633 1190 alterum
653 1151 767 1190 labori
797 1151 850 1190 illi
881 1162 914 1190 et
947 1167 1115 1191 aerumnae
1146 1154 1259 1191 otium

305 1210 522 1263 deliciasque
541 1213 784 1264 praeferentem
801 1242 810 1259 ,
833 1211 1039 1250 adversario
1066 1213 1113 1251 de
1141 1214 1260 1252 medio

306 1271 464 1318 sublato,
479 1272 604 1310 ambos
617 1285 654 1309 re
669 1271 796 1309 insecta
812 1271 982 1310 dimittat.
996 1272 1057 1311 Sic
1066 1272 1161 1310 enim
1175 1282 1261 1311 stre-

306 1346 397 1370 nuus
413 1332 476 1370 ille
490 1342 635 1385 propter
648 1331 797 1370 alterius
813 1332 994 1383 ignaviam
1011 1332 1114 1384 gravi
1129 1333 1260 1372 damno

303 1393 450 1430 affectus
465 1401 577 1442 esset;
593 1393 743 1444 ignavus
757 1401 878 1430 autem
891 1406 961 1430 non
975 1393 1161 1432 fortissimi
1174 1395 1259 1433 socii

303 1468 408 1493 causa
440 1455 556 1493 malus
585 1463 691 1503 esset,
707 1468 833 1493 verum
854 1455 900 1493 ob
920 1455 1120 1494 socordiam
1141 1470 1255 1496 suam.

302 1515 372 1554 Sed
391 1516 486 1554 enim
504 1515 580 1555 haec
597 1515 745 1555 istorum
765 1517 933 1567 quaestio,
953 1531 1035 1556 cum
1053 1516 1098 1556 de
1115 1517 1261 1558 diabolo

301 1576 431 1628 agitari
446 1576 633 1623 videatur,
652 1578 682 1615 si
698 1591 763 1615 suo
782 1576 909 1616 ordine
929 1578 1122 1630 procedat,
1137 1579 1259 1632 pluri-

303 1637 371 1676 mis
388 1637 424 1675 in
441 1637 548 1676 rebus
563 1637 629 1676 Dei
660 1637 925 1691 providentiam
944 1639 1145 1687 insimulat,
1168 1654 1258 1679 cun·

302 1705 468 1749 ctamque
486 1697 594 1737 simul
608 1708 806 1738 creaturam
823 1698 990 1739 traducit.
1012 1701 1174 1752 Namque
1187 1702 1259 1740 oris

301 1767 409 1810 atque
443 1759 630 1798 oculorum
661 1759 873 1798 creationem
907 1759 1084 1799 incusabit
1099 1777 1108 1797 :
1125 1762 1260 1815 quippe

302 1833 382 1856 cum
398 1833 461 1872 per
471 1819 548 1858 haec
556 1833 706 1871 quaeque
724 1818 849 1858 illicita
863 1820 1134 1873 concupiscant,
1151 1831 1260 1873 atque

302 1881 340 1918 in
359 1879 577 1919 adulterium
597 1889 769 1919 corruant
788 1880 936 1933 plurimi
952 1897 962 1929 ;
984 1895 1047 1934 per
1063 1882 1259 1921 hocautem

302 1941 550 1994 blasphement
563 1941 646 1990 alii,
667 1950 772 1993 atque
784 1941 982 1993 perniciosa
995 1942 1162 1995 dogmata
1181 1958 1259 1998 pro-

301 2003 428 2042 ferant.
451 2004 547 2042 Num
567 2016 652 2055 crgo
671 2003 745 2041 sine
763 2003 877 2041 oculis
897 2013 930 2042 et
951 2004 1073 2056 lingua
1098 2005 1178 2044 ideo
1194 2005 1261 2044 de-

301 2064 458 2103 buerunt
472 2063 635 2102 homines
648 2064 752 2102 lieri?
762 2063 872 2103 Pedes
885 2079 1030 2117 quoque
1041 2066 1261 2116 abscindere,

302 2133 337 2162 et
349 2133 536 2177 amputare
551 2139 677 2163 manus
693 2139 832 2163 necesse
849 2126 915 2164 erit
926 2156 937 2171 ‚
958 2140 1039 2165 cum
1059 2128 1134 2166 istae
1151 2129 1262 2181 plenae

302 2186 374 2224 sint
393 2186 567 2237 sanguine
581 2215 592 2234 ,
609 2185 660 2224 illi
677 2200 760 2225 vero
778 2186 825 2225 ad
847 2187 981 2225 malum
1001 2198 1162 2227 currant.
1188 2191 1263 2229 Nec

302 2247 388 2300 ipsoe
407 2247 553 2299 quidem
575 2261 677 2285 aures
703 2248 962 2287 immanitatem
994 2248 1086 2287 hanc
1105 2251 1262 2303 effugere

303 2317 488 2360 poterunt:
502 2323 582 2347 nam
594 2308 709 2346 inania
728 2309 986 2361 percipiunt‚et
996 2310 1261 2363 corruptionem

302 2369 512 2421 dogmatum
539 2369 585 2407 ad
615 2369 771 2407 animam
794 2369 968 2408 mittunt:
994 2370 1114 2422 itaque
1133 2381 1167 2410 et
1187 2372 1262 2411 istae

302 2429 503 2468 auserendae
515 2439 630 2469 erunt.
649 2429 755 2478 Quod
769 2430 798 2468 si
811 2430 991 2479 dabimus,
1005 2432 1106 2472 cibos
1119 2447 1263 2486 quoque

302 2505 343 2528 ac
363 2500 468 2542 potus
481 2521 490 2539 ‚
509 2491 651 2541 eaelum,
671 2500 801 2529 terrain
813 2520 823 2538 ,
840 2505 938 2530 mare
952 2523 964 2539 ,
980 2493 1110 2542 solem,
1128 2493 1259 2542 lucem,

303 2551 448 2598 lunam,
480 2551 736 2603 stellarumque
767 2551 915 2591 chorum
935 2582 944 2599 ‚
964 2562 1071 2605 atque
1099 2555 1260 2594 omnium

301 2613 537 2651 animantium
566 2627 692 2664 genera
725 2613 894 2652 tollamus
922 2628 1062 2654 necesse
1091 2617 1172 2655 erit.
1205 2617 1260 2656 Ad

302 2673 392 2724 quid
417 2673 481 2711 ista
502 2674 598 2712 enim
625 2674 745 2712 omnia
770 2683 873 2713 erunt
895 2677 1113 2726 necessaria,
1129 2691 1210 2717 cum
1231 2678 1260 2717 is

303 2734 407 2785 cujus
424 2748 527 2772 causa
545 2735 633 2772 sacta
649 2734 831 2773 suntadeo
849 2736 1261 2778 miserabilitertruncus

299 2794 446 2845 jaceat?
464 2795 624 2834 Videsne
637 2797 699 2846 qui
716 2796 808 2833 risus
825 2825 836 2846 ,
859 2810 938 2847 qua:
956 2796 1190 2838 deliramenta
1207 2814 1260 2838 ra-

305 2855 437 2893 tionem
469 2855 572 2894 istam
603 2857 798 2895 necessario
834 2859 1055 2908 sequantur?
1085 2860 1259 2900 Diabolus

307 2929 432 2968 nempe
450 2916 518 2954 sibi
539 2917 627 2969 ipsi,
649 2931 717 2955 non
739 2917 843 2955 nobis
857 2927 908 2956 est
923 2919 1051 2958 malus.
1077 2921 1149 2959 Nos
1164 2922 1259 2960 enim

306 2976 333 3011 si
356 2975 524 3023 velimus,
541 2976 643 3029 plura
662 2978 767 3016 etiam
781 2978 966 3017 commoda
981 2994 1044 3032 per
1059 2981 1161 3020 illum
1176 2997 1261 3022 con-

307 3048 507 3085 sequemur,
531 3037 594 3074 illo
621 3038 727 3076 ctiam
749 3038 863 3076 invito
884 3052 925 3076 ac
948 3050 1115 3080 renuente
1135 3057 1143 3079 :
1163 3042 1258 3094 quod

307 3104 358 3133 cst
378 3097 532 3147 profecto
552 3097 718 3137 mirabile
733 3128 744 3148 ‚
763 3099 843 3137 etin
863 3100 929 3137 li‘oc
942 3098 1076 3139 divina:
1091 3101 1260 3141 bonitatis

308 3156 517 3206 magnitudo
537 3159 766 3202 conspicitur.
799 3161 890 3198 Nam
919 3161 948 3197 si
981 3175 1063 3199 cum
1100 3162 1262 3202 meliores

306 3216 483 3254 efficimur
500 3246 509 3261 ,
534 3219 671 3255 mordet
707 3219 744 3256 id
775 3219 921 3269 quidem
948 3234 987 3258 ac
1010 3236 1072 3274 per
1091 3236 1128 3261 se
1147 3223 1262 3262 solum

1288 1171 1309 1200 tt

350 3373 363 3387 ι
388 3362 501 3396 ΜοηΙ.
521 3371 551 3394 οι
566 3363 666 3395 Sm‘ll.
686 3366 718 3397 in
737 3366 883 3409 murgint'
915 3371 1183 3410 encfosam‘flnaw,
1211 3366 1313 3405 smil-

306 3417 337 3449 in
357 3424 448 3448 lrxln
466 3421 688 3461 ἐπηρεαεθηταν

1338 482 1603 534 ἐπηρεάζεσθαι.
1623 485 1696 523 Νῦν
1717 484 1781 535 μὲν
1795 483 1865 536 γὰρ
1892 486 1911 522 ὁ
1928 485 2071 536 φαῦλος,
2088 484 2154 523 κᾶν
2174 486 2364 532 ἠδικῆται,

1337 545 1376 583 οὗ
1394 543 1492 596 παρὰ
1505 543 1563 583 τὸν
1577 545 1855 595 ἀνταγωνιστὴν,
1872 545 1962 584 ἀλλὰ
1978 545 2077 599 παρὰ
2098 545 2163 593 τὴν
2180 549 2285 586 afim*
2299 562 2366 585 νω·

1338 604 1455 658 θρείαν
1474 606 1725 658 κρατούμενος·
1742 606 1801 644 καὶ
1826 610 1928 645 τοῦτο
1954 607 2054 653 δηλοῖ
2080 607 2121 646 τὸ
2146 608 2364 654 πλῆθοςτῶν

1337 666 1514 705 νικώντων
1540 667 1666 705 αὐτόν·
1698 667 1776 706 τότε
1808 666 1844 706 δὲ
1870 667 1920 705 ἂν
1937 669 1969 706 οἱ
1989 668 2173 707 σπουδαῖοι
2202 667 2260 707 διὰ
2285 666 2365 712 τοὺς

1336 727 1486 778 φαύλους
1518 732 1532 749 “
1549 728 1837 779 ἐπηρεασθησαν,
1859 731 1920 767 οὐκ
1952 728 2091 781 ἔχοντες
2117 728 2204 767 ὅπου
2229 730 2273 780 τῇ
2305 729 2366 767 ἀν·

1337 787 1436 841 ὀρεία
1454 789 1648 840 χρήσονται
1666 788 1712 827 δι’
1726 789 1877 833 ἐκείνους
1889 804 1898 813 ·
1919 789 1977 827 καὶ
1998 789 2137 842 ἐγένετο
2155 789 2365 842 παρόμοιον,

1336 849 1456 902 ὥσπερ
1476 850 1517 888 ἂν
1537 851 1569 888 εἴ
1592 866 1644 894 τις
1671 850 1888 902 ἀγωνοθέτης
1915 851 2069 898 ἀθλητὰς
2095 850 2185 903 ἔχων
2205 850 2283 898 δύο,
2304 851 2364 890 τὸν

1337 909 1400 958 μὲν
1425 911 1485 948 καὶ
1511 912 1764 960 συμπλακῆναι
1790 912 1929 962 ἕτοιμον
1948 914 1999 963 τῷ
2026 913 2287 964 ἀνταγωνιστῇ,
2304 913 2365 951 καὶ

1335 970 1523 1022 καρτερίαν
1544 971 1782 1016 ἐπιδείξασθαι
1798 972 1952 1021 πολλὴν,
1968 972 2028 1010 καὶ
2044 973 2212 1025 στέφανον
2232 973 2365 1020 ἀναδή-

1335 1035 1476 1078 σασθαι,
1489 1032 1554 1070 ’τὸν
1574 1032 1610 1072 δὲ
1630 1035 1692 1080 τῆς
1711 1033 1951 1086 ταλαιπωρίας
1970 1033 2103 1081 ἐκείνης
2131 1033 2255 1085 ἀργίαν
2272 1048 2362 1087 προ·

1335 1095 1494 1142 τιμῶντα
1522 1094 1582 1131 καὶ
1609 1093 1763 1146 τρυφὴν,
1787 1093 1907 1133 λαΕὼν
1932 1096 1972 1133 ἐκ
1991 1094 2098 1145 μέσου
2117 1094 2176 1133 τὸν
2196 1096 2363 1146 ἀνταγω-

1335 1153 1455 1199 νιστὴν
1466 1184 1476 1201 ,
1493 1155 1710 1206 ἀμφοτέρους
1725 1154 1925 1207 ἀπράκτους
1936 1156 2127 1208 ἐκπέμψειε
2141 1157 2226 1208 παρ’
2243 1157 2363 1195 αὐτοῦ.

1334 1213 1440 1252 Οὕτω
1474 1213 1537 1264 μὲν
1568 1214 1639 1266 γὰρ
1666 1218 1686 1253 ὁ
1714 1217 1899 1259 σπουδαῖος
1927 1216 1985 1255 διὰ
2003 1217 2061 1255 τὸν
2090 1218 2221 1269 φαῦλον
2247 1216 2388 1265 ’creir'

1336 1274 1488 1325 ρεάσθη,
1508 1277 1637 1319 ἐκεῖνος
1675 1276 1711 1314 δὲ
1735 1276 1851 1315 οὐκέτι
1886 1277 1942 1315 διὰ
1972 1277 2030 1316 τὸν
2056 1283 2211 1328 γενναῖον
2238 1278 2364 1324 κακὸς,
2392 1265 2405 1277 ⁰

1336 1334 1427 1373 ἀλλὰ
1446 1334 1504 1374 διὰ
1529 1334 1593 1383 τὴν
1622 1335 1750 1375 κακίαν
1770 1336 1836 1383 τὴν
1864 1339 1983 1378 αὑτοῦ.
2008 1337 2079 1376 Καὶ
2097 1340 2156 1375 νῦν
2179 1337 2243 1388 μὲν
2271 1338 2365 1376 δοκεῖ

1334 1395 1374 1433 τὸ
1393 1394 1603 1445 ζητούμενον
1624 1397 1740 1440 αὐτοῖς
1759 1391 1847 1436 εἶναι
1875 1398 1957 1448 περὶ
1974 1401 2035 1436 τοῦ
2058 1398 2222 1437 διαὸόλου
2235 1412 2246 1421 ·
2273 1398 2366 1438 κατὰ

1334 1455 1370 1494 δὲ
1398 1456 1462 1504 τὴν
1494 1458 1699 1497 ἀκολουθίαν
1718 1461 1736 1497 δ
1754 1459 1855 1510 λόγος
1881 1452 1980 1503 οὗτος
2010 1459 2143 1512 προϊὼν
2170 1459 2234 1508 τὴν
2260 1460 2366 1500 αὐτοῦ

1333 1519 1472 1562 πολλοῖς
1484 1518 1666 1570 ἐγκαλέσει
1683 1519 1743 1558 καὶ
1756 1519 1934 1572 μέμψεται
1950 1519 2014 1568 τὴν
2034 1520 2212 1572 πρόνοιαν,
2224 1522 2284 1560 καὶ
2299 1520 2364 1568 τὴν

1333 1580 1563 1632 δημιουργίαν
1584 1581 1725 1619 ἅπασαν
1752 1581 1913 1620 διαὸαλεῖ
1930 1585 1990 1620 τοῦ
2004 1584 2108 1621 Θεοῦ.
2131 1581 2202 1621 Καὶ
2219 1581 2288 1636 γὰρ
2302 1585 2366 1630 τῆς

1334 1645 1393 1679 τοῦ
1428 1641 1618 1692 στόματος.
1631 1642 1690 1680 καὶ
1719 1644 1781 1689 τῆς
1810 1645 1880 1681 τῶν
1905 1644 2096 1694 ὀφθαλμῶν
2124 1643 2364 1695 κατηγορήσει

1335 1703 1556 1747 διαπλάσεως
1570 1718 1578 1726 ·
1600 1702 1657 1741 διὰ
1677 1702 1810 1741 τούτων
1830 1703 1892 1755 μὲν
1915 1703 1984 1757 γὰρ
2003 1706 2230 1755 ἐπιθυμοῦσιν
2249 1698 2298 1742 ὧν
2323 1707 2363 1744 οὗ

1334 1765 1397 1810 δεῖ,
1409 1763 1468 1801 καὶ
1483 1765 1530 1808 είς
1547 1763 1708 1816 μοιχείαν
1726 1764 1960 1815 ἐμπίπτουσιν
1975 1767 2004 1802 ol
2017 1764 2152 1803 πολλοί·
2169 1765 2213 1803 δι’
2228 1765 2363 1804 ἐκείνου

1334 1823 1370 1861 δὲ
1393 1824 1660 1875 βλασφημοῦσι,
1681 1823 1740 1862 καὶ
1759 1823 1804 1862 τὰ
1828 1824 1967 1876 ὀλέθρια
1989 1826 2057 1862 τῶν
2076 1824 2259 1875 δογμάτων
2278 1840 2364 1878 προ-

1335 1884 1496 1936 φέρουσιν
1515 1883 1639 1936 ἔτεροι.
1659 1877 1737 1937 Ἆρ’
1766 1878 1824 1924 οῦν
1853 1884 1911 1923 διὰ
1939 1888 2042 1924 τοῦτο
2069 1885 2178 1937 χωρὶς
2203 1884 2365 1937 γλώττης

1336 1944 1394 1983 καὶ
1413 1945 1601 1998 ὀφθαλμῶν
1624 1945 1785 1996 γενέσθαι
1804 1945 1879 1990 τοὺς
1900 1945 2102 1999 ἀνθρώπους
2121 1947 2244 1999 ἐχρῆν;
2260 1948 2363 1987 Οὗκ-

1335 2009 1393 2044 οῦν
1412 2006 1472 2044 καὶ
1496 2005 1574 2049 τοὺς
1597 2006 1707 2051 πόδας
1724 2006 1935 2059 ἐκκόψομεν,
1951 2006 2013 2046 καὶ
2029 2006 2092 2051 τὰς
2106 2014 2228 2061 χεῖρας
2242 2010 2365 2047 ἀποτε·

1338 2070 1492 2117 μοῦμεν,
1510 2065 1631 2114 ἐπειδὴ
1660 2060 1763 2106 αὗται
1795 2066 1858 2118 μὲν
1889 2067 2049 2118 αἱμάτων
2082 2068 2227 2121 πλήρεις
2253 2067 2364 2116 εἰσὶν,

1337 2129 1461 2166 ἐκεῖνοι
1479 2127 1514 2166 δὲ
1535 2130 1583 2171 εἰς
1602 2127 1730 2166 κακίαν
1748 2128 1924 2180 τρέχουσι.
1944 2127 2039 2168 Ἀλλ’
2054 2128 2131 2168 οὐδὲ
2148 2128 2192 2167 τὰ
2211 2121 2287 2167 ὦτα
2300 2128 2365 2177 τὴν

1338 2189 1509 2236 ἀπήνειαν
1527 2191 1587 2228 τοῦ
1616 2188 1720 2240 λόγου
1738 2189 1861 2228 τούτου
1881 2190 2066 2237 δυνήσεται
2096 2191 2256 2243 ἐκφυγεῖν
2268 2205 2277 2214 ·
2304 2191 2365 2229 καὶ

1334 2249 1403 2301 γὰρ
1417 2250 1526 2297 ἀκοὴν
1548 2251 1702 2300 ματαίαν
1722 2250 1975 2303 παραδέχεται,
1991 2252 2050 2290 καὶ
2066 2250 2130 2298 τὴν
2143 2254 2212 2290 τῶν
2226 2251 2364 2304 δογμά-

1335 2327 1405 2349 των
1436 2311 1566 2364 φθορὰν
1586 2311 1820 2362 παραπέμπει
1839 2314 1882 2363 τῇ
1915 2315 2031 2365 ψωχῇ·
2053 2311 2145 2352 ὥστε
2175 2311 2364 2351 καὶταῦτα

1335 2373 1643 2425 ἀφαιρήσομενᾸΞί
1667 2373 1703 2411 δὲ
1722 2377 1824 2412 τοῦτο
1837 2404 1846 2421 ,
1867 2374 1927 2412 καὶ
1952 2380 2057 2421 σῖτα,
2086 2373 2148 2412 καὶ
2162 2373 2255 2413 ποτὰ
2269 2404 2279 2422 ,
2298 2373 2360 2413 καὶ

1335 2434 1478 2485 οὐρανὸν
1491 2464 1500 2481 ,
1520 2434 1580 2473 καὶ
1595 2437 1659 2486 γῆν
1673 2464 1683 2483 ,
1701 2434 1760 2473 καὶ
1776 2435 1953 2474 θάλατταν
1964 2465 1975 2485 ,
1992 2436 2053 2474 καὶ
2069 2435 2185 2484 ἥλιον,
2200 2436 2262 2475 καὶ
2275 2437 2360 2490 φῶς,

1335 2496 1395 2533 καὶ
1419 2495 1568 2543 σελήνην
1581 2525 1591 2544 ,
1607 2495 1668 2535 καὶ
1688 2497 1747 2535 τὸν
1776 2499 1846 2535 τῶν
1866 2496 2004 2547 ἄστρων
2023 2497 2148 2549 χορὸν,
2165 2497 2226 2536 καὶ
2243 2497 2361 2536 πάντα

1334 2557 1404 2594 τῶν
1418 2555 1552 2607 ἀλόγων
1579 2556 1623 2595 τὰ
1642 2557 1744 2607 γένη·
1765 2561 1832 2596 ποῦ
1844 2556 1913 2610 γὰρ
1933 2557 2031 2596 ἔσται
2048 2557 2209 2610 χρήσιμα
2225 2560 2357 2605 ταῦτα,

1335 2619 1394 2655 τοῦ
1405 2618 1448 2655 δι’
1463 2617 1501 2655 ὃν
1514 2618 1650 2669 ἐγένετο
1663 2617 1778 2656 πάντα
1791 2618 2049 2661 κατακοπέντος
2063 2618 2173 2661 οὕτως
2186 2619 2359 2666 ἐλεεινῶς

1335 2677 1445 2730 Ὁρᾷς
1458 2678 1516 2717 τὸν
1531 2678 1668 2729 γέλωτα
1683 2678 1743 2716 καὶ
1758 2677 1822 2724 τὴν
1843 2678 1991 2717 ἀτοπίαν
2012 2679 2059 2721 εἰς
2075 2678 2118 2724 ἣν
2135 2681 2154 2717 ὁ
2165 2677 2266 2731 λόγος
2287 2695 2358 2718 κα·-

1333 2739 1538 2792 ταστρέφειν
1551 2739 1783 2791 ἀναγκάζεται
1793 2756 1803 2786 3
1814 2738 1861 2777 ‘O
1868 2739 1936 2791 γὰρ
1947 2739 2107 2783 διαἙολος
2117 2741 2230 2793 ἐαυτῷ
2240 2740 2359 2788 κακὸς,

1333 2803 1398 2853 οὐχ
1419 2803 1505 2851 ἡμῖν
1519 2814 1528 2823 ·
1552 2803 1655 2851 ἡμεῖς
1675 2799 1742 2852 γὰρ
1770 2802 1799 2838 εἰ
1821 2801 2031 2851 βουλοίμεθα
2054 2801 2113 2840 καὶ
2132 2800 2248 2841 πολλὰ
2266 2817 2357 2854 καρ-

1333 2862 1524 2912 πωσόμεθα
1540 2861 1586 2899 δι’
1610 2862 1714 2899 αὐτοῦ
1741 2860 1853 2907 καλὰ,
1869 2861 2012 2906 ἄκοντος
2033 2861 2097 2912 μὲν
2122 2863 2183 2901 καὶ
2201 2862 2252 2913 μὴ
2271 2864 2359 2914 βου·

1333 2923 1480 2972 λομένου
1497 2935 1505 2943 ·
1525 2922 1566 2960 τὸ
1592 2921 1631 2961 δὲ
1657 2925 1775 2971 θαῦμα
1790 2921 1850 2959 καὶ
1877 2923 1912 2960 ἐν
1934 2922 2046 2974 τούτῳ
2069 2925 2206 2973 μεῖζον,
2220 2923 2281 2962 καὶ
2297 2926 2359 2972 τῆς

1333 2987 1393 3022 τοῦ
1406 2985 1498 3022 Θεοῦ
1516 2982 1778 3035 φιλανθρωπίας
1791 2986 1813 3029 ἡ
1830 2983 2020 3035 ὓπερδολή.
2038 2984 2096 3024 Τὸ
2116 2984 2184 3036 γὰρ
2201 2984 2359 3036 βελτίους

1333 3043 1488 3093 γίνεσθαι
1508 3042 1585 3087 τοὺς
1602 3041 1804 3095 ἀνθρώπους
1824 3043 1941 3082 δάκνει
1970 3043 2032 3093 μὲν
2054 3045 2158 3083 αὐτὸν
2186 3045 2246 3085 καὶ
2274 3047 2359 3085 αὐτὸ

1335 3103 1414 3142 καθ’
1432 3104 1607 3143 ἑαυτὸκαὶ
1620 3106 1738 3143 λυπεῖ·
1750 3102 1834 3142 ὅταν
1848 3103 1884 3142 δὲ
1902 3105 1961 3142 καὶ
1976 3104 2020 3143 δι’
2034 3107 2140 3144 αὑτοῦ
2153 3109 2256 3145 τοῦτο
2269 3120 2357 3157 προ·

1334 3163 1472 3210 ξενῆται
1487 3168 1594 3215 ἡμῖν,
1610 3165 1679 3204 οὐδ’
1700 3166 1850 3217 ἐνεγκεῖν
1878 3165 2065 3211 δυνήσεται
2081 3165 2144 3213 τὴν
2169 3167 2351 3218 ἐπήρειαν.

1337 3226 1419 3267 Πῶς
1435 3218 1492 3263 οἶν
1512 3225 1726 3276 προξενεῑται
1741 3226 1784 3263 δι’
1805 3226 1929 3273 αὐτοῦς
1946 3227 2149 3270 Δεδοικότες
2170 3228 2275 3266 αὐτοῦ
2289 3227 2353 3274 τὴν

1395 3373 1410 3395 ⁸·
1436 3372 1551 3405 Morrl.
1580 3378 1781 3418 (mliv-rm,
1799 3375 1899 3408 savit.
1919 3377 1949 3408 in
1982 3383 2072 3409 textu
2099 3381 2289 3422 ίπεριάσθη,
2319 3378 2350 3409 in

1350 3436 1453 3466 ηἱπς.
1469 3431 1695 3471 ἐκφεύξεσθαι.
