2549 3825
622 287 851 319 ADVERSUS
887 282 1238 316 OPPUGNATORES
1275 281 1389 311 viTAE
1430 279 1628 311 MONAST.
1668 279 1757 308 LlB.
1798 278 1861 308 111.

176 394 269 418 νοιαν
290 373 500 428 παῤῥησίαν,
519 372 578 411 καὶ
592 371 654 419 τὴν
672 371 733 422 μὲν
749 369 902 409 ἀσωτίαν
917 366 1195 421 φιλανθρωπίαν,

175 439 238 485 τὴν
256 437 292 476 δὲ
308 435 445 476 ἀδικίαν
466 433 637 485 ἀνδρείαν.
667 425 756 470 Εἶτα
770 461 780 479 ,
805 430 924 482 ὥσπερ
945 432 1006 467 οὐκ
1023 426 1196 478 ἀρκούσης

173 499 302 544 ταύτης
313 500 374 543 τ’ῆς
396 495 547 542 ἀπάτης,
569 494 629 532 καὶ
647 493 711 539 τὴν
731 491 857 544 ἀρετὴν
878 489 1044 532 ἐναντίοις
1058 489 1196 525 καλεῖτε

173 558 351 609 ὀνόμασιν,
371 555 550 608 ἀγροικίαν
574 554 637 604 μὲν
658 553 722 600 τὴν
744 551 987 605 σωφροσύνην,
1008 547 1137 587 δειλίαν
1160 545 1196 584 δὲ

174 619 238 666 τὴν
258 618 460 663 ἐπιείκειαν,
476 615 661 668 ἀνανδρίαν
684 615 719 652 δὲ
738 616 802 660 τὴν
823 612 1042 657 δικαιοσύνην
1064 608 1197 658 ὀνομά-

176 681 289 723 ζοντες
302 707 311 724 ,
345 679 404 717 καὶ
435 678 474 716 τὸ
513 677 575 727 μὲν
609 676 736 727 ἄτυφον
771 671 1025 725 δουλοπρεπὲς,
1058 670 1122 716 τὴν
1161 668 1197 707 δὲ

177 739 396 784 ἀνεξικακίαν
415 738 590 777 ἀσθένειαν
623 750 632 758 ·
650 736 808 788 καθάπερ
829 733 1018 776 δεδοικότες
1041 732 1089 781 μὴ
1112 732 1195 783 παρ’

177 801 302 853 ἑτέρων
333 800 397 848 τὴν
429 802 543 846 ἀληθῆ
565 798 697 836 τούτων
722 797 960 848 προσηγορίαν
988 794 1198 836 ἀκούσαντες

178 862 311 916 φύγωσι
325 861 388 907 τὴν
405 859 518 910 λύμην
538 864 570 899 οἱ
588 861 721 902 παῖδες.
740 858 833 897 Οὐδὲ
846 857 914 909 γὰρ
935 856 1057 908 μικρὸν
1073 857 1119 898 εἷς
1134 853 1198 901 τὴν

177 926 246 961 τῶν
265 924 382 960 κακῶν
405 921 606 973 ἀποτροπὴν
623 921 663 958 τὸ
689 919 820 973 γυμνὰς
855 918 959 962 αὐτὰς
989 918 1048 956 καὶ
1078 916 1200 968 κυρίας

177 987 246 1022 τῶν
258 986 375 1022 κακῶν
389 982 620 1035 προφέρεσθαι
639 982 701 1026 τὰς
717 980 732 1001 ‘¹
745 981 933 1030 ὀνομασίας
945 993 953 1001 ·
966 978 1056 1017 ἀλλὰ
1072 976 1177 1016 τοσαύ
1187 999 1198 1005 -

177 1061 239 1092 την
259 1044 329 1096 ἔχει
345 1043 409 1091 τὴν
426 1042 526 1095 ἰσχὺν
540 1043 626 1095 πρὸς
638 1043 677 1081 τὸ
690 1041 819 1087 πλῆξαι
831 1041 907 1084 τοὺς
923 1038 1200 1091 ἁμαρτάνοντας,

179 1108 225 1149 ὥς
245 1103 393 1147 πολλοὺς
411 1102 579 1147 πολλάκις
600 1103 657 1141 ἐπὶ
674 1108 744 1146 τοῖς
762 1102 956 1154 αἰσχίστοις
977 1101 1078 1143 ὄντας
1097 1114 1200 1151 περι-

178 1171 296 1218 φανεῖς
325 1164 374 1215 μὴ
405 1165 520 1217 φέρειν
543 1164 666 1216 πράως
696 1163 928 1214 καλουμένους
958 1167 1080 1208 τοῦτο,
1115 1160 1202 1212 ὅπερ

181 1226 268 1265 εἰσὶν
283 1257 293 1275 ,
314 1228 390 1265 ἀλλ’
413 1225 603 1277 ἀγριαίνειν
617 1225 677 1263 καὶ
696 1227 953 1276 ἐκθηριοῧσθαι,
967 1225 1013 1266 ὡς
1031 1222 1076 1260 τὰ
1094 1222 1204 1260 δεινό-

179 1303 269 1326 τατα
287 1287 499 1339 πάσχοντας.
519 1286 596 1332 Τὴν
615 1290 696 1337 γοῦν
715 1290 946 1337 ἡταιρηκυῖαν
961 1289 1128 1335 γυναῖκα,
1143 1283 1204 1321 καὶ

179 1348 238 1387 τὸν
248 1347 522 1400 πεπορνευμένον
534 1348 643 1385 παῖδα
653 1346 692 1384 ἂν
709 1346 840 1398 καλέσῃ
855 1362 907 1389 τις
923 1346 991 1384 ἀπὸ
1007 1348 1070 1391 τῆς
1084 1346 1170 1396 αἰσχ
1174 1343 1204 1381 ί·-

181 1423 267 1454 στης
280 1408 438 1461 πράξεως
453 1407 596 1455 ταύτης,
612 1407 877 1450 ἀκατάλλακτος
892 1406 1029 1458 γέγονεν
1056 1405 1177 1457 ἐχθρὸς
1193 1434 1203 1451 ,

182 1468 243 1506 ἅτε
255 1468 299 1505 τὰ
313 1468 460 1519 μέγιστα
475 1468 663 1516 ἠδικηκώς.
681 1468 750 1506 Καὶ
765 1469 802 1505 οὐ
818 1467 958 1511 τούτους
980 1467 1096 1517 μόνον,
1114 1465 1204 1504 ἀλλὰ

182 1528 243 1566 καὶ
260 1529 318 1566 τὸν
338 1529 566 1576 πλεονέκτην,
585 1529 645 1567 καὶ
659 1538 672 1554 ²
688 1529 746 1567 τὸν
763 1529 909 1579 μέθυσον
926 1558 934 1573 ,
956 1527 1016 1565 καὶ
1035 1527 1091 1565 τὸν
1112 1528 1203 1564 ἀλα-

184 1589 280 1635 ζόνα,
302 1589 360 1627 καὶ
378 1590 512 1632 πάντας
530 1591 649 1633 ἁπλῶς
671 1589 751 1631 τοὺς
770 1588 814 1626 τὰ
844 1589 1019 1640 δεινότερα
1049 1590 1204 1640 ἐργασα-

186 1649 308 1699 μένους
332 1649 398 1687 ἴδοι
426 1666 476 1692 τις
497 1650 537 1687 ἂν
560 1652 626 1701 οὐχ
653 1650 760 1692 οὕτως
780 1650 838 1688 ἐπὶ
858 1653 908 1702 τῷ
930 1650 1096 1701 πράττειν
1118 1649 1205 1687 αὐτὰ

184 1710 244 1747 καὶ
263 1713 306 1762 τῇ
327 1709 424 1762 παρὰ
442 1713 510 1748 τῶν
533 1712 672 1748 πολλῶν
695 1710 774 1761 δόξῃ
796 1710 1024 1760 δακνομένους
1044 1711 1103 1748 καὶ
1136 1712 1206 1748 ἀλ-

185 1774 354 1821 γοῦντας,
390 1773 437 1814 ὡς
471 1771 529 1809 ἐπὶ
559 1777 628 1815 τοῖς
655 1774 724 1809 τῶν
750 1771 885 1809 οἰκείων
914 1770 1022 1822 ἔργων
1043 1770 1202 1821 ὀνόμασι.

184 1830 343 1875 Πολλοὺς
359 1831 395 1870 δὲ
410 1831 470 1870 καὶ
489 1847 563 1884 σωφ
570 1832 783 1884 ρονισθέντας
800 1826 877 1871 οἶδα
888 1832 998 1884 τούτῳ
1011 1834 1060 1884 τῷ
1073 1831 1207 1883 τρόπῳ,

185 1892 245 1930 καὶ
267 1893 470 1943 γενομένους
504 1900 576 1936 τοῖς
603 1893 768 1932 ὀνείδεσιν
797 1893 1084 1944 ἐπιεικεστέρους.
1115 1893 1206 1931 Ἀλλ’

184 1956 283 2004 ὑμεῖς
301 1953 359 1991 καὶ
378 1953 507 2002 ταύτην
529 1955 730 2007 ἀνῃρήκατε
749 1954 811 2002 τὴν
831 1954 1070 2007 παραμυθίαν·
1091 1954 1150 1992 καὶ
1169 1953 1209 1991 τὸ

185 2014 227 2062 δὴ
259 2014 505 2068 χαλεπώτερον
521 2047 531 2064 ,
550 2016 602 2054 ὅτι
629 2019 667 2055 οὐ
696 2016 752 2054 διὰ
779 2018 848 2054 τῶν
876 2017 1042 2068 ῥημάτων
1082 2016 1208 2066 μόνον,

186 2077 276 2114 ἀλλὰ
291 2075 350 2114 καὶ
367 2077 424 2114 διὰ
444 2079 513 2115 τῶν
527 2078 746 2130 πραγμάτων
767 2077 898 2125 ταύτην
917 2080 1032 2121 αὐτοῖς
1053 2082 1209 2116 ποιεῖσθε

185 2135 249 2182 τὴν
289 2137 493 2189 παραίνεσιν
512 2167 523 2186 ,
560 2137 670 2182 οἰκίας
711 2140 969 2189 οἰκοδομοῦντες
1013 2138 1180 2190 λαμπρὰς
1195 2168 1207 2187 ,

187 2197 310 2250 ἀγροὺς
329 2198 517 2249 ὠνούμενοι
547 2200 746 2243 πολυτελεῖς
768 2229 779 2247 ,
807 2200 869 2247 τὴν
897 2201 1008 2247 ἄλλην
1034 2200 1208 2250 περιέάλ-

185 2260 302 2303 λοντες
320 2260 511 2312 φαντασίαν
524 2290 535 2308 ,
552 2260 611 2298 καὶ
630 2260 687 2299 διὰ
709 2261 848 2299 πάντων
875 2264 995 2314 πυκνῷ
1019 2278 1088 2299 τινι
1116 2260 1210 2313 νέφει

187 2321 429 2365 συσκιάζοντες
444 2323 556 2359 αὐτῶν
571 2321 634 2368 τὴν
650 2321 780 2373 ψυχήν.
802 2321 914 2360 Πόθεν
937 2316 995 2361 οὖν
1017 2322 1210 2372 δυνήσομαι

186 2385 391 2430 πεισθῆναι,
419 2384 472 2420 ὅτι
498 2386 653 2428 σωθῆναι
686 2377 754 2420 οἶόν
775 2398 812 2420 τε
838 2383 1004 2429 τούτους,
1031 2384 1114 2422 ὅταν
1148 2383 1212 2420 ἴδω

187 2443 273 2495 πρὸς
294 2447 405 2481 ταῦτα
435 2443 767 2496 παρακαλουμένους
785 2474 794 2490 ,
829 2443 850 2480 ἃ
881 2443 959 2487 τοὺς
985 2448 1164 2487 ποιοῦντας
1194 2446 1212 2481 ὃ

188 2503 338 2553 Χριστὸς
355 2504 559 2556 ἀπεφήνατο
577 2504 718 2546 πάντως
738 2504 950 2552 ἀπολέσθαι,
975 2505 1058 2544 ὅταν
1078 2505 1212 2543 θεάσω-

191 2581 255 2616 μαι
271 2567 333 2610 τῆς
354 2563 416 2615 μὲν
447 2567 563 2616 ψυχῆς
583 2565 695 2602 αὐτῶν
713 2593 722 2610 ,
742 2564 862 2618 ὥσπερ
890 2566 980 2609 τινὸς
1009 2566 1185 2618 παρέργου
1201 2596 1210 2611 ,

190 2628 492 2678 καταφρονοῦντας
526 2628 638 2676 ὑμᾶς,
671 2629 738 2664 τῶν
764 2626 798 2665 δὲ
826 2628 931 2671 ὄντως
947 2631 1118 2680 περιττῶν
1140 2658 1148 2672 ,
1167 2631 1212 2671 ὡς

191 2686 390 2738 ἀναγκαίων
418 2686 478 2725 καὶ
503 2687 777 2740 προηγουμένων
797 2689 1063 2740 φροντίζοντας,
1086 2689 1214 2731 (Ὅπως

192 2746 254 2798 μὲν
274 2748 340 2800 γὰρ
371 2748 508 2794 οἰκέτης
528 2748 627 2787 ἔσται
646 2779 654 2795 ,
677 2749 736 2787 καὶ
763 2750 856 2793 ὅπως
871 2750 976 2794 ἵππος
989 2781 998 2798 ,
1025 2751 1084 2788 καὶ
1119 2750 1213 2793 ὅπως

190 2809 328 2859 ἱμάτιον
350 2811 399 2861 τῷ
419 2809 519 2846 παιδὶ
548 2810 734 2848 κάλλιστον
748 2840 758 2857 ,
791 2810 907 2848 πάντα
941 2818 1070 2849 ποιεῖτε
1086 2826 1094 2834 ·
1119 2811 1213 2853 ὅπως

191 2869 226 2907 δὲ
247 2871 348 2914 αὐτὸς
364 2870 498 2922 γένοιτο
514 2871 630 2917 καλὸς,
645 2870 722 2908 οὐδὲ
740 2871 899 2918 ἐννοῆσαί
916 2887 1000 2910 ποτε
1015 2883 1028 2898 ¹¹
1039 2872 1216 2924 ἀνέχεσθε,

191 2931 280 2969 ἀλλὰ
295 2931 354 2969 καὶ
368 2930 475 2974 ξύλων
487 2932 546 2969 καὶ
559 2932 663 2969 λίθων
676 2931 782 2984 μέχρι
795 2932 915 2970 τούτου
930 2933 1139 2986 προάγοντες
1153 2932 1215 2979 τὴν

191 2991 428 3039 σπουδὴν,τὴν
443 2992 558 3043 ψυχὴν
571 2992 645 3030 οὐδὲ
659 2998 718 3031 τοῦ
732 2995 926 3032 πολλοστοῦ
942 2998 1001 3041 τῆς
1015 2994 1215 3045 ἐπιμελείας

191 3052 319 3099 ταύτης
339 3052 472 3097 ἀξιοῦτε
497 3053 631 3105 μέρους·
650 3055 726 3091 ἀλλ’
747 3054 803 3092 ἵνα
830 3054 892 3105 μὲν
918 3056 1061 3106 ἄγαλμα
1082 3055 1138 3093 ἐπὶ
1156 3058 1216 3100 της

193 3113 303 3156 οἰκίας
317 3113 447 3164 ἑστήκῃ
462 3114 675 3164 θαυμαστὸν,
691 3116 750 3152 καὶ
763 3119 784 3162 ἡ
801 3116 906 3168 στέγη
923 3116 1065 3167 γένηται
1083 3119 1214 3169 χρυσῆ,

193 3174 307 3213 πάντα
326 3175 529 3225 ὑπομένετε·
545 3175 584 3212 τὸ
599 3176 634 3212 δὲ
651 3176 791 3214 πάντων
811 3178 1017 3228 τιμιώτερον
1034 3178 1177 3229 ἄγαλμα
1194 3182 1215 3224 ἡ

194 3235 290 3287 ψυχὴ
310 3235 403 3279 ὅπως
419 3236 563 3286 γένηται
589 3240 722 3288 χρυσῆ,
747 3237 820 3276 οὐδὲ
844 3239 1034 3290 φροντίζειν
1066 3239 1211 3277 ἐθέλετε.

240 3372 254 3395 ¹¹
280 3372 394 3404 Mori-l.
411 3380 442 3404 νι
458 3372 559 3407 savit,
579 3379 747 3416 ὀνομασίας.
767 3375 843 3406 Mau.
858 3382 1065 3421 προπηγογιιί»

241 3430 251 3441 “’
277 3423 347 3454 Duo
372 3425 444 3456 Mss.
462 3430 512 3458 τὸν
527 3429 687 3467 μεθύοντα.
704 3425 808 3457 nih-iu
824 3438 900 3458 niox
918 3432 1083 3460 ὖιινοτῑιια.

247 3484 260 3499 ⁸
279 3477 377 3509 Snvil.
403 3485 435 3508 et
464 3476 575 3508 ΜιιιϊΙ.
611 3482 758 3518 νὶυὲχεσθι.
790 3480 861 3510 Duo
902 3479 976 3510 M».
1013 3486 1123 3521 α’νηχί
1142 3489 1198 3510 ›¹¹:-

2152 276 2229 321 107

1270 363 1415 401 duciam
1430 393 1440 411 ‚
1463 362 1753 415 prodigalitatem
1773 359 2031 398 humanitatem
2052 387 2061 405 ‚
2094 358 2235 410 injusti-

1222 436 1245 466 (J
1271 425 1359 461 tiam
1388 423 1646 461 fortitudinem.
1680 422 1835 469 Deinde,
1863 420 1963 471 qnasi
1992 420 2069 457 haec
2094 419 2235 456 fallacia

1271 498 1340 521 non
1363 485 1534 532 sufficiat,
1557 485 1726 522 virtutem
1747 496 1889 532 quoque
1910 481 2096 518 contrariis
2116 480 2236 518 nomi-

1272 544 1378 582 nibus
1405 546 1541 583 vocatis
1556 574 1566 591 ,
1588 543 1859 596 temperantiam
1888 541 2106 593 appellantes
2127 540 2237 578 rusti-

1272 606 1437 654 citatem,
1458 605 1669 643 modestiam
1700 603 1945 648 timiditatem,
1965 602 2142 653 justitiam
2165 602 2236 639 im-

1272 666 1516 713 becillitatem,
1533 674 1749 703 contemtum
1762 665 1871 700 fastus
1886 663 2051 699 servilem
2065 662 2239 707 animum,

1273 725 1492 778 injuriarum
1518 726 1743 764 tolerantiam
1762 724 2027 769 infirmitatem3
2047 736 2087 760 ac
2111 723 2140 759 si
2168 737 2239 760 me-

1274 788 1382 826 tuatis
1402 802 1464 835 ne,
1485 788 1514 825 si
1541 788 1586 825 ab
1617 787 1696 825 aliis
1716 800 1839 825 veram
1869 784 1998 822 horum
2029 784 2240 835 appellatio-

1274 863 1355 887 nem
1370 848 1549 886 audierint
1581 848 1648 885 filii
1667 846 1791 892 vestri,
1809 845 2002 898 perniciem
2034 843 2241 895 hujusmodi

1273 908 1426 960 fugiant.
1446 909 1568 959 Neque
1587 910 1682 946 enim
1705 921 1832 959 parum
1853 906 1986 943 confert
2005 905 2050 941 ad
2071 904 2240 942 vitiorum

1274 970 1510 1015 aversionem,
1530 970 1560 1007 si
1581 968 1684 1007 nudae
1709 978 1742 1006 et
1764 967 1919 1020 propriae
1939 980 2063 1004 eorum
2084 965 2243 1017 appella-

1274 1028 1388 1066 tiones
1408 1028 1664 1079 proferantur3
1681 1027 1743 1065 sed
1763 1036 1902 1065 tantum
1917 1025 1952 1062 id
1974 1025 2083 1064 babet
2103 1025 2243 1063 roboris

1226 1114 1251 1143 D
1277 1089 1322 1127 ad
1334 1089 1555 1141 peccantium
1565 1088 1702 1127 animos
1713 1087 1951 1135 feriendos‚ut
1965 1087 2132 1139 plerique
2151 1101 2243 1138 saepe

1277 1152 1494 1204 turpissimis
1513 1151 1668 1203 insignes
1684 1150 1805 1198 vitiis,
1832 1164 1870 1188 se
1890 1149 1937 1187 ita
1965 1149 2081 1187 vocari
2102 1163 2172 1186 non
2193 1148 2241 1186 li-

1276 1213 1400 1251 benter
1413 1215 1527 1252 ferant
1540 1228 1551 1262 ;
1573 1212 1635 1251 sed
1662 1212 1750 1250 adeo
1768 1211 1917 1249 saeviant
1941 1219 1974 1248 et
1991 1209 2240 1262 indignentur,

1279 1289 1319 1312 ac
1335 1276 1364 1312 si
1383 1275 1610 1314 acerbissima
1626 1283 1844 1327 paterentur.
1856 1273 1895 1311 Si
1910 1273 1990 1323 quis
2005 1272 2241 1310 adulteratam

1279 1336 1485 1381 mulierem,
1503 1346 1536 1374 et
1557 1344 1758 1388 stupratum
1790 1348 1942 1386 puerum
1969 1348 2014 1371 ex
2034 1333 2242 1385 turpissimo

1278 1407 1359 1435 actu
1380 1397 1585 1445 vocaverit,
1604 1395 1912 1435 irreconciliabilis
1937 1395 2093 1433 efficitur
2114 1395 2240 1432 inimi-

1280 1473 1357 1504 cus,
1378 1467 1501 1510 utpote
1520 1459 1581 1510 qui
1607 1472 1735 1509 magna
1764 1457 1921 1495 affecerit
1943 1456 2087 1508 injuria.
2120 1456 2242 1506 Neque

1279 1519 1343 1557 hos
1358 1528 1511 1567 tanturn,
1528 1519 1591 1557 sed
1613 1519 1720 1556 etiam
1737 1531 1904 1565 avarum,
1917 1517 2098 1554 ebriosum
2111 1547 2122 1562 ,
2142 1530 2240 1554 arro·

1280 1590 1420 1630 gantem
1437 1610 1446 1626 ,
1466 1579 1682 1630 demumque
1699 1592 1818 1616 omnes
1839 1576 2051 1629 gravissima
2079 1585 2242 1628 operatos

1279 1639 1413 1687 videas,
1425 1653 1493 1677 non
1510 1649 1582 1678 tam
1599 1640 1643 1677 de
1664 1640 1741 1691 ipso
1757 1653 1874 1690 opere,
1887 1637 2059 1688 vulgique
2076 1637 2242 1689 opinione

1279 1703 1363 1752 angi
1394 1710 1428 1738 et
1447 1700 1588 1746 dolere,
1613 1714 1720 1750 quam
1739 1699 1784 1737 de
1802 1699 2001 1737 facinorum
2019 1698 2239 1736 nominibus.

1231 1766 1254 1795 E
1280 1761 1415 1799 Multos
1431 1776 1536 1813 porro
1556 1761 1639 1799 novi
1660 1761 1727 1799 hoc
1746 1760 1949 1798 emendatos
1965 1758 2087 1806 modo,
2103 1759 2164 1810 qui
2181 1773 2242 1811 op-

1280 1822 1436 1873 probriis
1456 1821 1714 1860 moderatiores
1729 1829 1930 1859 evaserunt.
1954 1823 1998 1857 At
2014 1834 2078 1857 vos
2097 1820 2165 1857 hoe
2181 1834 2240 1857 so-

1282 1882 1407 1920 latium
1427 1892 1532 1934 atque
1552 1882 1748 1920 remedium
1765 1881 1974 1919 sustulistis:
1988 1881 2153 1932 quodque
2168 1895 2245 1932 gra·

1282 1944 1365 1982 vius
1384 1953 1455 1992 est,
1480 1959 1549 1982 non
1571 1944 1689 1982 verbis
1719 1943 1858 1988 solum,
1885 1942 1945 1980 sed
1974 1941 2137 1994 exemplo
2154 1956 2244 1993 quo·

1282 2019 1351 2056 que
1382 2015 1416 2044 et
1435 2020 1540 2058 opere
1558 2006 1635 2044 haec
1654 2005 1726 2043 illis
1750 2004 1882 2042 monita
1902 2003 1996 2042 datis
2014 2034 2023 2049 ,
2043 2003 2129 2040 dum
2150 2002 2243 2041 aedes

1282 2067 1491 2119 splendidas
1503 2066 1721 2111 construitis,
1732 2079 1835 2117 agros
1846 2065 1963 2103 emitis
1974 2063 2243 2116 pinguissimos,

1283 2129 1510 2180 reliquosque
1527 2128 1736 2179 magnificos
1751 2135 1943 2179 apparatus
1958 2124 2091 2163 additis
2106 2155 2115 2172 ,
2136 2138 2243 2176 pror-

1283 2203 1414 2240 susque
1435 2190 1547 2227 veluti
1568 2188 1722 2240 quadam
1742 2187 1873 2225 nebula
1888 2186 2024 2224 animos
2044 2199 2166 2223 eorum
2186 2185 2246 2222 ob·

1285 2250 1490 2289 tenebratis.
1516 2250 1622 2288 Unde
1643 2249 1753 2301 igitur
1773 2247 1862 2285 mihi
1883 2246 2087 2300 persuaderi
2116 2246 2246 2298 poterit

1283 2324 1384 2361 posse
1399 2311 1481 2348 illos
1496 2311 1646 2348 salutem
1666 2310 1834 2359 consequi
1851 2338 1861 2357 ,
1885 2322 1966 2345 cum
1986 2309 2031 2345 ad
2049 2321 2087 2345 ea
2104 2308 2244 2345 evocari

1237 2383 1261 2410 Α
1285 2371 1424 2409 videam
1439 2386 1540 2422 ‚quae
1560 2372 1619 2421 qui
1641 2371 1775 2408 faciunt
1804 2384 1948 2422 prorsus
1969 2370 2144 2418 perituros
2172 2382 2246 2405 esse

1284 2432 1448 2469 Christus
1475 2431 1706 2470 declaravit?
1725 2445 1807 2468 cum
1828 2430 1970 2468 videam
1992 2443 2055 2466 vos
2087 2429 2243 2466 animani

1285 2507 1423 2540 corum,
1446 2493 1545 2542 quasi
1574 2492 1722 2529 minoris
1743 2491 1847 2543 pretii
1874 2490 2012 2540 aliquid
2042 2490 2242 2540 negligere,

1285 2554 1345 2591 illa
1365 2562 1483 2591 autem
1500 2567 1578 2603 quae
1598 2566 1681 2591 vere
1701 2552 1882 2602 superflua
1903 2559 1996 2593 suut,
2009 2551 2110 2600 quasi
2129 2563 2245 2586 neees-

1285 2615 1376 2652 ειη-ιιι
1396 2624 1429 2652 et
1447 2614 1627 2666 praecipua
1647 2627 1771 2650 curare
1780 2612 1796 2648 '2'
1810 2613 1971 2661 Namque
1991 2620 2027 2648 ut
2048 2624 2186 2654 servus,
2207 2620 2245 2648 ut

1286 2690 1420 2726 equus,
1443 2685 1481 2712 ut
1497 2675 1747 2712 vestimentum
1770 2671 2052 2724 pulcherrimum
2076 2671 2150 2708 lilio
2173 2671 2242 2717 sit,

1285 2738 1402 2774 omnia
1423 2737 1523 2774 sartis·
1542 2752 1549 2780 ς
1568 2746 1602 2773 ιιι
1623 2745 1739 2772 uutein
1762 2734 1835 2785 ipse
1856 2734 1988 2784 probus
2007 2733 2067 2775 sit,
2089 2747 2131 2769 ne
2147 2733 2245 2782 eogi-

1286 2808 1359 2836 tare
1379 2798 1525 2848 quidem
1549 2797 1679 2834 vultis:
1700 2810 1740 2832 ue
1757 2810 1837 2832 cuin
1859 2795 1904 2833 ud
1921 2795 2074 2845 lignum,
2090 2794 2134 2831 ud
2154 2794 2244 2846 lupi-

1285 2859 1367 2897 dem
1388 2859 1454 2895 liuc
1479 2858 1640 2895 studium
1663 2855 1875 2899 extendatis,
1892 2856 2047 2892 animani
2067 2869 2108 2892 ue
2131 2855 2243 2893 iniui-

1288 2935 1343 2957 nia
1360 2919 1504 2970 quidem
1526 2917 1777 2955 sollicitudinis
1793 2915 2048 2968 {unte-diguam
2061 2915 2244 2968 judicatis.

1285 2982 1355 3020 Sed
1374 2990 1540 3029 utnslutusi
1557 2980 1721 3030 quaedum
1743 2993 1777 3015 ιιι
1799 2978 1935 3015 aedibus
1957 2977 2168 3015 admiranda
2183 2977 2246 3014 eri.

1287 3052 1390 3093 gutur
1403 3073 1410 3085 ,
1431 3051 1561 3079 tei-tuni
1574 3042 1616 3078 sit
1628 3054 1774 3078 aureum
1784 3070 1791 3081 ,
1807 3039 1962 3076 laborem
1976 3053 2114 3075 omui-ui
2135 3038 2246 3075 >nsci-

1287 3106 1392 3156 pitis:
1430 3104 1589 3140 oninium
1622 3112 1818 3139 statuarum
1843 3100 2097 3152 pretiosissima
2127 3099 2245 3136 auium

1243 3179 1262 3207 u
1289 3177 1324 3204 ut
1345 3181 1448 3204 aurea
1469 3165 1659 3207 eslii-intur,
1680 3163 1814 3200 ιιιιΙΙ-ιιιι
1830 3177 1952 3200 ι·ιιι·.·ιιιι
1974 3175 2093 3212 gerere
2116 3162 2242 3203 vultis,

1234 3377 1244 3416 Ῐ
1266 3375 1337 3404 Mox
1357 3378 1447 3410 {alm
1467 3376 1511 3403 aa}
1533 3374 1617 3401 lah.»
1633 3366 1832 3399 recu-smil.
1852 3371 1936 3405 ξύλον
1952 3372 1998 3398 nal
2020 3374 2095 3398 amp-r
2110 3365 2218 3395 Minus
2240 3366 2245 3401 1

1238 3427 1311 3456 Mox
1332 3427 1363 3456 in
1382 3423 1494 3454 Muri-l.
1515 3422 1584 3452 aulo
1603 3420 1693 3452 ‹len-st
1715 3436 1767 3457 ην
1793 3424 1929 3456 σκιὴν,
1952 3419 2053 3450 mulo
2073 3427 2144 3460 pm!
2168 3420 2224 3450 Mn

1238 3478 1439 3515 tellam-⁴12,
1457 3475 1557 3508 Snxll,
1576 3489 1695 3511 cumn,
1715 3473 1781 3504 «lun
1799 3474 1872 3503 nu.
1895 3479 2018 3508 irtam„
