2513 3871
740 236 778 264 S.
817 235 893 264 JOA
903 234 1004 264 NMS
1039 233 1282 264 CHRYSOST.

308 237 366 282 70

306 319 411 368 longe
439 318 585 368 gravius
601 326 651 354 cst
664 346 673 364 ‚
691 330 760 354 non
780 315 887 354 modo
913 315 1022 353 alieni
1042 314 1209 367 quidam,
1230 324 1266 354 et

310 379 409 417 nullo
433 379 476 416 iis
510 378 642 428 quibus
670 376 872 415 consulitur
890 376 1169 429 propinquitatis
1183 377 1266 428 jure
1289 388 1311 418 Β

307 439 501 491 conjuncti,
519 439 566 476 ita
583 438 818 490 indignantur
837 447 870 476 et
886 452 979 489 aegre
992 438 1265 486 seruut;vcrum

307 501 375 551 ipsi
397 499 647 551 consanguinei
663 509 696 538 et
715 509 878 552 parentes
891 514 998 552 super
1014 499 1070 538 ln's
1086 499 1191 538 irasci
1210 499 1265 538 di-

305 561 481 600 dicerunt.
507 561 666 600 Tametsi
687 576 755 600 non
791 561 916 613 ignoro
941 561 1142 614 complures
1170 575 1263 608 esse,

304 623 365 673 qui
385 632 502 675 patres
522 622 559 661 id
580 637 684 675 agere
704 637 773 662 non
793 621 986 661 admodum
1006 631 1167 675 stupent:
1187 623 1265 661 sus-

303 684 411 723 sucari
441 693 560 722 autem
595 699 632 722 se
662 683 808 731 dicunt,
832 698 872 722 ac
892 683 1076 722 iracundia
1096 683 1264 732 incendi,

303 759 386 783 cum
408 745 552 784 videant
568 759 639 793 cos,
659 745 720 796 qui
743 759 857 796 neque
876 755 992 798 patres
1019 753 1121 791 sunt,
1153 759 1264 797 neque

303 806 407 844 amici
421 837 430 849 .
448 820 562 858 neque
587 806 860 858 consanguinei,
881 820 994 857 neque
1011 806 1081 844 alia
1101 820 1146 844 ex
1165 815 1265 858 parte

303 869 512 914 necessarii,
535 868 607 905 imo
622 881 714 920 saepe
744 867 855 919 ignoti
876 867 920 905 iis
936 867 995 918 qui
1017 866 1264 920 philosophari

303 928 519 977 instituunt,
543 929 610 968 lioc
627 929 744 982 ipsum
764 929 836 981 pati
856 959 866 978 ‚
890 943 930 966 ac
950 928 1046 981 plus,
1065 943 1171 979 quam
1193 929 1263 980 ipsi

302 999 421 1042 patres
439 990 561 1029 dolere
575 1021 584 1038 ,
604 1004 836 1043 oppugnare,
864 999 898 1028 et
918 989 953 1028 in
983 989 1116 1028 crimen
1138 1004 1263 1029 vocare

303 1064 386 1099 eos,
406 1052 468 1103 qui
499 1052 606 1103 liujus
634 1051 810 1104 propositi
840 1059 1002 1089 auctores
1038 1051 1126 1102 ipsis
1147 1050 1259 1089 suere.

301 1112 396 1151 Mihi
416 1127 498 1151 vero
517 1112 613 1164 quod
628 1113 832 1167 oppositum
854 1121 903 1151 est
920 1112 1049 1150 mirum
1067 1126 1142 1150 esse
1157 1111 1261 1150 vide-

302 1181 375 1211 tur.
396 1173 466 1212 Eos
486 1175 581 1212 enim
608 1189 669 1226 qui
701 1174 800 1214 nullo
819 1173 873 1212 vel
892 1173 1010 1211 tutela:
1027 1173 1082 1211 vel
1097 1172 1262 1211 amiciti-‘e

299 1234 384 1286 jure
402 1244 577 1281 tenentur,
595 1235 720 1273 alienis
742 1235 775 1272 in
793 1235 896 1272 bonis
911 1234 994 1285 angi
1010 1264 1020 1280 ,
1040 1247 1108 1271 non
1130 1234 1260 1272 mirum

301 1295 467 1333 videatur
485 1310 576 1344 esse,
592 1304 712 1347 utpote
737 1295 867 1347 partim
899 1294 1035 1332 invidia
1053 1303 1235 1346 correptos
1247 1324 1258 1343 ,

300 1357 430 1406 partim
451 1370 536 1394 vcro
557 1370 629 1408 prae
649 1355 785 1392 malitia
803 1368 865 1392 sua
893 1354 1046 1393 aliorum
1065 1355 1260 1406 perniciem

297 1417 501 1454 felii-itatem
538 1431 613 1455 esse
651 1430 752 1454 suam
787 1415 1001 1454 arbitrantes
1018 1433 1028 1464 3
1059 1416 1185 1454 misere
1222 1416 1261 1455 id

297 1477 441 1528 quidem
470 1488 502 1516 et
527 1478 734 1524 infeliciter,
751 1477 964 1515 arbitrantes
985 1487 1101 1515 tamen
1126 1491 1134 1515 ε
1163 1478 1260 1529 quod

297 1549 417 1578 autem
435 1541 458 1578 ii
475 1570 484 1589 ‚
503 1541 565 1591 qui
587 1548 809 1592 genuerunt,
831 1539 893 1591 qui
913 1538 1178 1586 educaverunt,
1198 1539 1261 1591 qui

297 1601 516 1653 quotidianis
537 1602 632 1640 votis
663 1609 834 1653 exoptant
864 1610 964 1638 natos
997 1615 1080 1638 snos
1113 1615 1149 1639 se
1173 1601 1261 1654 ipsis

297 1664 540 1715 praeclariores
563 1662 683 1701 videre
700 1693 709 1708 ‚
732 1662 793 1713 qui
813 1676 852 1700 ca
867 1662 912 1700 de
931 1676 1036 1700 causa
1061 1672 1188 1700 cuncta
1207 1663 1260 1700 fa-

296 1725 395 1763 ciunt
414 1735 447 1763 et
484 1725 690 1777 patiuntur;
710 1738 769 1762 eos
801 1738 863 1762 ceu
897 1723 1052 1775 quadam
1090 1724 1260 1762 ebrietate

296 1797 474 1839 correptos
496 1797 636 1839 repente
655 1785 785 1824 mutari
808 1794 842 1824 et
856 1786 938 1837 angi
956 1785 1001 1823 dc
1021 1785 1258 1839 philosophiae

297 1848 418 1886 studio
433 1864 453 1887 a
481 1849 567 1887 filiis
587 1858 768 1901 suscept03
787 1847 878 1886 illud
899 1858 949 1886 est
969 1848 1066 1899 quod
1082 1863 1146 1900 ego
1175 1864 1256 1887 ma-

296 1911 394 1948 xime
413 1911 571 1949 omnium
593 1910 772 1958 admiror,
796 1910 886 1949 illud
917 1924 981 1962 ego
1006 1921 1257 1962 argumentum

296 1985 370 2010 esse
389 1981 474 2024 puto
494 1972 683 2019 idoneum,
700 1972 796 2022 quod
821 1972 940 2010 omnia
972 1982 1138 2025 corrupta
1171 1988 1257 2026 per-

295 2031 442 2083 ditaque
462 2033 542 2070 sint.
572 2033 645 2070 lloc
677 2033 807 2085 elapsis
827 2033 1019 2085 contigisse
1037 2035 1258 2087 temporibus

296 2107 399 2131 nemo
416 2093 576 2141 dixerit,
598 2108 640 2132 ne
668 2104 744 2132 tum
769 2095 915 2145 quidem
940 2109 1022 2132 cum
1043 2096 1160 2147 palam
1194 2095 1258 2134 do-

297 2153 495 2193 minaretur
524 2169 636 2193 error.
671 2158 724 2194 Ac
743 2156 850 2194 semel
884 2155 1031 2206 quidem
1059 2156 1191 2195 accidit
1220 2157 1256 2195 in

297 2216 441 2254 civitate
461 2218 602 2262 Graeca,
625 2216 683 2254 sed
713 2231 821 2268 quam
844 2218 987 2269 tyranni
1009 2219 1254 2271 occupabant:

299 2290 413 2328 neque
432 2287 548 2316 tamen
582 2287 666 2316 tunc
685 2287 874 2331 parentum
894 2278 1045 2329 aliquis,
1066 2288 1105 2317 nt
1138 2294 1255 2330 nnnc,

298 2339 357 2377 sed
369 2338 431 2390 qui
448 2353 566 2377 arcem
585 2349 867 2392 occupaverant3
884 2354 947 2378 nec
961 2354 1082 2378 omnes
1096 2340 1258 2392 quidem,

297 2413 424 2438 verum
444 2401 505 2452 qui
525 2401 654 2438 liorum
677 2410 751 2439 erat
769 2401 1090 2453 flagitiosissimus,
1109 2402 1259 2441 accersi·

298 2470 375 2499 tum
394 2462 580 2501 Socratem
602 2463 753 2514 jubebat
783 2478 801 2500 a
827 2463 1067 2516 philosophiae
1095 2464 1259 2504 doctrina

299 2523 482 2562 absistere.
506 2527 551 2561 At
571 2524 631 2562 ille
647 2523 806 2575 quidem,
828 2534 1001 2577 tyrannus
1017 2556 1026 2572 ‚
1048 2525 1205 2565 infidelis
1225 2537 1259 2566 et

300 2598 436 2632 saevus,
457 2585 520 2636 qui
537 2585 581 2624 ad
608 2585 834 2624 evertendam
856 2587 1115 2639 rempublicam
1131 2598 1257 2628 cuncta

299 2646 514 2684 moliebatur
532 2677 541 2694 ‚
578 2647 772 2699 alienisque
803 2648 838 2686 in
871 2648 975 2686 malis
1006 2649 1254 2700 gloriabatur,

300 2722 434 2756 gnarus
450 2708 537 2746 nihil
555 2708 701 2761 perinde
715 2719 822 2760 atque
839 2709 941 2748 talem
954 2711 1147 2763 jussionem
1164 2712 1260 2764 opti-

302 2782 398 2805 mum
424 2769 628 2821 reipublicae
654 2779 788 2808 statum
817 2785 917 2823 posse
943 2781 1162 2824 pervertere,
1183 2773 1259 2810 lure

303 2843 408 2866 citisus
428 2839 487 2867 cst.
503 2834 545 2867 At
567 2831 601 2868 hi
619 2830 752 2877 fideles,
768 2831 848 2869 etin
870 2833 957 2870 bene
978 2833 1148 2870 institutis
1166 2833 1256 2872 civi-

302 2892 433 2929 tatibus
455 2893 620 2941 degentes
636 2923 645 2937 ‚
665 2893 858 2944 liberisque
876 2893 951 2932 suis
973 2894 1176 2933 consultum
1197 2909 1259 2934 cu-

303 2953 456 3004 pit-nte5,
478 2953 550 2991 lia-c
570 2954 692 2992 exult-in
714 2955 810 3005 loqui
828 2955 973 3001 audent,
987 2971 1065 3007 quae
1087 2965 1258 3010 tyrannus

304 3014 364 3051 ille
383 3014 474 3052 circa
503 3014 665 3053 subditos
684 3030 787 3065 suos,
810 3031 871 3055 nce
891 3017 1114 3055 erubescunt.
1137 3021 1259 3066 Quare

303 3077 339 3113 hi
359 3077 420 3127 qui
447 3078 496 3115 sic
514 3077 757 3129 indignantur,
775 3079 888 3130 magis
908 3094 1016 3131 quam
1039 3079 1113 3128 illi,
1136 3080 1257 3119 admi-

306 3139 444 3176 ratione
458 3138 558 3189 (ligni
574 3149 666 3177 sunt.
687 3140 824 3178 Idcirco
839 3150 872 3179 et
889 3155 954 3192 ego
972 3141 1050 3180 illos
1067 3141 1191 3180 missos
1210 3142 1254 3180 sa-

303 3198 411 3246 ciens,
436 3199 500 3236 lios
516 3200 575 3249 qui
596 3200 627 3236 iu
650 3200 774 3252 primis
795 3216 915 3239 curam
937 3202 1094 3240 liliorum
1115 3213 1254 3254 gerunt,

305 3260 376 3298 imo
396 3260 517 3313 potins
532 3275 651 3309 gerere
668 3261 876 3312 debuerant,
893 3278 960 3302 non
977 3273 1096 3302 autcin
1114 3273 1257 3317 gerunt,

348 3387 364 3410 i,
388 3386 442 3418 Sic
468 3386 567 3418 savit.
588 3394 620 3418 rt
641 3384 708 3417 cluo
733 3387 808 3419 δίκε.
836 3389 877 3419 At
907 3388 1018 3420 Murel.

306 3444 395 3474 θιωι.

1056 3394 1205 3424 rumara
1215 3409 1221 3420 ι
1250 3395 1310 3423 [7ῗῖ

1324 233 1532 264 tancmer.
1570 234 1930 266 CONSTANTINOP.

1337 314 1390 354 ὅτι
1411 317 1449 355 οὗ
1471 316 1574 368 μόνον
1609 317 1787 370 ἀλλότριοί
1817 334 1918 365 τινες,
1952 317 2012 356 καὶ
2043 317 2140 358 οὐδὲν
2165 324 2236 364 τοῖς
2263 335 2361 371 συμ-

1338 377 1599 430 Θουλευομένοις
1647 380 1883 432 προσήκοντες
1935 384 2079 419 τοιαῦτα
2124 382 2363 432 ἀγανακτοῦσι

1337 439 1397 478 καὶ
1429 440 1734 492 δυσχεραίνουσιν,
1776 441 1866 480 ἀλλὰ
1899 446 2075 492 συγγενεῖς
2125 442 2184 480 καὶ
2213 442 2363 495 πατέρες

1337 502 1464 552 ἔμαθον
1513 502 1601 554 ὑπὲρ
1648 502 1777 541 τούτων
1812 504 2021 555 ὀργίζεσθαι.
2063 502 2189 540 Καίτοι
2220 518 2260 553 γε
2299 505 2363 542 οὐκ

1336 565 1450 615 ἀγνοῶ
1476 563 1531 603 ὅτι
1564 564 1687 603 πολλοὶ
1720 565 1805 617 πρὸς
1848 564 1911 614 μὲν
1948 562 2028 607 τοὺς
2065 563 2221 616 πατέρας
2256 567 2360 603 τοῦτο

1335 627 1518 668 ποιοῦντας
1551 626 1589 662 οὐ
1624 625 1755 676 σφόδρα
1786 624 2071 671 ἐκπλήττονται·
2105 623 2363 675 ἀποπνίγεσθαι

1336 684 1373 722 δέ
1389 700 1473 737 φασι
1497 688 1547 737 τῷ
1579 688 1699 738 θυμῷ,
1727 685 1810 724 ὅταν
1833 685 1935 724 ἴδωσι
1962 685 2041 730 τοὺς
2071 685 2162 736 μήτε
2183 685 2364 738 πατέρας,

1336 746 1426 796 μήτε
1445 746 1582 798 φίλους,
1618 747 1707 797 μήτε
1734 753 1929 798 συγγενεῖς,
1964 747 2054 798 μήτε
2085 747 2228 786 ἄλλοθέν
2259 750 2365 785 ποθεν

1336 807 1573 854 ἐπιτηδείους,
1607 808 1777 852 πολλάκις
1810 809 1844 847 δὲ
1882 808 1941 847 καὶ
1975 811 2134 860 ἀγνῶτας
2165 804 2268 854 ὄντας
2294 814 2365 854 τοῖς

1335 869 1532 920 φιλοσοφεῖν
1569 869 1788 920 αἱρουμένοις
1819 869 1859 908 τὸ
1889 870 1974 908 αὐτὸ
1998 874 2101 908 τοῦτο
2133 870 2362 923 πάσχοντας,

1336 929 1394 966 καὶ
1414 930 1547 978 μᾶλλον
1582 931 1651 967 τῶν
1681 931 1843 983 πατέριον
1876 930 2123 982 δακνομένους,
2159 931 2220 969 καὶ
2255 931 2366 970 πολε-

1337 995 1508 1040 μοῦντας,
1552 991 1612 1029 καὶ
1660 995 1941 1043 κατηγοροῦντας
1989 995 2059 1031 τῶν
2101 992 2365 1031 ἀναπεισάντων

1336 1050 1472 1095 αὐτούς.
1496 1051 1601 1102 Ἐμοὶ
1621 1051 1657 1090 δὲ
1673 1051 1688 1072 ¹‘
1702 1053 1900 1091 τούναντίον
1918 1048 2007 1091 εἶναι
2027 1054 2120 1093 δοκεῖ
2145 1052 2359 1103 θαυμαστόν.

1335 1112 1426 1157 Τοὺς
1446 1112 1509 1163 μὲν
1531 1113 1599 1166 γὰρ
1619 1113 1708 1164 μήτε
1729 1114 1958 1165 κηδεμονίας,
1980 1114 2069 1165 μήτε
2089 1115 2204 1167 φιλίας
2221 1113 2368 1166 ἔχοντάς

1335 1189 1368 1211 τι
1389 1174 1571 1225 δικαίωμα
1584 1205 1593 1222 ,
1614 1174 1710 1213 οὐδὲν
1734 1174 1878 1218 ἀπεικός
1897 1177 1990 1214 ἐστιν
2008 1177 2066 1214 ἐπὶ
2086 1181 2157 1219 τοῖς
2170 1174 2367 1228 ἀλλοτρίοις

1335 1237 1452 1285 ἀλγεῖν
1487 1237 1629 1286 ἀγαθοῖς
1646 1266 1656 1283 ,
1679 1239 1729 1288 πῇ
1765 1237 1828 1286 μὲν
1857 1237 1925 1275 ὑπὸ
1946 1237 2140 1287 βασκανίας
2176 1235 2367 1287 ἁλισκομέ-

1333 1311 1433 1343 νους,
1453 1299 1503 1348 πῇ
1524 1295 1560 1334 δὲ
1581 1299 1643 1344 τῆς
1663 1297 1792 1340 οἰκείας
1811 1297 1938 1340 κακίας
1956 1296 2020 1343 τὴν
2047 1300 2114 1336 τῶν
2133 1298 2247 1336 ἄλλων
2267 1296 2366 1336 ἀπώ-

1335 1358 1433 1395 λειαν
1453 1361 1467 1378 ⁶
1495 1358 1660 1410 εὐτυχίαν
1689 1352 1777 1396 εἶναι
1804 1359 2027 1408 νομίζοντας,
2058 1358 2186 1402 ἀθλίως
2210 1359 2273 1408 μὲν
2305 1359 2366 1397 καὶ

1334 1417 1589 1471 ταλαιπώρως,
1620 1418 1823 1470 νομίζοντας
1853 1420 1882 1457 δ’
1913 1413 1972 1457 οὗν
2008 1419 2104 1470 ὅμως
2123 1434 2131 1443 ·
2160 1420 2200 1459 τὸ
2233 1419 2268 1458 δὲ
2287 1418 2365 1464 τοὺς

1333 1479 1635 1531 γεννησαμένους,
1681 1479 1759 1524 τοὺς
1805 1480 2133 1535 ἀναθρεψαμένους,
2171 1479 2251 1525 τοὺς
2284 1483 2364 1520 καθ’

1333 1541 1485 1589 ἑκάστην
1516 1542 1726 1594 εὐχομένους
1768 1542 1904 1594 ἡμέραν
1939 1542 2237 1596 εὐδοκιμωτέρους
2268 1545 2364 1595 σφῶν

1335 1603 1446 1640 αὐτῶν
1468 1601 1546 1647 τοὺς
1574 1604 1702 1647 παῖδας
1724 1604 1830 1651 ἰδεῖν,
1852 1602 1931 1647 τοὺς
1955 1603 2071 1642 πάντα
2100 1603 2157 1642 διὰ
2183 1608 2284 1643 τοῦτο
2303 1603 2363 1642 καὶ

1332 1668 1516 1707 ποιοῦντας
1555 1665 1614 1702 καὶ
1659 1664 1886 1717 πάσχοντας·
1921 1664 2061 1708 τούτους
2097 1664 2133 1704 δὲ
2164 1664 2285 1717 ὥσπερ
2322 1665 2363 1704 ἔκ

1332 1741 1423 1769 τινος
1444 1726 1550 1776 μέθης
1579 1725 1743 1778 ἐξαίφνης
1772 1726 2098 1777 μεταὸαλλομένους
2131 1728 2264 1778 ἀλγεῖν,
2302 1725 2361 1765 ἐπὶ

1332 1787 1518 1839 φιλοσοφίᾳ
1536 1791 1606 1826 τῶν
1625 1788 1760 1827 παίδων
1792 1788 1973 1838 ἀγομένων
1995 1789 2122 1831 αὐτοῖς·
2146 1787 2249 1826 τοῦτό
2267 1788 2363 1826 ἐστιν

1331 1848 1525 1898 ὃμάλιστα
1553 1849 1695 1888 πάντων
1727 1847 1796 1901 ἐγὼ
1829 1849 2022 1900 θαυμάζω,
2054 1848 2114 1887 καὶ
2150 1851 2210 1886 τοῦ
2246 1847 2364 1888 πάντα

1331 1911 1535 1964 διεφθάρθαι
1553 1911 1743 1964 τεκμήριον
1772 1904 1858 1949 εἶναί
1877 1927 1967 1963 φημι
1987 1909 2121 1949 ἱκανόν.
2151 1912 2267 1949 Τοῦτο
2291 1909 2362 1962 γὰρ

1331 1972 1400 2009 οὐδ’
1423 1971 1482 2009 ἐπὶ
1508 1974 1577 2009 τῶν
1611 1971 1807 2022 ἔμπροσθεν
1835 1970 1968 2023 χρόνων
1992 1969 2068 2023 ἔχοι
2099 1985 2151 2014 τις
2189 1969 2230 2007 ἂν
2262 1984 2361 2021 γεγε·

1331 2031 1479 2082 νημένον
1509 2034 1640 2077 εἰπεῖν,
1682 2031 1739 2070 ὅτε
1784 2031 1843 2069 καὶ
1878 2031 1921 2070 τὰ
1952 2033 2015 2077 τῆς
2051 2031 2187 2078 πλάνης
2221 2030 2361 2084 ἐκράτει

1329 2093 1501 2143 λαμπρῶς
1525 2109 1532 2116 ·
1554 2092 1634 2130 ἀλλ’
1661 2091 1798 2142 ἐγένετο
1819 2091 1880 2142 μὲν
1903 2091 1996 2136 ἅπαξ
2026 2093 2062 2129 ἐν
2089 2091 2273 2138 Ἑλληνίδι
2291 2091 2360 2130 πό-

1329 2156 1383 2192 λει
1401 2182 1409 2199 ,
1429 2154 1685 2206 τυραννουμένῃ
1709 2153 1756 2191 δέ.
1779 2152 1872 2191 Οὐδὲ
1893 2152 1961 2204 γὰρ
1982 2153 2024 2199 δὴ
2042 2152 2120 2191 τότε
2139 2156 2208 2191 τῶν
2231 2153 2360 2204 γονέων

1330 2231 1383 2258 τις
1403 2215 1563 2266 καθάπερ
1591 2218 1663 2259 νῦν,
1684 2215 1761 2253 ἀλλ’
1778 2217 1809 2252 οἱ
1830 2213 1894 2260 τὴν
1918 2214 2110 2265 ἀκρόπολιν
2133 2214 2361 2253 καταλαὸόν-

1331 2292 1398 2323 τες,
1422 2278 1553 2327 μᾶλλον
1576 2275 1612 2313 δὲ
1641 2275 1716 2314 οὐδὲ
1737 2269 1831 2313 οῦτοι
1853 2274 1992 2319 πάντες,
2016 2274 2107 2313 ἀλλὰ
2137 2275 2196 2313 καὶ
2227 2273 2358 2313 τούτων

1331 2340 1443 2376 αὐτῶν
1472 2340 1490 2376 ὃ
1513 2336 1734 2388 μιαρώτατος
1765 2336 1822 2374 τὸν
1852 2335 2048 2388 Σωκράτην
2079 2335 2254 2382 καλέσας,
2277 2335 2358 2374 ἐκέ-

1330 2400 1409 2437 λευε
1427 2401 1496 2437 τῶν
1527 2398 1615 2451 ὑπὲρ
1646 2397 1850 2451 φιλοσοφίας
1881 2399 2079 2442 ἀποστῆναι
2114 2397 2240 2450 λόγων.
2263 2397 2356 2435 Ἀλλ’

1331 2463 1458 2504 ἐκεῖνος
1492 2459 1554 2511 μὲν
1598 2459 1658 2498 καὶ
1695 2459 1857 2512 τύραννος
1893 2459 1951 2497 καὶ
1994 2459 2142 2502 ἄπιστος
2174 2458 2234 2497 καὶ
2265 2458 2361 2509 ὠμὸς

1332 2522 1393 2561 καὶ
1416 2524 1471 2560 ἐπ’
1496 2524 1676 2573 ἀνατροπῇ
1705 2524 1767 2567 τῆς
1793 2520 1973 2563 πολιτείας
1997 2520 2137 2558 ἅπαντα
2167 2520 2357 2572 πράττων,

1333 2585 1393 2623 καὶ
1429 2591 1502 2627 τοῖς
1547 2583 1742 2634 ἀλλοτρίοις
1784 2583 1958 2633 ἐντρυφῶν
1998 2587 2135 2628 κακοῖς,
2167 2581 2227 2619 καὶ
2261 2580 2361 2623 εἰδὼς

1332 2646 1388 2684 ὅτι
1411 2644 1591 2683 πολιτείαν
1610 2643 1756 2695 ἀρίστην
1787 2642 1884 2681 οὐδὲν
1917 2641 2035 2693 ἕτερον
2071 2641 2264 2693 ἀνατρέψαι
2303 2642 2361 2681 δύ·

1333 2721 1436 2743 ναται
1451 2736 1460 2753 ,
1480 2707 1526 2748 ὡς
1547 2705 1586 2742 τὸ
1605 2707 1758 2742 τοιοῦτον
1780 2703 1957 2753 ἐπίταγμα
1975 2732 1983 2748 ,
2004 2706 2117 2740 ταῦτα
2139 2702 2334 2753 ἐτόλμησεν
2351 2718 2359 2726 ·

1334 2761 1427 2805 οὗτοι
1444 2766 1480 2804 δὲ
1507 2765 1645 2810 πιστοὶ,
1668 2763 1728 2803 καὶ
1756 2765 1790 2801 ἐν
1816 2763 2084 2814 εὐνομουμέναις
2105 2763 2206 2809 δῆθεν
2236 2763 2361 2802 πόλεσι

1333 2830 1476 2874 ζῶντες,
1507 2827 1567 2864 καὶ
1594 2824 1675 2877 περὶ
1708 2824 1843 2863 παίδων
1873 2827 1942 2862 τῶν
1966 2827 2078 2862 αὐτῶν
2102 2824 2358 2875 βουλευόμενοι,

1334 2894 1444 2928 ταῦτα
1462 2888 1669 2941 ’,φθέγγεσθαι
1703 2889 1900 2937 τολμῶσιν,
1926 2885 1947 2923 ἃ
1967 2886 2046 2937 περὶ
2084 2889 2152 2924 τῶν
2172 2901 2361 2938 τυραννου-

1335 2952 1446 3003 μένων
1465 2953 1483 2988 ὁ
1504 2949 1668 3001 τύραννος
1686 2979 1695 2992 ,
1719 2947 1777 2985 καὶ
1797 2949 1857 2985 οὐκ
1885 2946 2109 2999 αἰσχύνονται
2126 2963 2134 2970 ·
2159 2946 2249 2986 ὥστε
2270 2946 2358 3000 ὑπὲρ

1331 3010 1490 3052 τούτων(Ι
1508 3011 1640 3061 μᾶλλον
1663 3009 1962 3062 δυσχεραινόντων
1980 3040 1989 3056 ,
2006 3009 2027 3055 ἢ
2050 3011 2119 3047 τῶν
2139 3009 2256 3047 ἄλλων
2276 3012 2363 3047 θαυ-

1335 3076 1455 3128 μάζειν
1477 3073 1558 3126 χρή.
1581 3072 1648 3111 Καὶ
1674 3071 1731 3110 διὰ
1750 3076 1850 3110 τοῦτο
1870 3071 1929 3109 καὶ
1961 3071 2063 3115 αὐτὸς
2097 3070 2238 3110 ἐκείνων
2271 3070 2360 3123 ἀφέ-

1336 3152 1460 3189 μενος,
1496 3134 1629 3178 τούτοις
1663 3127 1711 3176 οἷς
1753 3133 1907 3182 μάλιστα
1949 3133 2046 3182 μέλει
2082 3134 2150 3171 τῶν
2195 3130 2360 3180 παίδων,

1336 3200 1469 3249 μᾶλλον
1499 3195 1534 3234 δὲ
1555 3190 1602 3238 οἶς
1623 3194 1739 3246 μέλειν
1773 3192 1836 3243 μὲν
1869 3193 1960 3241 ἔδει,
1986 3194 2083 3244 μέλει
2112 3192 2146 3232 δὲ
2181 3193 2358 3243 οὐδαμῶς,

1336 3262 1537 3312 διαλέξομαι
1571 3262 1755 3313 προσηνῶς
1792 3259 1850 3297 καὶ
1887 3259 1961 3310 μετ’
1983 3257 2170 3302 ἐπιεικείας
2205 3258 2356 3305 πολλ’ἧς,

1395 3397 1406 3410 ‘
1434 3390 1570 3427 ερταχίαμ
1587 3382 1678 3415 ‹li-cst
1697 3384 1727 3414 in
1747 3381 1876 3415 (luobus
1896 3383 1971 3415 Mss.

1398 3440 1410 3458 ’“
1436 3440 1488 3472 Sic
1507 3449 1620 3470 omncs
1639 3443 1754 3478 proetrr
1774 3434 1885 3468 Morcl.
1902 3435 1957 3479 qui
1976 3433 2074 3467 lmbct
2089 3438 2236 3477 μάλιατκ.
