2513 3871
188 2488 325 2522 Iob-3¹·
346 2494 372 2517 Ι·

371 191 467 238 280

367 301 481 336 crum,
498 289 642 338 quando
657 289 802 341 propria
820 302 1008 328 servamus
1023 288 1200 339 membra,
1218 288 1281 328 sed
1293 298 1328 328 et

367 348 512 400 quando
531 349 623 389 alios
642 349 679 388 in
697 350 827 401 majori
849 350 1039 389 securitate
1055 349 1324 390 constituimus.

367 409 542 458 Quamvis
555 409 651 448 enim
664 410 797 448 millies
810 410 1092 464 philosopheris,
1102 410 1329 464 redargueris

367 478 483 508 tamen
505 483 568 522 per
585 484 709 523 opera,
725 470 900 510 damnum
918 485 963 511 ex
979 471 1046 510 hac
1063 472 1328 512 cohabitatione

365 539 578 583 accepturus
601 545 670 570 non
694 531 853 584 vulgare.
876 532 1031 579 Quando
1050 534 1145 573 enim
1166 543 1199 573 te
1223 534 1326 574 video

367 592 414 630 ita
431 592 541 631 avelli
557 607 626 632 non
647 606 747 646 posse
760 623 771 640 ‚
788 603 823 632 et
840 594 954 633 millia
973 608 1097 634 eorum
1117 595 1324 649 despicere,

366 666 445 705 qua:
457 651 628 692 damnum
644 654 812 702 inserunt,
824 669 887 694 nec
897 656 1057 695 converti
1070 666 1102 695 te
1115 665 1188 696 tam
1204 657 1329 696 multis

364 714 726 768 reprehendentibus,
746 716 811 756 scd
828 726 862 755 et
881 717 1034 769 gloriam
1054 727 1152 757 tuam
1174 719 1328 758 ooncul-
1355 724 1380 755 Β

367 791 470 825 care,
500 778 736 829 Ecclesiaeque
759 792 927 831 magnam
949 779 1123 819 invidiam
1151 780 1326 831 conflare,

366 846 473 890 atque
501 837 706 878 infidelium
730 854 792 878 ora
819 841 981 893 aperire,
1009 854 1204 893 omnesque
1233 843 1329 881 mala

367 899 535 952 opinione
552 900 726 950 imbuere,
745 910 779 940 et
798 910 895 942 tanta
915 901 1061 954 quidem
1081 917 1128 942 ex
1146 904 1330 943 cohabita·

368 960 465 999 tione
489 961 586 1000 nasci
612 961 720 1010 mala,
748 962 890 1002 nullum
911 972 1031 1002 autem
1050 964 1239 1016 provenire
1259 965 1329 1003 bo-

369 1034 476 1069 num;
492 1034 540 1060 ex
561 1022 784 1074 separatione
803 1037 890 1062 vero
910 1023 1040 1063 horum
1060 1025 1223 1063 omnium
1250 1039 1330 1064 ma·-

368 1081 489 1121 lorum
518 1082 777 1130 sublationem,
806 1085 1004 1123 multorum
1030 1094 1151 1124 autem
1174 1086 1330 1124 aliorum

367 1142 545 1182 bonorum
576 1144 831 1195 possessionem
860 1145 1014 1197 adipisci
1043 1146 1172 1194 licere,
1201 1145 1331 1184 deinde

784 208 824 238 S.
862 207 1050 239 Joafims
1085 208 1327 239 ctttu'sosr.
1367 208 1575 241 Ancutsst».
1613 208 1971 241 CONSTANTINOP-

1405 291 1447 328 δι’
1467 291 1581 330 αὐτῶν
1605 292 1734 345 ἐλέγχῃ
1754 295 1823 331 τῶν
1847 291 2086 344 πραγμάτων,
2113 293 2151 330 οὖ
2169 291 2232 340 τὴν
2251 295 2423 345 τυχοῦσαν

1404 353 1591 406 διχόμονος
1630 354 1766 405 βλάὸην
1806 354 1877 393 ἀπὸ
1918 355 1980 399 τῆς
2013 352 2247 400 συνοικήσεως
2282 352 2424 399 ταύτης.

1403 413 1520 454 Ὅταν
1557 413 1626 467 γὰρ
1664 415 1726 453 ἴδω
1764 430 1803 453 σε
1837 413 2141 457 δυσαποσπάστως
2183 412 2334 466 ἔχοντα,
2364 414 2426 453 καὶ

1406 476 1538 529 μυρίων
1569 477 1823 527 βλαπτομένων
1853 479 2160 527 καταφρονοῦντα,
2194 474 2255 512 καὶ
2284 473 2426 513 πολλῶν

1405 536 1646 590 ἐγκαλούντων
1688 536 1765 576 οὐδὲ
1804 535 2122 589 ἐπιστρεφόμενον,
2154 535 2246 575 ἀλλὰ
2273 535 2336 574 καὶ
2361 533 2426 582 τὴν

1406 599 1505 645 δόξαν
1524 602 1653 638 σαυτοῦ
1681 602 1952 637 καταπατοῦντα
1964 626 1976 647 ,
1996 597 2122 649 καὶτῷ
2136 599 2243 649 κοινῷ
2263 599 2326 643 τῆς
2343 596 2429 635 Ἐκ-

1405 660 1553 708 κλησίας
1578 660 1875 712 προστριίόμενον
1892 658 2106 710 κατηγορίαν
2125 657 2281 705 πολλὴν,
2303 656 2365 696 καὶ
2383 655 2429 694 τὰ

1404 725 1475 761 τῶν
1495 721 1652 761 ἀπίστων
1671 721 1853 771 ἀνοίγοντα
1872 719 2044 770 στόματα,
2063 719 2125 758 καὶ
2141 718 2276 763 πάντας
2289 723 2429 770 πονηρᾷ

1405 783 1665 835 περιὸάλλοντα
1688 782 1781 834 δόξῃ,
1808 781 1869 820 καὶ
1893 785 2048 820 τοσαῦτα
2079 779 2144 831 μὲν
2170 779 2243 819 ἀπὸ
2259 782 2321 819 τοῦ
2346 793 2428 818 συν·

1405 850 1512 883 οικεῑν
1545 844 1658 891 κακὰ,
1697 843 1826 895 ἀγαθὸν
1860 841 1896 881 δὲ
1930 841 2040 893 μηδὲν
2075 843 2159 893 ὑμῖν
2189 840 2430 894 ἕγγινόμενσν,

1406 906 1476 946 ἀπὸ
1510 905 1546 944 δὲ
1583 909 1644 945 τοῦ
1677 909 1879 958 χωρισμοῦ,
1911 903 2042 942 τούτων
2074 902 2138 955 μὲν
2169 902 2334 941 ἁπάντων
2364 900 2430 949 τὴν

1406 968 1582 1020 α’ναίρεσιν
1615 970 1683 1006 τῶν
1717 969 1858 1014 κακῶν,
1897 967 2036 1004 πολλῶν
2071 966 2107 1004 δὲ
2151 965 2280 1016 ἑτέρων
2306 965 2431 1010 κτῆσιν

1405 1030 1564 1080 ἀγαθῶν,
1603 1022 1678 1066 εἶτα
1715 1029 1778 1067 οὒκ
1811 1027 2023 1080 ἀνεχόμενον
2068 1027 2320 1074 ἀποτι-ηδῆσαι,
2354 1025 2432 1067 πῶς

1406 1089 1600 1140 δυνήσομαι
1642 1096 1762 1128 πεῖσαι
1805 1088 1883 1132 τοὺς
1927 1090 2180 1140 ἐγκαλοῦντας,
2220 1088 2274 1126 ὅτι
2314 1085 2432 1131 πάσης

1407 1151 1608 1198 ἀπήλλαξαι
1640 1154 1655 1172 ⁶
1681 1150 1946 1202 προσπαθείας,
1977 1150 2037 1188 καὶ
2070 1148 2257 1200 ἐπιθυμίας
2292 1141 2326 1198 αἶ
2360 1162 2430 1186 πο·

369 1217 451 1242 cum
473 1203 611 1242 resilire
630 1204 721 1242 nolis
734 1234 745 1251 ,
769 1204 950 1255 quomodo
972 1205 1186 1257 persuadere
1208 1216 1396 1258 ροισι-ου,
1408 1218 1515 1265 νηρᾶς
1534 1211 1703 1263 χαθαρόςς
1724 1213 1869 1250 Μᾶλλον
1896 1211 1933 1250 δὲ
1952 1212 2048 1250 οὐδὲν
2063 1211 2151 1264 ὑπὲρ
2164 1209 2296 1249 τούτων
2328 1209 2433 1261 φιλο-

369 1264 452 1303 aliis
471 1263 566 1314 qu⁰d
586 1264 786 1302 affectionis
808 1266 858 1303 sis
882 1279 1030 1318 expers,
1057 1275 1092 1304 et
1114 1281 1134 1304 a
1157 1266 1333 1318 000cupi·
1359 1269 1383 1298 Λ
1408 1275 1534 1310 νεικῶ·
1553 1273 1632 1310 ἀλλ’
1658 1272 1750 1311 ἔστω
1768 1288 1808 1311 σε
1826 1266 1916 1310 εἶναι
1935 1272 1995 1310 καὶ
2018 1274 2242 1311 συνοικοῦντα
2257 1269 2411 1322 καθαρόν
2424 1285 2432 1293 ·

369 1323 502 1362 soentia
523 1323 615 1361 mala
640 1325 785 1376 purus?
813 1326 889 1364 Imo
913 1339 998 1365 vero
1022 1339 1130 1379 super
1157 1327 1214 1364 his
1241 1327 1333 1365 nihil

371 1384 568 1434 eontend0;
587 1384 650 1424 sed
669 1394 747 1425 esto
767 1386 868 1437 quod
885 1386 935 1426 sis
953 1387 1063 1425 etiam
1091 1387 1334 1426 cohabitando

375 1459 503 1499 purus,
516 1446 682 1497 quamvis
698 1460 742 1486 ne
759 1447 830 1487 Job
844 1446 991 1499 quidem
1007 1448 1072 1486 ille
1086 1448 1212 1487 beatus
1227 1462 1337 1488 ausus

371 1508 442 1547 fuit
467 1516 603 1546 tantam
626 1507 797 1548 virtutem
816 1518 850 1548 et
869 1509 1082 1562 sapientiam
1101 1510 1173 1549 sihi
1196 1510 1334 1549 adscri-

373 1569 484 1617 bere;
505 1569 566 1607 sed
578 1568 642 1619 qui
656 1582 797 1608 omnem
814 1570 1079 1609 transcenderat
1097 1571 1281 1619 virtutem,
1292 1586 1337 1610 ex

375 1630 542 1669 omnibus
553 1629 691 1669 diaboli
707 1631 842 1669 retibus
859 1640 1057 1681 extractus;
1073 1634 1135 1683 qui
1153 1632 1292 1684 primus
1304 1642 1338 1670 et

377 1692 473 1731 solus
489 1700 623 1730 tantam
637 1691 882 1731 fortitudinem
899 1692 1171 1740 demonstravit,
1186 1702 1220 1732 et
1234 1707 1338 1732 omne

378 1754 513 1793 ferrum
539 1761 574 1791 et
599 1752 824 1792 adamantem
850 1767 914 1791 sua
940 1754 1155 1793 continentia
1184 1763 1337 1807 praeter-

379 1827 521 1866 gressus
537 1813 774 1852 subnervavit
790 1813 926 1852 diaboli
948 1823 1172 1866 potestatem,
1198 1815 1249 1853 sic
1272 1829 1340 1853 ve-

380 1875 472 1914 ritus
483 1883 559 1914 erat
571 1875 680 1913 talem
699 1889 871 1928 pugnam,
890 1885 923 1913 et
942 1876 989 1914 ita
1008 1877 1150 1928 putavit
1169 1877 1341 1929 impossi-

380 1936 455 1975 bile
464 1949 539 1974 esse
552 1935 756 1974 cohabitare
768 1936 901 1987 virgini
913 1936 990 1975 sine
999 1937 1130 1976 damno
1142 1946 1175 1975 et
1191 1952 1338 1990 purum,

383 2005 423 2036 ut
441 2010 512 2035 non
531 1997 645 2035 solum
661 2010 681 2034 a
696 1996 958 2036 cohabitatione
971 1998 1030 2036 tali
1051 1998 1175 2051 procul
1190 2007 1223 2037 et
1238 1998 1343 2051 longe
1371 2009 1393 2039 B

382 2057 565 2111 seipsum,
592 2057 655 2095 sed
680 2066 715 2095 et
739 2057 786 2095 ab
804 2067 947 2110 aspectu
967 2073 1116 2111 prorsus
1133 2068 1167 2097 et
1193 2073 1343 2098 consor-

385 2118 436 2157 tio
464 2117 701 2165 subduxerit,
735 2118 919 2170 legemque
946 2120 1104 2172 posuerit
1127 2120 1243 2159 oculis
1269 2121 1345 2159 suis

385 2179 531 2218 omnino
546 2179 581 2217 in
597 2179 770 2231 virginem
786 2194 830 2217 ne
843 2182 1017 2232 respicere
1026 2180 1185 2232 quidem.
1199 2182 1345 2221 Sciebat

384 2240 481 2279 enim
500 2249 535 2278 et
557 2240 668 2292 probe
686 2250 831 2278 noverat
852 2240 948 2292 quod
968 2255 1036 2280 non
1057 2243 1174 2280 solum
1196 2242 1345 2281 cohabi—

387 2310 542 2348 tantem,
573 2300 637 2339 sed
662 2309 695 2339 et
722 2301 952 2353 aspicientem
979 2302 1118 2341 curiose
1150 2304 1186 2341 in
1218 2304 1345 2343 faciem

390 2361 544 2413 virginis
566 2361 733 2409 difficile,
755 2363 846 2401 sorte
866 2371 986 2401 autem
1004 2373 1039 2402 et
1062 2364 1284 2417 impossibile
1302 2366 1347 2404 sit

388 2424 546 2474 effugere
573 2423 769 2470 damnum,
801 2423 899 2475 quod
929 2424 1011 2463 inde
1037 2425 1167 2466 oritur.
1197 2427 1348 2479 Propter

389 2484 488 2537 quod
497 2493 530 2524 et
541 2483 695 2534 dioebat,
707 2486 935 2538 Necogilem
948 2487 1106 2538 quidem
1121 2488 1168 2525 de
1182 2491 1347 2540 virgine.

445 2546 484 2584 5.
505 2547 550 2585 At
563 2546 594 2584 si
613 2560 746 2599 parvus
761 2547 904 2586 videtur
919 2546 986 2585 tibi
1004 2547 1053 2586 ad
1072 2557 1247 2587 certamen
1267 2549 1350 2597 Job,

391 2607 558 2660 quamvis
582 2621 706 2646 revera
728 2621 842 2659 neque
861 2617 1015 2648 stercore
1034 2609 1133 2648 illius
1155 2609 1269 2648 simus
1289 2610 1351 2649 di-

393 2669 471 2721 gni;
485 2666 729 2708 verumtamen
749 2669 832 2707 licet
848 2669 966 2708 minus
983 2679 1044 2709 tua
1059 2671 1353 2722 magnanimitate

394 2744 470 2769 esse
483 2740 586 2783 putes
603 2730 823 2783 exemplum,
845 2731 961 2783 cogita
981 2731 1246 2771 vocalissimum
1265 2747 1354 2785 prae·

397 2805 520 2830 eonem
538 2791 700 2830 veritatis
720 2792 871 2830 Paulum
887 2822 899 2842 ,
918 2792 979 2844 qui
1003 2802 1118 2832 totum
1134 2793 1259 2832 orbem
1279 2793 1354 2832 cir-

1409 1332 1524 1371 καίτοι
1552 1348 1592 1383 γε
1617 1335 1637 1371 ὁ
1668 1332 1942 1385 μακάριοςἸὼ6
1968 1333 2033 1370 οὐκ
2060 1333 2235 1383 ἐτόλμησα
2259 1330 2434 1378 τοσαύτην

1410 1394 1525 1444 ἐαυτῷ
1552 1396 1777 1445 μαρτυρῆσαι
1804 1393 1953 1443 δύναμιν
1982 1393 2044 1430 καὶ
2070 1390 2295 1444 φιλοσοφίαν,
2318 1391 2397 1430 ἀλλ’
2415 1393 2435 1428 ὁ

1411 1461 1528 1493 πᾶσαν
1562 1453 1717 1493 ἐπελθὼν
1751 1454 1902 1506 ἀρετὴν,
1935 1454 1996 1492 καὶ
2024 1454 2168 1492 πάντων
2194 1453 2436 1506 δπῑρινιχθιὶς

1411 1517 1481 1553 τῶν
1500 1518 1560 1553 τοῦ
1588 1515 1752 1554 διαὸόλου
1780 1516 1949 1562 δικτύων,
1977 1516 2037 1553 καὶ
2067 1518 2206 1565 πρῶτος
2240 1514 2302 1553 καὶ
2333 1513 2436 1564 μόνος

1412 1576 1585 1624 τοσαύτην
1613 1577 1874 1627 ἐπιδειξάμενος
1901 1577 2113 1629 καρτερίαν,
2140 1576 2200 1615 καὶ
2231 1576 2350 1615 πάντα
2381 1576 2438 1614 σί-

1414 1639 1519 1689 δηρον
1550 1638 1609 1677 καὶ
1648 1639 1835 1689 ἀδάμαντα
1861 1641 1905 1690 τῇ
1935 1641 1999 1684 τῆς
2025 1640 2141 1690 ψυχῆς
2165 1636 2350 1689 παρελθὼν
2378 1638 2440 1688 ‘Y-

1415 1698 1578 1750 κρατεία,
1611 1700 1670 1737 καὶ
1703 1700 1905 1751 κατακόψας
1933 1704 1994 1737 τοῦ
2023 1699 2187 1737 διαῧόλου
2214 1698 2278 1745 τὴν
2311 1698 2437 1751 ἰσχὺν,

1414 1759 1524 1804 οὕτως
1551 1761 1716 1800 ἐδεδοίκει
1744 1763 1807 1808 τὴν
1838 1762 2002 1808 τοιαύτην
2033 1762 2163 1807 πάλην,
2195 1760 2255 1799 καὶ
2284 1760 2440 1811 ἐνόμιζεν

1416 1821 1585 1860 ἀδύνατον
1617 1817 1706 1860 εἶναι
1738 1826 1963 1861 συνοικοῦντα
2000 1822 2162 1875 παρθένῳ
2190 1821 2306 1872 μένειν
2334 1822 2439 1866 ἀσινῆ

1417 1883 1477 1921 καὶ
1496 1884 1647 1934 καθαρὸν
1662 1914 1672 1930 ,
1688 1886 1735 1927 ὡς
1758 1882 1807 1933 μὴ
1838 1884 1941 1933 μόνον
1959 1886 2020 1929 τῆς
2052 1883 2286 1929 συνοικήσεως
2311 1881 2442 1927 ταύτης

1419 1943 1553 1996 πόῤῥω,
1566 1945 1625 1983 καὶ
1643 1944 1783 1997 μακρὰν
1803 1945 1926 1983 ἑαυτὸν
1945 1947 2181 1992 καταστῆσαι,
2194 1942 2285 1983 ἀλλὰ
2300 1943 2361 1982 καὶ
2378 1944 2442 1989 τῆς

1418 2006 1530 2057 ὄψεως
1555 2008 1618 2051 τῆς
1636 2006 1757 2051 ἁπλῶς
1783 2006 1842 2044 καὶ
1863 2006 1932 2045 α’πὸ
1952 2006 2139 2057 συντυχίας
2158 2005 2363 2057 γινομένης,
2381 2003 2442 2042 καὶ

1419 2067 1525 2118 νόμον
1544 2067 1646 2114 ἔθηκε
1664 2073 1736 2111 τοῖς
1754 2069 1944 2119 ὀφθαλμοῖς
1957 2073 2028 2110 τοῖς
2047 2069 2170 2106 ἑαυτοῦ
2184 2096 2193 2112 ,
2210 2066 2300 2116 μηδὲ
2323 2065 2444 2108 ἁπλῦς

1420 2130 1470 2172 εἰς
1493 2129 1664 2182 παρθένον
1679 2128 1894 2184 ἰδεῖν.’ῌδει
1916 2131 2036 2180 σαφῶς
2050 2128 2132 2179 γὰρ.
2151 2127 2303 2180 ᾔδει,8ϊι
2318 2128 2358 2166 οὗ
2378 2126 2443 2177 μό-

1420 2206 1477 2229 νον
1502 2192 1560 2230 τὸν
1588 2194 1825 2239 συνοικοῦντα,
1841 2190 1933 2230 ἀλλὰ
1954 2190 2086 2229 καὶτὸν
2107 2189 2283 2241 βλέποντα
2299 2187 2445 2239 περιέρ-

1421 2267 1491 2303 γως
1507 2254 1554 2296 εἰς
1569 2253 1647 2305 ὄψιν
1660 2252 1875 2305 παρθενικὴν
1892 2251 2073 2299 δύσκολον,
2086 2251 2181 2303 τάχα
2197 2250 2234 2288 δὲ
2248 2250 2310 2289 καὶ
2322 2248 2449 2287 ἀδύνα-

1422 2328 1495 2359 τον,
1507 2313 1570 2360 τὴν
1587 2315 1718 2352 ἐκεῖθεν
1733 2314 1908 2365 διαφυγεῖν
1920 2318 1934 2334 “
1948 2312 2084 2364 βλάὸην
2101 2327 2108 2334 ·
2122 2311 2177 2349 διὸ
2188 2311 2304 2361 ἔλεγε·
2322 2309 2393 2349 Καὶ
2407 2310 2446 2347 οὐ

1423 2374 1564 2421 συνήσω
1582 2374 1641 2413 ἐπὶ
1660 2373 1834 2426 παρθένῳ.

1483 2550 1524 2588 Εἰ
1545 2549 1581 2587 δὲ
1610 2549 1733 2602 μικρός
1759 2564 1814 2588 σοι
1837 2549 1921 2600 πρὸς
1948 2548 2101 2598 ἅμιλλαν
2120 2551 2139 2585 ὁ
2158 2545 2256 2594 Ἰὼὸ,
2273 2543 2389 2585 καίτοι
2409 2561 2449 2596 γε

1427 2610 1505 2649 οὐδὲ
1521 2613 1582 2657 τῆς
1607 2609 1756 2661 κοπρίας
1779 2609 1885 2659 ἐσμὲν
1912 2607 2001 2652 ἄξιοι
2025 2610 2087 2654 τῆς
2103 2606 2248 2653 ἐκείνου,
2261 2605 2355 2654 πλὴν
2369 2607 2448 2645 ἀλλ’

1429 2674 1460 2710 εἰ
1482 2670 1627 2710 ἔλαττόν
1646 2687 1708 2710 σου
1729 2670 1880 2720 νομίζεις
1908 2671 1970 2715 τῆς
2000 2667 2264 2720 μεγαλοψυχίας
2293 2660 2382 2706 ιῖναι
2411 2667 2453 2706 τὸ

1428 2731 1806 2784 ὑπόδειγμα,ἐννόησον
1819 2731 1879 2770 τὸν
1893 2730 2222 2782 μεγαλοφωνότατον
2237 2729 2377 2781 κήρυκα
2389 2730 2453 2775 τῆς

1428 2792 1594 2841 ἀληθείας
1609 2793 1765 2839 Παῦλον,
1785 2792 1821 2834 ὃς
1846 2791 1987 2830 ἅπασαν
2002 2789 2195 2841 περιελθὼν
2208 2789 2273 2836 τὴν
2287 2787 2453 2840 obt-omnl-

398 2852 496 2901 cuit,
516 2861 551 2891 et
567 2852 686 2891 dicere
705 2854 823 2906 potuit
841 2854 950 2892 verba
968 2854 1029 2894 illa
1049 2855 1162 2894 multa
1181 2855 1356 2909 sapientia
1381 2871 1406 2902 c
1430 2871 1507 2902 νην,
1521 2854 1582 2892 καὶ
1596 2852 1750 2901 δυνηθεὶς
1764 2855 1872 2891 εἰπεῖν
1888 2853 2003 2890 ἐκεῖνα
2022 2851 2066 2890 τὰ
2082 2853 2213 2899 πολλῆς
2230 2851 2384 2903 γέμοντα
2399 2863 2455 2890 σο·

355 2950 362 2958 ,
400 2913 542 2960 referta,
561 2913 659 2964 quod
673 2928 741 2953 non
759 2915 835 2967 jam
851 2915 926 2968 ipse
946 2916 992 2954 sit
1011 2916 1150 2963 vivens,
1171 2916 1234 2955 sed
1253 2916 1357 2955 Chri-

343 3026 362 3040 h
402 2983 477 3013 stus
505 2977 542 3013 in
571 2976 663 3028 ipso,
690 2985 725 3015 et
751 2976 849 3027 quod
877 2976 1074 3016 crucifixus
1101 2978 1146 3017 sit
1169 2979 1304 3016 mundo
1325 2986 1359 3016 et

404 3035 560 3074 mundus
583 3036 676 3083 sihi,
695 3046 729 3075 et
748 3036 846 3088 quud
871 3038 1032 3089 quotidie
1057 3038 1254 3076 moriatur:
1281 3047 1359 3090 post

357 3095 386 3125 ¹⁷·
404 3105 536 3136 tantam
569 3098 716 3150 spiritus
742 3098 893 3149 gratiam
930 3108 963 3137 et
1001 3109 1096 3138 tanta
1123 3099 1357 3138 certaminum

403 3157 594 3208 specimina
616 3188 625 3205 ,
658 3169 737 3210 post
771 3160 1023 3198 inenarrabilia
1058 3160 1215 3213 pericula
1233 3189 1245 3208 ,
1280 3169 1359 3212 post

404 3226 475 3254 tam
491 3218 632 3257 eximia:
648 3220 842 3270 diligentiae
856 3231 891 3259 et
910 3222 1090 3273 sapientia:
1102 3221 1279 3267 studium,
1292 3221 1358 3260 dc-

405 3276 515 3316 clarat
535 3278 636 3317 nobis
650 3289 681 3318 et
699 3291 968 3329 commonstrat,
989 3283 1102 3334 quod,
1120 3282 1233 3322 donec
1246 3283 1358 3335 spira·

453 3418 463 3431 ·
490 3407 590 3439 Savil.
613 3415 806 3449 ταμταῡιιας.

1431 2916 1511 2969 φίας
1531 2915 1686 2968 ῥήματα,
1705 2914 1759 2952 ὅτι
1783 2914 1897 2953 οὐκέτι
1918 2914 2020 2957 αὐτὸς
2038 2914 2091 2960 εἴη
2115 2915 2205 2960 ζῶν,
2226 2914 2303 2952 ἀλλ’
2316 2911 2340 2959 ἢ
2360 2912 2454 2964 Χρι-

1434 2979 1512 3022 στὸς
1528 2980 1562 3017 ἐν
1582 2979 1688 3030 αὐτῷ,
1700 2976 1760 3014 καὶ
1773 2975 1828 3014 ὅτι
1847 2975 2064 3026 ἐσταύρωται
2079 2977 2130 3029 τῷ
2145 2973 2379 3028 κόσμῳ,καὶὸ
2392 2972 2453 3012 nd·

1434 3054 1521 3090 σμος
1538 3040 1648 3089 αὐτῷ,
1662 3038 1722 3076 καὶ
1737 3037 1791 3075 ὅτι
1809 3038 1887 3075 καθ’
1903 3037 2038 3087 ἡμέραν
2054 3035 2267 3083 ἀποθνήσκει
2284 3034 2375 3086 μετὰ
2391 3032 2455 3082 τὴν

1433 3100 1607 3146 τοσαύτην
1627 3102 1688 3138 τοῦ
1706 3097 1901 3148 πνεύματος
1921 3097 2025 3148 χάριν
2041 3097 2102 3136 καὶ
2116 3096 2180 3144 τὴν
2195 3095 2368 3142 τοσαύτην
2385 3095 2458 3133 τὸν

1434 3163 1547 3201 ἄθλων
1567 3160 1744 3206 ὶπίδιιξιν,
1762 3158 1851 3210 μετὰ
1877 3159 1955 3201 τοὺς
1981 3159 2133 3209 ἀφάτους
2157 3155 2347 3201 κινδύνους,
2367 3154 2457 3206 μετὰ

1435 3224 1496 3270 τὴν
1517 3221 1763 3273 ἠκριὸωμίνην
1777 3219 1994 3272 φιλοσοφίαν,
2013 3218 2145 3262 δεικνὺς
2159 3220 2245 3268 ἡμῖν
2263 3216 2325 3255 καὶ
2339 3231 2455 3268 παρα·

1437 3280 1623 3330 δηλῶν,ὅτι
1633 3281 1696 3323 ἕως
1707 3280 1747 3317 ἃν
1764 3281 1969 3329 ἐμπνέωμιν
1980 3280 2040 3317 καὶ
2053 3278 2115 3325 τὴν
2132 3278 2246 3329 σάρκα
2255 3269 2352 3328 ὦμεν
2360 3291 2457 3328 περι·

1487 3423 1499 3437 ⁸
1524 3414 1581 3444 Sil!
1592 3410 1624 3442 li·
1647 3415 1747 3449 jucer't.
