2513 3871
295 191 357 252 74

314 287 470 340 positum
488 288 565 340 ejus
583 287 782 336 considero,
807 302 905 335 uror,
927 288 1077 335 laceror,
1100 289 1266 328 disrum-

315 362 395 400 por.

367 724 403 762 5.
423 724 506 763 Haec
523 724 658 771 dicens,
675 727 908 778 provolvatur
921 727 1028 767 etiam
1044 728 1268 768 audientium

313 784 467 837 pedibus
482 816 490 832 ,
521 795 684 839 aspergat
711 787 828 826 cinere
847 798 975 841 caput,
999 789 1164 843 deturpet
1186 793 1271 843 pul-

313 861 396 885 vere
424 847 548 885 faciem
565 878 574 894 ,
603 862 794 900 omnesque
827 861 990 902 precetur
1021 861 1058 890 ut
1087 853 1270 904 porrigant

313 923 479 957 manum,
499 923 604 947 canos
624 910 777 949 vellicet.
797 912 891 950 Satis
909 922 995 965 puto
1010 914 1200 965 diligenter
1214 930 1271 953 ac-

314 979 511 1008 cusatorem
529 971 779 1019 instruximus,
801 972 847 1011 ad
871 974 1143 1014 inflammandos
1165 975 1273 1014 audi-

316 1039 408 1069 tores
426 1045 548 1070 omnes
563 1062 574 1077 ‚
597 1033 880 1085 incitandosque,
904 1045 940 1073 ut
962 1036 1091 1074 horum
1111 1046 1273 1075 auctores

316 1105 379 1144 per
411 1092 607 1145 praecipitia
640 1103 759 1145 agant.
795 1095 932 1133 Idcirco
968 1097 1063 1135 enim
1089 1111 1273 1150 supremas

317 1158 479 1195 omnium
496 1159 737 1197 accusationes
748 1160 868 1198 verbis
881 1163 1053 1214 expressi,
1073 1172 1125 1210 ut,
1145 1163 1210 1200 hoc
1227 1163 1273 1200 ita

315 1227 521 1271 comparato
539 1229 742 1258 accusatore
757 1234 820 1272 per
838 1221 999 1260 divinam
1020 1225 1172 1274 gratiam
1192 1238 1274 1275 pro-

316 1288 444 1328 strato,
468 1294 513 1317 ex
541 1280 690 1331 reliquis
723 1295 826 1320 nemo
845 1293 966 1335 postca
992 1285 1123 1322 mutire
1142 1285 1270 1321 valcat.

314 1341 431 1386 Nam,
466 1354 509 1377 eo
538 1341 596 1377 cui
618 1341 692 1378 haec
715 1344 833 1381 omnia
864 1344 971 1381 simul
997 1354 1201 1396 competunt
1228 1344 1276 1383 ad

315 1400 496 1438 silentium
514 1400 668 1450 redacto,
689 1402 750 1453 qui
774 1416 842 1441 nou
863 1405 981 1443 omnia
1003 1405 1109 1443 simul
1130 1405 1276 1444 habebit

314 1466 444 1513 (neque
461 1463 556 1500 enim
579 1463 654 1501 lieri
675 1473 811 1516 potest,
835 1475 873 1503 ut
891 1466 964 1504 haec
987 1468 1105 1506 omnia
1125 1482 1276 1505 concur-

316 1527 424 1571 rant),
444 1523 546 1561 sacile
562 1525 665 1562 nobis
679 1525 867 1564 victoriam
881 1528 1057 1567 concedet.
1076 1529 1142 1567 llic
1158 1530 1276 1581 itaque

319 1584 401 1631 ista,
423 1595 456 1623 et
475 1585 533 1623 his
554 1585 657 1638 plura
678 1587 786 1625 etiam
806 1587 985 1639 loquatur.
1008 1590 1086 1642 Ego
1106 1605 1192 1629 vero
1211 1594 1276 1644 ju-

318 1646 415 1685 dices
433 1648 559 1696 orabo,
581 1662 623 1686 ne
641 1649 758 1686 statim
781 1650 1014 1690 misereantur
1033 1652 1126 1690 senis
1147 1652 1275 1705 hujus,

320 1708 382 1746 sed
400 1718 584 1761 postquam
602 1709 719 1762 ipsum
737 1711 996 1751 ostenderimus
1012 1713 1128 1751 lilium
1144 1715 1278 1765 lugere,

321 1770 412 1808 nihil
435 1771 518 1808 mali
540 1786 744 1824 perpessum
759 1803 768 1819 ,
788 1787 912 1811 verum
933 1776 1100 1814 maximis
1123 1777 1277 1829 potitum

319 1831 435 1878 bonis,
453 1832 584 1883 quibus
601 1833 851 1872 excellentiora
869 1837 1017 1888 reperiri
1034 1849 1101 1874 non
1120 1847 1277 1890 possunt.

322 1893 428 1930 Tunc
447 1894 541 1931 enim
562 1895 718 1946 profecto
735 1896 962 1935 miseratione
980 1907 1011 1936 et
1033 1898 1203 1952 lacrymis
1223 1898 1281 1937 di-

322 1968 413 2004 gnus
429 1955 689 1994 existimandus
706 1966 772 2003 est,
792 1971 872 1995 cum
890 1958 962 1996 nati
979 1959 1182 1997 felicitatem
1199 1974 1280 1998 con-

323 2015 456 2067 spicere
476 2030 543 2054 non
565 2019 688 2069 possit,
708 2027 917 2070 tantumque
937 2020 1029 2059 absit
1051 2031 1087 2059 ut
1106 2022 1203 2059 illam
1228 2023 1281 2060 vi-

323 2075 403 2114 deat
417 2107 426 2121 ‚
447 2086 484 2114 ut
504 2087 683 2129 tamquam
702 2080 737 2117 in
758 2081 906 2118 summis
926 2083 1002 2134 ejus
1022 2083 1125 2120 malis
1146 2084 1280 2120 lamen-

323 2147 428 2179 tetur.
452 2140 642 2186 Quodnam
658 2156 742 2191 ergo
757 2144 823 2179 erit
843 2152 970 2181 nostrae
989 2144 1158 2182 orationis
1177 2159 1280 2182 exor-

324 2199 426 2238 dium
438 2201 456 2237 3’
479 2201 534 2239 Ab
552 2201 638 2254 ipsis
655 2203 785 2255 opibus
801 2218 841 2241 ac
858 2205 1032 2257 pecuniis,
1056 2205 1282 2257 quandoqui-

324 2262 405 2301 dem
423 2263 458 2301 id
477 2263 535 2301 ille
553 2265 706 2303 maxime
721 2267 880 2304 omnium
898 2267 1074 2320 deplorat,
1094 2268 1201 2320 idque
1216 2268 1282 2320 ipsi

327 2325 471 2364 videtur
497 2327 794 2375 acerbis-„imum
819 2329 846 2367 si
876 2329 1007 2368 divites
1035 2331 1099 2368 lilii
1129 2331 1173 2369 ad
1196 2332 1286 2369 lianc

325 2387 439 2425 vitam
453 2389 715 2441 pertrahantur.
734 2390 800 2429 Dic
812 2405 896 2443 ergo
913 2391 1017 2439 mihi,
1031 2401 1151 2430 utrum
1167 2405 1289 2430 omncs

327 2448 470 2487 beatum
486 2450 642 2489 dicimus
654 2461 686 2488 et
698 2452 803 2504 plane
815 2453 1073 2501 felicissimum,
1088 2468 1215 2492 eumne
1226 2454 1286 2503 qui

327 2511 363 2548 in
382 2512 438 2549 siti
455 2526 593 2565 semper
607 2522 747 2557 aestuat,
765 2514 908 2565 quique,
926 2524 1113 2567 antequam
1130 2516 1286 2568 priorem
1313 2531 1339 2558 A

325 2573 470 2611 calicem
488 2574 678 2622 sorbuerit,
690 2589 814 2614 rursus
825 2576 895 2614 alio
907 2576 1058 2628 indiget,
1071 2586 1176 2628 atque
1190 2590 1287 2614 sem-

327 2649 388 2686 per
411 2635 445 2672 in
469 2635 535 2674 hoc
553 2645 754 2688 perseverat
773 2646 886 2683 statu,
904 2652 947 2676 an
968 2652 1049 2676 euin
1067 2668 1075 2685 ‚
1095 2638 1156 2689 qui
1179 2651 1284 2690 supe-

327 2696 399 2733 rior
419 2696 483 2734 lmc
499 2698 704 2735 necessitate
723 2699 952 2746 constitutus,
973 2698 1048 2736 sine
1067 2699 1125 2737 siti
1146 2713 1285 2751 semper

328 2766 466 2805 manet,
495 2767 527 2795 et
551 2773 744 2810 numquam
765 2759 812 2798 ad
834 2759 1042 2812 hujusmodi
1065 2760 1280 2812 potationem

329 2818 498 2869 pellitur?
515 2834 628 2857 nonne
645 2821 705 2858 ille
724 2820 868 2872 quidem
886 2821 974 2859 febri
998 2831 1158 2874 correpto
1177 2822 1280 2860 simi-

330 2879 373 2916 lis
397 2888 469 2926 est,
491 2880 552 2931 qui
574 2881 827 2919 violentissima
850 2883 1055 2920 necessitate
1075 2882 1249 2935 premitur
1268 2913 1278 2928 ,

330 2940 466 2978 etiamsi
503 2956 547 2979 ex
580 2942 735 2980 sontibus
761 2943 959 2982 uberrimos
992 2944 1110 2982 latices
1137 2943 1280 2982 liam-ire

332 3001 457 3052 possit,
481 3002 538 3040 hic
555 3017 638 3040 vcro
657 3004 747 3041 liber
764 3012 814 3041 est
832 3019 911 3042 vera
930 3005 1105 3053 libertate,
1123 3014 1156 3042 et
1173 3019 1280 3042 sanus

333 3063 483 3113 perfecta
497 3064 658 3111 sanitate,
678 3064 863 3116 ipsamque
879 3075 1041 3103 naturam
1061 3074 1201 3118 superat
1219 3065 1286 3102 liu-

377 3204 390 3222 ⁴
416 3204 488 3235 Duo
517 3205 593 3236 Mss.
610 3213 644 3237 et
660 3206 759 3238 Savil.
779 3207 811 3238 in
829 3219 935 3249 marg.
960 3215 1153 3254 τρεπόμενον.
1171 3206 1344 3252 [Maliuius

334 3265 622 3302 παραπεμπόμενον.
642 3259 652 3300 ]

379 3314 391 3327 ”
418 3308 490 3339 Duo
504 3309 578 3340 Mas.
598 3317 626 3339 ct
654 3308 757 3341 Savil.
775 3317 1009 3345 mni-ramath».
1028 3313 1106 3343 Mox
1121 3309 1189 3343 duo
1207 3311 1281 3342 Mss.
1311 3318 1343 3341 et

335 3359 436 3394 Savil.
457 3361 488 3391 in
508 3372 612 3399 marg.
633 3368 711 3395 mr).
734 3371 783 3399 τῆς
801 3378 864 3405 κερ.
900 3363 988 3395 thid.
1006 3362 1073 3395 (luo
1096 3367 1288 3407 αἰσχυνὲαθω.

379 3418 385 3438 ¹
415 3415 458 3446 si«
486 3413 587 3447 Savil.
604 3423 636 3446 vt
651 3413 718 3445 ‹lut›
733 3414 808 3446 Ma».
827 3417 865 3445 At
884 3415 997 3449 §turs-l.
1017 3421 1161 3449 iac-'isiu-

727 206 766 236 S.
805 205 994 237 JOANMS
1027 206 1271 238 cnRYsosr.
1312 207 1520 241 AncutEt’.
1558 210 1919 243 CONSTANTINOP-

1341 303 1432 341 δοκῶ
1460 304 1580 342 λοιπὸν
1612 305 1678 343 ὑπὸ
1697 309 1756 344 τοῦ
1778 304 1906 356 φωτὸς,
1927 303 1987 342 καὶ
2017 306 2104 357 πρὸς
2122 307 2228 351 αὐτὰς
2247 308 2364 355 ἀηδῶς

1340 363 1412 416 ἔχω
1445 365 1509 409 τὰς
1537 368 1701 412 ἀκτῖνας,
1733 365 1815 404 ὅταν
1850 367 1899 410 εἷς
1932 369 2012 404 νοῦν
2041 367 2140 406 λα’ὅω
2172 370 2212 407 τὸ
2240 372 2364 420 σχῆμα

1341 430 1402 464 τοῦ
1448 427 1672 478 ταλαιπώρου
1710 428 1830 469 παιδὸς
1869 426 2021 476 ἐκείνου,
2053 427 2136 466 ὅταν
2164 432 2234 468 τῶν
2269 432 2365 468 εὐτε-

1342 487 1515 540 λεστέρων
1547 489 1720 541 ἀγροίκων
1752 488 1892 526 ἐκείνων
1934 489 2138 542 ἀτιμότερον
2170 490 2272 528 αὐτὸν
2297 493 2368 540 ἠμ-

1343 550 1526 601 φιεσμένον
1567 551 1651 597 ἴδω,
1685 550 1744 588 καὶ
1788 551 1843 587 ἐπ’
1883 548 1967 601 ἔργα
2012 551 2204 602 ἀτιμότερα
2245 554 2367 589 τοῦτον

1343 609 1359 629 '¹
1382 611 1676 662 προπεμπόμενον
1690 625 1697 632 ·
1730 611 1812 648 ὅταν
1833 612 1984 656 ἐννοῆσω
2003 612 2106 651 αὐτοῦ
2124 613 2164 651 τὸ
2183 612 2368 662 ἀκαμπὲς,

1343 672 1581 723 κατακαίομαι
1594 704 1603 720 ,
1621 674 1827 722 διασπῶμαι
1841 702 1850 718 ,
1871 673 2142 725 διαρῤἤγνυμαι.

1397 734 1522 771 Ταῦτα
1549 734 1684 784 λέγων,
1715 734 1773 772 καὶ
1817 735 2114 785 προκυλινδεῖσθω
2144 736 2214 772 τῶν
2250 735 2367 773 ποδῶν

1788 800 1803 815 ῑ·

1343 798 1411 833 τῶν
1444 796 1638 834 ἀκουόντων
1657 826 1665 840 ,
1703 796 1762 833 καὶ
1833 795 2116 834 καταπασσέσθω
2147 795 2276 847 τέφραν
2309 794 2368 834 ἐπὶ

1344 859 1408 902 τῆς
1435 857 1607 908 κεφαλῆς,
1639 856 1698 894 καὶ
1729 858 1924 909 αἰσχιυνέτω
1958 860 2001 909 τῇ
2035 857 2127 895 κόνει
2161 856 2202 895 τὸ
2221 855 2368 908 πρόσω-

1344 934 1428 965 πον,
1455 918 1514 956 καὶ
1545 918 1796 968 παρακαλείτω
1828 917 1960 961 πάντας
1989 917 2104 971 ὀρέξαι
2135 924 2266 970 χεῖρα,
2299 933 2368 956 κα-

1344 978 1537 1017 τατιλλέτω
1565 978 1628 1025 τὴν
1651 979 1788 1016 πολιάν.
1822 980 1928 1031 Τάχα
1961 982 2046 1029 ἡμῖν
2079 979 2184 1022 καλὸς
2213 981 2230 1017 ὁ
2257 978 2370 1025 κατή-

1346 1056 1446 1092 γορος
1467 1041 1715 1093 ἀπηκρίέωται
1730 1041 1816 1093 πρὸς
1830 1041 1870 1079 τὸ
1886 1041 1963 1084 τοὺς
1982 1041 2169 1085 ἀκούοντας
2189 1043 2370 1092 ἐμπρῆσαι

1348 1102 1531 1149 ἅπαντας,
1580 1102 1639 1140 καὶ
1687 1108 1808 1140 πεῖσαι
1858 1103 1949 1141 κατὰ
1987 1104 2153 1154 κρημνῶν
2202 1101 2280 1146 τοὺς
2326 1102 2373 1141 τὰ

1346 1167 1491 1201 τοιαῦτα
1523 1163 1783 1215 ἐργασαμένους
1817 1159 1828 1182 ¹
1859 1164 2040 1214 ἐμδαλεῖν.
2073 1164 2140 1202 Διὰ
2171 1164 2240 1215 γὰρ
2270 1167 2375 1202 τοῦτο

1346 1225 1433 1278 πρὸς
1452 1224 1559 1275 ἄκρον
1591 1225 1738 1262 ἁπασῶν
1758 1226 1826 1261 τῶν
1857 1227 1978 1262 αἰτιῶν
2003 1225 2061 1264 τὸν
2080 1225 2182 1276 λόγον
2211 1224 2343 1277 ἤγαγον
2358 1255 2371 1271 ,

1346 1285 1404 1323 ἵνα
1431 1284 1554 1323 τούτου
1573 1289 1633 1323 τοῦ
1667 1284 1756 1323 οὕτω
1777 1286 2139 1333 κατασκευασθέντος,
2167 1286 2374 1333 ἡττηθέντος

1347 1349 1403 1397 ὑφ’
1425 1348 1528 1396 ἡμῶν
1564 1348 1607 1397 τῆ
1642 1349 1702 1384 τοῦ
1734 1348 1827 1384 Θεοῦ
1863 1347 2009 1398 χάριτι,
2042 1347 2162 1397 μηδεὶς
2193 1353 2264 1390 τοῖς
2297 1349 2374 1386 λοι-

1347 1414 1429 1451 ποῖς
1461 1406 1596 1459 γένοιτο
1629 1407 1745 1458 λόγος.
1781 1408 1814 1444 Τ
1817 1411 1855 1444 οῦ
1887 1407 1956 1460 γὰρ
1985 1408 2101 1446 πάντα
2132 1410 2219 1458 ὁμοῦ
2239 1408 2378 1461 ἔχοντος

1347 1472 1459 1507 ταῦτα
1503 1468 1832 1518 ἐπιστομισθέντος,
1863 1471 1880 1506 ὃ
1911 1468 1960 1518 μὴ
2004 1468 2120 1507 πάντα
2151 1468 2242 1521 ἔχων
2288 1472 2376 1520 ὁμοῦ

1348 1529 1451 1576 (οὐῗὲ
1472 1529 1541 1582 γὰρ
1569 1529 1686 1567 πάντα
1715 1522 1784 1566 οἷόν
1821 1545 1858 1568 τε
1890 1530 2091 1580 συνελθεῖν)
2120 1530 2269 1573 εὐκόλως
2289 1534 2376 1581 ἡμῖν

1348 1590 1607 1644 παραχωρήσει
1654 1592 1716 1636 τῆς
1765 1590 1862 1636 νίκης
1906 1590 2040 1630 λοιπόν.
2084 1585 2199 1634 Οῧτος
2229 1591 2292 1641 μὲν
2317 1585 2376 1629 οῧν

1350 1657 1461 1691 ταῦτα
1478 1652 1611 1703 λεγέτω
1629 1656 1643 1679 ⁸
1664 1651 1723 1688 καὶ
1755 1652 1886 1690 τούτων
1917 1652 2077 1699 πλείονα.
2101 1651 2198 1702 Ἰίγὼ
2232 1651 2267 1691 δὲ
2304 1668 2378 1691 πα-

1353 1713 1564 1767 ραιτήσομαι
1595 1712 1673 1756 τοὺς
1715 1712 1940 1759 δικάζοντας,
1985 1712 2034 1762 μὴ
2081 1717 2140 1751 νῦν
2174 1713 2280 1751 ἐλεεῖν
2317 1713 2377 1751 τὸν

1349 1776 1496 1829 γέροντα
1527 1778 1672 1821 τοῦτον,
1703 1774 1780 1813 ἀλλ’
1810 1774 1893 1813 ὅταν
1937 1775 2039 1813 αὐτὸν
2084 1773 2250 1824 δείξωμεν
2289 1790 2378 1813 πεν-

1351 1840 1476 1875 θοῦντα
1509 1836 1566 1874 τὸν
1613 1834 1686 1874 υἱὸν
1704 1865 1713 1882 ,
1757 1835 1866 1874 δεινὸν
1905 1835 1968 1886 μὲν
2011 1834 2106 1874 οὐδὲν
2155 1836 2381 1881 πεπονθότα,

1350 1901 1419 1937 τῶν
1452 1898 1487 1937 δὲ
1524 1898 1686 1950 μεγάλων
1733 1898 1871 1949 ἀγαθῶν
1919 1897 2191 1945 ἀπολαύσαντα,
2227 1897 2286 1936 καὶ
2329 1890 2378 1935 ὧν

1352 1960 1515 1999 ἐπέκεινα
1547 1959 1650 2012 ἕτερα
1685 1961 1747 1997 οὐκ
1776 1959 1869 1996 ἔστιν
1904 1962 2026 2010 εὓρεῖν.
2057 1958 2148 1997 Τότε
2175 1958 2243 2010 γὰρ
2271 1959 2379 2002 ὄντως

1353 2023 1445 2067 ἄξιος
1479 2021 1574 2060 ἐλέου
1615 2021 1674 2058 καὶ
1717 2020 1876 2070 δακρύων
1909 2020 1948 2057 ἂν
1982 2020 2062 2067 εἴη,
2099 2019 2188 2072 μηδὲ
2229 2021 2378 2058 συνιδεῖν

1352 2083 1415 2130 τὴν
1447 2082 1639 2135 εὐπραγίαν
1667 2082 1855 2132 δυνάμενος
1872 2085 1932 2119 τοῦ
1959 2082 2082 2125 παιδὸς
2098 2111 2107 2128 ,
2128 2080 2220 2120 ἀλλὰ
2251 2085 2376 2120 τοσοῦ-

1353 2161 1410 2183 τον
1442 2144 1584 2195 ἀπέχων
1613 2139 1628 2163 ¹¹

1661 2145 1768 2189 αὐτῆς
1795 2145 1841 2186 ὡς
1867 2142 1927 2180 καὶ
1960 2142 2018 2180 ἐπὶ
2047 2142 2222 2193 μεγίστοις
2241 2146 2379 2195 θρηνεῖν

1354 2212 1426 2250 τοῖς
1461 2210 1594 2247 κακοῖς.
1633 2205 1745 2242 Πόθεν
1789 2198 1847 2242 οὖν
1890 2203 2064 2254 ἀρξόμεθα
2096 2208 2156 2242 τοῦ
2186 2203 2290 2254 λόγου
2321 2207 2380 2241 τοῦ

1355 2268 1440 2319 πρὸς
1469 2266 1597 2313 αὐτόν,
1626 2266 1710 2303 Ἀπὸ
1742 2268 1802 2302 τοῦ
1848 2265 1997 2303 πλούτου
2029 2264 2087 2302 καὶ
2126 2266 2195 2302 τῶν
2234 2263 2382 2316 χρημά-

1357 2345 1452 2374 των,
1487 2327 1606 2373 ἐπειδὴ
1650 2326 1709 2364 καὶ
1751 2325 1850 2369 αὐτὸς
1894 2330 1995 2364 τοῦτο
2044 2325 2199 2375 μάλιστα
2241 2324 2381 2363 πάντων

1357 2389 1547 2442 ὀδύρεται,
1573 2388 1632 2426 καὶ
1652 2395 1739 2427 πᾶσι
1759 2392 1860 2426 τοῦτο
1889 2387 1972 2425 αὐτὸ
2005 2382 2093 2425 εἶναι
2128 2387 2220 2425 δοκεῖ
2250 2386 2291 2425 τὸ
2312 2386 2383 2425 δει-

1329 2452 1524 2515 ινότοι-εον,
1560 2452 1587 2488 εἷ
1630 2452 1857 2493 πλουτοῦντες
1901 2450 2023 2492 παῖδες
2067 2448 2125 2487 ἐπὶ
2157 2452 2277 2486 τοῦτον
2324 2447 2385 2487 ἕλ-

1360 2528 1477 2552 κοιντο
1507 2512 1564 2550 τὸν
1599 2511 1684 2562 βίον.
1724 2510 1814 2550 Εἰπὲ
1841 2505 1900 2550 οὖν
1930 2526 2010 2560 μοι,
2041 2509 2121 2548 τίνα
2144 2509 2383 2561 μακαρίζομεν

1336 2575 1532 2621 .ἅπαντες,
1567 2572 1627 2611 καὶ
1659 2571 1814 2620 ζηλωτὸν
1848 2566 1936 2610 εἶναί
1963 2586 2097 2622 φαμεν,
2127 2570 2187 2608 τὸν
2219 2571 2254 2608 ἐν
2296 2571 2380 2621 δίψῃ

1359 2638 1564 2674 καθεστῶτα
1599 2633 1677 2677 ἀεὶ,
1713 2633 1772 2671 καὶ
1805 2633 1887 2684 πρὶν
1924 2632 1946 2678 ἢ
1978 2634 2041 2677 τῆς
2073 2630 2246 2684 προτέρας
2277 2631 2387 2683 ἐμφο-

1361 2701 1510 2750 ρηθῆναι
1539 2696 1702 2741 κύλικος,
1739 2694 1900 2744 δεόμενον
1930 2694 2037 2731 πάλιν
2076 2694 2218 2745 ἑτέρας,
2253 2692 2314 2730 καὶ
2347 2693 2384 2746 ἐν

1357 2759 1468 2810 τούτῳ
1493 2758 1576 2795 ὄντα
1610 2755 1796 2798 διαπαντὸς
1814 2785 1822 2801 ,
1854 2754 1877 2800 ἢ
1906 2758 1964 2793 τὸν
1995 2754 2160 2805 ἀνωτέρω
2178 2755 2384 2792 καθεστῶτα

1360 2822 1423 2865 τῆς
1444 2819 1598 2870 ἀνάγκης
1632 2818 1786 2863 ἐκείνης,
1807 2816 1865 2854 καὶ
1886 2817 2009 2868 ἄδιψον
2042 2816 2096 2854 ἀεὶ
2125 2814 2273 2865 μένοντα
2291 2844 2302 2864 ,
2325 2814 2385 2853 καὶ

1363 2882 1525 2920 οὐδέποτε
1560 2881 1606 2921 εἰς
1637 2878 1696 2925 τὴν
1731 2880 1790 2915 τοῦ
1825 2877 1982 2926 πόματος
2016 2876 2136 2915 τούτου
2171 2876 2385 2929 καθελκόμε-

1362 2957 1420 2981 νον
1439 2940 1586 2993 χρείαν;
1609 2941 1673 2991 οὐχ
1704 2941 1721 2976 ὁ
1754 2938 1817 2988 μὲν
1849 2937 2050 2989 πυρέττοντι
2085 2937 2294 2990 προσέοικε,
2328 2937 2389 2976 καὶ

1362 3002 1620 3055 γαλεπωτοίτην
1659 3004 1674 3020 ¹
1712 3000 1866 3050 ἀνάγκην
1907 2999 2045 3050 ἔχοντι,
2084 3000 2148 3038 κᾶν
2181 3000 2221 3037 ἐκ
2257 3001 2382 3051 πηγῶν

1357 3049 1524 3116 ἀρύεσθαι
1556 3061 1620 3114 ἔχῃ
1644 3061 1689 3099 τὰ
1720 3060 1886 3111 νάματα,
1916 3063 1934 3098 ὁ
1964 3061 1999 3098 δὲ
2029 3060 2204 3113 ἐλεύθερός
2231 3061 2269 3098 τί
2301 3061 2376 3098 ἐστι

1424 3215 1437 3237 s
1455 3206 1531 3237 ttaec
1545 3231 1552 3244 ,
1571 3209 1618 3236 καὶ
1638 3205 1748 3237 *mbram
1762 3207 1900 3241 nnio-a..
1918 3202 2037 3234 desunt
2056 3204 2087 3233 in
2102 3200 2216 3234 More-t.
2234 3200 2317 3235 solo.

1426 3257 1442 3281 Ι·
1467 3255 1522 3289 Sic
1538 3254 1605 3286 cluo
1624 3255 1697 3286 Mss.
1718 3262 1750 3285 et
1767 3253 1856 3286 savit
1890 3255 1921 3285 ἰιι
1938 3265 2042 3295 marg.
2064 3254 2104 3285 Iu
2123 3261 2213 3285 textu
2232 3263 2310 3285 vero
2329 3253 2392 3286 Sn-

1385 3311 1441 3343 vit.
1460 3317 1491 3339 et
1509 3307 1624 3341 Mora-t.
1648 3312 1746 3344 αᾷτός.

1422 3373 1434 3386 ⁶
1459 3360 1563 3393 satit.
1582 3361 1613 3391 iu
1639 3367 1735 3390 textu
1764 3367 1796 3390 et.
1819 3357 1936 3392 morel.
1955 3364 2083 3401 ἀνάγκιηι
2102 3362 2208 3402 ἔχοντι.
2230 3355 2330 3390 smil.
2356 3359 2391 3391 in

1379 3425 1483 3452 marg.
1502 3420 1529 3443 et
1550 3410 1617 3443 duo
1635 3412 1710 3442 Μή.
1729 3417 1856 3452 ὠνάμην
1874 3414 1997 3444 tinam.
