2549 3825
821 288 878 318 DE
914 285 1091 318 LazARo
1126 283 1293 314 CONClO
1327 284 1394 313 lv.

106 378 276 430 τριάρχης
312 370 354 422 ἦν
383 377 402 412 ὁ
433 372 605 420 δικάζων,
635 373 665 410 εἰ
694 370 754 410 καὶ
793 370 893 414 αὐτὸς
928 369 1131 422 ἐφθέγγετο·-

106 437 186 476 ἀλλ’
220 437 341 489 ὥσπερ
370 435 428 475 ἐπὶ
458 436 528 472 τῶν
557 432 679 477 ἔξωθεν
704 431 939 484 δικαστηρίων
972 430 1126 476 τούτων,
1151 430 1174 460 Β

106 500 188 538 ὅταν
220 491 286 536 οἷσί
324 513 413 540 τινες
448 494 629 534 ὑπεύθυνοι
658 493 788 545 λῃσταὶ
815 493 875 530 καὶ
907 491 1128 544 ἀνδροφόνοι,

106 559 226 612 πόῤῥω
257 561 320 603 τῆς
335 556 448 608 ὅψεως
466 559 526 594 τοῦ
549 555 752 598 δικάζοντος
789 554 1056 599 ἀποστήσαντες
1075 553 1136 591 τού

107 634 189 662 τους
209 619 240 657 οἵ
261 618 386 668 νόμοι,
411 618 474 662 τῆς
502 619 562 653 τοῦ
592 614 767 667 κρίνοντος
795 616 857 652 οὐκ
889 613 1134 666 ἐπιτρέπουσιν

108 681 254 717 ἀκοῦσαι
283 679 421 729 φωνῆς,
437 678 501 715 κάν
519 675 631 728 τούτῳ
663 675 754 726 μετὰ
771 677 839 712 τῶν
872 674 986 712 ἄλλων
1014 673 1136 715 αὐτοὺς

107 738 352 789 ἀτιμάζοντες,
375 737 464 776 ἀλλὰ
492 737 594 789 μέσος
611 753 664 780 τις
679 738 830 776 διακονεῖ
847 742 925 778 ταῖς
944 734 1136 786 ἐρωτήσεσι

109 813 169 836 του

210 799 226 811 Ν
276 798 285 811 Ι

207 801 422 847 ουιαζοντος,
452 799 512 836 καὶ
540 803 616 842 ταῖς
645 796 853 848 ἀποκρίσεσι
871 795 970 833 ι’τῶν
998 796 1136 838 δικαζο-

110 859 223 909 μένων
237 874 244 881 ·
260 859 351 898 οὔτω
372 860 414 907 δὴ
434 860 493 898 καὶ
512 859 590 897 τότε
609 858 754 909 ἐγίνετο.
771 859 824 895 Οὐ
845 859 906 894 τοῦ
925 858 1019 895 Θεοῦ
1035 859 1136 907 φθεγ-

110 919 257 970 γομένου
282 920 368 973 πρὸς
387 920 489 959 αὐτὸν
519 919 643 966 ἤκουεν
663 921 682 956 ὃ
697 917 902 963 κατάδικος,
923 916 1013 954 ἀλλὰ
1033 916 1137 966 μέσος

111 975 153 1027 ἦν
182 983 200 1019 ὁ
230 980 412 1033 Ἀδραὰμ,
437 980 482 1018 τὰ
509 979 605 1030 παρὰ
632 981 693 1015 τοῦ
726 978 923 1021 δικάζοντος
955 976 1137 1015 διακονού-

113 1056 213 1085 μενος
244 1044 294 1092 τῷ
325 1041 550 1091 δικαζομένῳ.
569 1039 622 1078 Οὐ
648 1037 720 1090 γὰρ
750 1037 882 1077 οἴκοθεν
901 1038 1016 1089 ἔλεγεν
1047 1037 1135 1089 ἅπερ

109 1102 249 1151 ἔλεγεν,
270 1101 359 1140 ἀλλὰ
397 1102 504 1144 Οείους
531 1099 742 1151 ἀνεγίνωσκε
771 1098 895 1149 νόμους
927 1101 1045 1151 αὐτῷ,
1075 1099 1135 1162 καὶ

111 1161 172 1206 τὰς
205 1163 332 1200 ἄνωθεν
350 1162 541 1214 φερομένας
557 1160 673 1211 ἔλεγεν
695 1161 899 1212 ἀποφάσεις.
923 1160 1055 1212 Διόπερ
1074 1164 1134 1199 οὑ-

111 1239 167 1267 τος
181 1223 258 1262 οὐδὲ
277 1224 468 1274 ἀντιλέγειν
489 1216 573 1274 εἶχε.

168 1524 406 1576 Προσέχο)μεν
431 1523 545 1561 τοίνυν
574 1523 664 1574 μετὰ
693 1522 873 1574 ἀκριῧείας
898 1529 968 1566 τοῖς
989 1522 1137 1574 λεγομέ-

111 1601 194 1630 νοις.
216 1585 286 1624 Kal
305 1584 372 1636 γὰρ
401 1584 561 1630 ἐπίτηδες
592 1583 798 1636 ἐνδιατρίὸω
817 1583 926 1635 ταύτῃ
948 1587 991 1636 τῇ
1023 1599 1139 1636 παρα-

114 1647 201 1698 δολῇ
216 1677 225 1695 ,
251 1648 311 1684 καὶ
356 1645 524 1698 τετάρτην
577 1645 712 1697 ἡμέραν
751 1645 842 1695 ἔχων
862 1674 873 1692 ,
905 1645 1034 1691 ταύτης
1077 1649 1139 1684 οὐκ

112 1707 330 1760 ἀφίσταμαι,
351 1706 473 1752 ἐπειδὴ
494 1706 553 1744 καὶ
573 1704 661 1743 πολὺ
683 1706 722 1743 τὸ
745 1705 862 1757 κέρδος
880 1707 920 1742 ἐκ
938 1705 1060 1744 τούτου
1078 1711 1139 1745 τοῦ

112 1768 327 1819 διηγήματος
346 1770 416 1820 ὁρῶ
435 1767 613 1818 γινόμενον
629 1766 690 1804 καὶ
709 1766 887 1810 πλουσίοις
906 1766 966 1804 καὶ
990 1766 1138 1815 πένησι,

112 1829 259 1874 καὶτοῖς
281 1828 367 1881 ὖπὲρ
386 1831 449 1875 τῆς
483 1829 552 1866 τῶν
573 1830 734 1878 πονηρῶν
762 1827 952 1879 εὐπραγίας
989 1828 1048 1865 καὶ
1077 1831 1140 1874 τῆς

112 1892 181 1928 τῶν
203 1889 348 1928 δικαίων
376 1888 497 1933 πενίας
521 1888 580 1926 καὶ
602 1889 750 1941 Ολίψεως
767 1888 1046 1941 θορυῧουμένοις.
1069 1890 1139 1928 Καὶ

112 1952 179 2003 γὰρ
200 1951 294 1990 οὐδὲν
312 1950 403 1989 οὕτω
429 1949 507 1994 τοὺς
533 1949 680 1993 πολλοὺς
702 1950 943 1994 σκανδαλίζειν
960 1950 1057 1989 εἴωΟε
1081 1950 1140 1989 καὶ

114 2012 298 2063 ταράττειν
315 2043 325 2061 ,
343 2014 389 2055 ὡς
407 2012 446 2050 τὸ
465 2010 648 2055 πλουσίους
669 2013 704 2049 ἐν
723 2011 874 2064 πονηρίᾳ
897 2014 1027 2056 ζῶντας
1056 2015 1138 2060 εὖη·

115 2073 236 2125 μερίας
260 2072 447 2111 ἀπολαύειν
463 2074 612 2119 πολλῆς,
631 2072 689 2110 καὶ
717 2072 871 2116 δικαίους
898 2072 987 2122 μετὰ
1013 2076 1140 2126 ἀρετῆς

114 2136 245 2179 ζῶντας
276 2134 362 2184 πρὸς
390 2133 545 2184 ἐσχάτην
565 2133 770 2171 ἐλαύνεσθαι
785 2133 928 2182 πενίαν,
949 2135 1008 2172 καὶ
1036 2134 1138 2186 ἕτερα

115 2194 222 2247 μυρία
239 2197 301 2241 τῆς
320 2194 438 2238 πενίας
461 2192 647 2243 ὑπομένειν
682 2193 913 2244 χαλεπώτερα
933 2194 1136 2245 πράγματα.

115 2254 228 2294 ’Λλλὰ
246 2255 333 2301 αὕτη
359 2254 460 2302 ἱκανὴ
481 2258 502 2301 ἡ
523 2253 708 2305 παραδολὴ
736 2260 934 2306 παρασχεῖν
963 2255 1007 2293 τὰ
1044 2255 1137 2309 φάρ-

115 2332 238 2367 μακα,
267 2316 346 2360 τοὺς
380 2315 441 2366 μὲν
471 2316 705 2358 πλουτοῦντας
743 2317 1022 2367 σωφρονίζουσα,
1060 2317 1139 2360 τοὺς

115 2377 150 2416 δὲ
183 2377 335 2424 πένητας
366 2375 850 2429 παραμυθουμένη·ἐκείνους
889 2376 952 2428 μὲν
990 2379 1138 2418 παιδεύ-

114 2454 197 2476 ουσα
219 2439 267 2489 μὴ
299 2438 389 2489 μέγα
408 2443 542 2490 φρονεῖν
555 2468 565 2485 ,
584 2436 660 2481 τοὺς
680 2437 715 2476 δὲ
741 2438 891 2484 πένητας
907 2445 1137 2490 παραμυθου-

116 2500 202 2550 μένη
224 2499 280 2539 ἐπὶ
304 2506 374 2543 τοῖς
393 2502 562 2549 παροῦσι·
589 2499 767 2542 κάκείνους
793 2500 854 2549 μὲν
882 2500 931 2550 μὴ
963 2505 1139 2553 μεγαλαυ-

114 2567 190 2613 γεῖν
208 2566 221 2582 ⁶
233 2560 411 2608 πείθουσα,
425 2560 505 2598 ὅταν
518 2560 787 2613 πονηρευόμενοι
803 2560 851 2611 μὴ
873 2562 977 2599 δῶσιν
992 2564 1140 2602 ἐνταῦθα

115 2607 226 2670 δίκην,
249 2625 294 2666 ὡς
322 2621 578 2674 χαλεπωτάτης
610 2622 901 2672 ἀπαντησομένης
934 2624 1048 2667 αὐτοῖς
1070 2627 1139 2663 ἐκεῖ

116 2686 177 2730 τῆς
205 2683 392 2734 τιμωρίας·
420 2682 559 2726 τούτους
591 2682 626 2721 δὲ
658 2683 935 2734 παρακαλοῦσα,
970 2684 1019 2734 μὴ
1066 2692 1140 2729 ταῖς

117 2745 242 2798 ἑτέρων
263 2744 468 2797 εὐπραγίαις
487 2745 725 2795 θορυίῖεῖσῡαι,
748 2744 835 2794 μηδὲ
856 2745 1005 2795 νομίζειν
1026 2748 1138 2798 ἀπρο-

117 2806 223 2853 νόητα
253 2800 340 2845 εἶναι
359 2805 403 2844 τὰ
424 2804 502 2844 καθ’
525 2808 633 2856 ἡμᾶς,
655 2805 738 2844 ὅταν
760 2805 891 2849 δίκαιος
911 2807 974 2856 μὲν
995 2809 1140 2847 ἐνταῦθα

114 2868 239 2920 πάσχῃ
274 2870 412 2915 κακῶς,
443 2867 592 2919 πονηρὸς
631 2867 667 2905 δὲ
701 2867 759 2905 καὶ
799 2868 922 2920 μιαρὸς
961 2869 1141 2920 ἅνθρωπος

118 2929 305 2982 εὐημερίας
339 2929 500 2980 ἀπολαύῃ
537 2930 727 2975 διηνεκοῦς.
760 2928 965 2982 Ἀμφότεροι
999 2931 1068 2983 γὰρ
1103 2932 1142 2970 τὸ

118 2992 195 3028 κατ’
223 2989 321 3035 ἀξίαν
340 2990 581 3041 ἀπολήψονται
611 2992 707 3038 ἐκεῖ,
729 2993 746 3028 ὁ
767 2990 829 3040 μὲν
849 2989 926 3033 τοὺς
956 2992 1142 3043 στεφάνους

117 3053 179 3098 τῆς
201 3053 377 3103 ὑπομονῆς
396 3051 455 3089 καὶ
475 3054 536 3097 τῆς
563 3051 745 3103 καρτερίας
763 3081 772 3098 ,
788 3054 805 3089 ὃ
824 3051 859 3090 δὲ
886 3052 947 3095 τὰς
985 3053 1143 3098 κολάσεις
1180 3062 1191 3090 -2

118 3111 256 3156 καὶτὰς
284 3111 456 3163 τιμωρίας
484 3115 546 3158 τ’ῆς
565 3112 744 3164 πονηρίας.
763 3112 905 3158 Ταύτην
935 3112 998 3160 τὴν
1031 3130 1142 3165 παρα-

119 3172 225 3219 δολὴν
247 3171 443 3224 ἐγγράψατε
479 3173 539 3212 καὶ
566 3173 724 3212 πλούσιοι
754 3173 812 3211 καὶ
845 3173 1012 3220 πένητες·
1032 3176 1141 3214 πλού-

120 3248 189 3271 σιοι
218 3234 253 3271 ἐν
285 3239 356 3277 τοῖς
389 3232 519 3285 τοίχοις
552 3237 614 3280 τ’ἧς
647 3233 814 3284 ὑμετέρας
840 3233 968 3281 οἰκίας,
1001 3236 1145 3283 πένητες

121 3291 155 3330 δὲ
189 3294 223 3331 ἐν
266 3298 336 3337 τοῖς
378 3292 508 3346 τοίχοις
545 3297 606 3341 τῆς
652 3296 824 3337 διανοίας·
855 3295 918 3333 κᾶν
963 3298 1144 3350 ἐξαλειφθῇ

123 3368 204 3392 ποτε
240 3352 348 3400 λήθης
368 3354 611 3406 ἐγγινομένης,
638 3356 841 3406 ἱπιγρίοακ
875 3357 977 3394 πάλιν
1010 3359 1064 3395 3121
1087 3365 1146 3405 τῆς

168 3487 181 3508 ¹·
210 3484 270 3516 Mu
293 3500 339 3518 ιου
354 3487 555 3524 ὖικκςομειυ,.

2059 268 2155 331 923

1206 366 1415 418 respondeat
1435 382 1443 403 :
1465 367 1579 406 multo
1597 369 1712 420 magis
1724 370 1784 408 hic
1799 371 1992 423 diligenter
2007 374 2156 411 auscul-

1208 427 1357 466 tandum
1376 437 1440 475 est,
1458 429 1548 479 quid
1566 444 1665 480 reus,
1685 431 1855 471 nimirum
1874 433 1934 472 hic
1952 434 2068 484 dives,
2090 450 2159 488 po-

1208 490 1317 527 stulet
1326 505 1338 538 3
1361 489 1450 540 quid
1466 500 1586 529 contra
1602 492 1721 544 justus
1735 494 1850 545 judex
1867 495 2080 546 respondeat
2095 511 2159 549 per

1210 550 1404 589 Abraham.
1421 552 1500 590 Non
1515 553 1611 591 enim
1631 554 1832 606 patriarcha
1851 566 1926 603 erat
1943 558 2005 609 qui
2016 558 2161 610 judica-

1209 610 1286 661 bat,
1308 626 1525 663 quamquam
1543 614 1573 652 is
1591 616 1846 666 pronuntiabat
1863 633 1871 654 :
1893 633 2020 656 verum
2038 634 2161 670 quem-

1210 672 1406 711 admodum
1424 674 1458 711 in
1479 675 1669 714 mundanis
1685 677 1764 715 istis
1775 677 1923 729 judiciis
1940 680 2076 730 quoties
2090 681 2162 718 fue-

1210 733 1282 771 rint
1300 734 1412 784 aliqui
1432 735 1494 783 rei,
1513 745 1599 787 puta
1618 738 1783 785 latrones,
1798 749 1861 777 aut
1875 740 2081 790 homicidae,
2097 742 2161 780 hos

1209 793 1304 844 leges
1326 795 1489 845 procula
1513 807 1704 848 conspectu
1727 798 1863 850 judicis
1887 811 2108 852 segregantes
2129 812 2163 841 et

1209 862 1386 902 arcentes,
1412 868 1480 892 non
1504 857 1716 906 permittunt
1734 868 1774 896 ut
1791 859 1937 898 audiant
1958 876 2079 899 vocem
2097 865 2161 914 ju-

1209 912 1316 959 dicis,
1335 915 1431 964 quod
1445 915 1501 953 illi
1520 925 1554 954 et
1568 916 1635 954 hoc
1651 928 1684 955 et
1698 918 1778 956 aliis
1794 920 1989 959 honoribus
2001 923 2163 974 judicen-

1211 983 1272 1012 tur
1291 975 1429 1027 indigni
1446 993 1455 1023 ;
1477 977 1538 1014 sed
1556 977 1696 1016 medius
1714 980 1894 1032 quispiam
1912 981 2084 1034 interpres
2096 1014 2106 1029 ‚
2131 993 2164 1022 et

1206 1035 1341 1087 judicis
1364 1038 1674 1089 interrogationes,
1695 1049 1728 1077 et
1748 1041 1798 1078 rei
1818 1043 2058 1094 responsiones
2079 1059 2164 1096 per-

1209 1097 1303 1135 fert:
1325 1097 1393 1135 hoc
1417 1112 1503 1137 sane
1528 1109 1632 1151 pacto
1657 1109 1690 1137 et
1708 1114 1803 1139 nunc
1828 1103 1960 1141 sactum
1991 1115 2054 1143 est.
2083 1107 2162 1143 Non

1209 1159 1327 1195 Deum
1347 1158 1417 1210 ipsi
1435 1159 1639 1210 loquentem
1657 1161 1798 1200 audivit
1816 1177 1920 1213 reus,
1942 1165 2002 1202 sed
2021 1166 2162 1205 medius

1209 1229 1284 1257 erat
1303 1219 1486 1259 Abraham
1498 1251 1508 1269 ,
1526 1222 1588 1272 qui
1601 1221 1736 1274 judicis
1757 1237 1881 1262 vocem
1897 1225 1928 1262 ei
1945 1227 2005 1276 qui
2020 1227 2162 1278 judiea-

1209 1279 1316 1318 batur
1333 1281 1468 1319 retulit.
1486 1283 1566 1320 Non
1585 1283 1679 1320 enim
1692 1297 1738 1322 ex
1758 1298 1832 1323 sese
1857 1285 1997 1325 dicebat
2012 1302 2090 1338 quae
2105 1288 2164 1326 di-

1212 1341 1324 1390 cebat,
1340 1341 1403 1380 sed
1417 1342 1558 1381 divinas
1573 1343 1680 1381 diviti
1694 1345 1787 1395 leges
1814 1346 1998 1395 recitabat,
2016 1363 2164 1400 quaeque

1211 1402 1348 1440 eaelitus
1370 1403 1572 1442 ferebantur
1586 1434 1596 1452 ,
1618 1406 1808 1444 sententias
1831 1408 2031 1459 proferebat
2043 1425 2055 1460 ;
2083 1411 2164 1450 ideo

1211 1477 1275 1501 nec
1290 1463 1443 1502 hahebat
1458 1464 1519 1503 hie
1535 1464 1630 1516 quod
1651 1467 1918 1510 contradiceret.

1269 1527 1306 1564 2.
1327 1526 1578 1564 Auscultemus
1595 1527 1715 1578 itaque
1733 1528 1924 1580 diligenter
1941 1531 1997 1569 his
2011 1547 2091 1584 quae
2110 1533 2164 1572 di-

1214 1595 1354 1624 cuntur.
1373 1587 1466 1625 Nam
1483 1586 1519 1624 in
1538 1587 1606 1625 hac
1623 1589 1791 1640 parabola
1810 1590 1894 1628 data
1913 1606 2019 1644 opera
2036 1594 2164 1633 immo-

1212 1661 1286 1696 ror,
1308 1661 1372 1685 nec
1386 1647 1540 1698 desisto,
1562 1651 1702 1688 tametsi
1723 1660 1890 1701 quartum
1905 1653 1981 1704 jam
2006 1654 2103 1693 diem
2126 1656 2163 1693 in

1214 1707 1280 1745 hac
1300 1722 1438 1757 versor,
1458 1719 1644 1761 propterea
1665 1712 1759 1762 quod
1784 1725 1827 1749 ex
1852 1712 1918 1751 hac
1944 1717 2165 1755 enarratione

1214 1763 1411 1820 plurimum
1423 1771 1559 1809 fructus
1572 1773 1667 1810 nasci
1682 1773 1790 1811 video
1800 1783 1875 1812 tum
1887 1774 2075 1825 divitibus,
2089 1787 2165 1816 tum

1214 1830 1456 1881 pauperibus,
1486 1841 1563 1870 tum
1587 1833 1632 1871 iis
1655 1834 1716 1884 qui
1744 1844 1891 1886 propter
1918 1837 2165 1889 improborum

1213 1891 1440 1938 felicitatem,
1467 1902 1573 1944 atque
1592 1894 1697 1932 etiam
1721 1906 1867 1948 propter
1881 1898 2060 1949 justorum
2081 1900 2163 1938 ino-

1214 1953 1312 2005 piam
1331 1962 1365 1991 et
1387 1954 1616 1993 afflictionem
1639 1958 1911 2000 conturbantur.
1934 1960 2055 2011 Neque
2072 1963 2165 2000 enim

1215 2015 1287 2052 ulla
1305 2028 1359 2052 res
1378 2014 1523 2066 perinde
1538 2016 1627 2054 solet
1643 2016 1828 2056 hominum
1843 2020 1976 2071 vulgus
1989 2022 2167 2060 offendere

1214 2089 1255 2112 ac
1274 2076 1497 2127 perturbare,
1528 2086 1567 2114 ut
1593 2077 1689 2128 quod
1715 2077 1846 2118 divites
1872 2095 1983 2132 prave
2006 2082 2167 2122 viventes

1216 2136 1330 2174 multa
1351 2137 1517 2175 fruantur
1536 2139 1796 2190 prosperitate3
1818 2150 1960 2188 contra,
1976 2143 2066 2194 justi
2086 2158 2167 2182 cum

1214 2196 1348 2234 virtute
1368 2197 1478 2235 vitam
1497 2207 1655 2248 agentes,
1677 2199 1720 2236 ad
1741 2210 1936 2240 extremam
1957 2203 2167 2256 redigantur

1214 2257 1386 2308 inopiam,
1400 2257 1541 2308 aliaque
1558 2260 1802 2311 perpetiantur
1816 2265 2000 2302 innumera
2014 2280 2165 2317 pauper-

1216 2327 1285 2356 tate
1303 2319 1379 2369 ipsa
1402 2319 1581 2370 graviora.
1602 2321 1738 2359 Verum
1755 2322 1829 2360 haec
1844 2325 2014 2374 parabola
2033 2327 2165 2364 sufficit
2235 2374 2240 2378 ἱ

1215 2378 1259 2416 ad
1276 2379 1474 2431 praestanda
1496 2380 1651 2418 remedia
1669 2398 1677 2421 2
1694 2382 1823 2421 divites
1839 2385 1983 2434 quidem
2004 2387 2165 2437 redigens
2181 2370 2259 2441 {¹:21

1217 2501 1320 2538 mulis
1339 2501 1524 2539 consolans
1541 2517 1548 2538 ε
1565 2512 1598 2540 et
1619 2504 1699 2540 illos
1719 2504 1863 2554 quidem
1883 2506 2096 2554 admonens,
2123 2523 2167 2547 ue

1215 2562 1420 2609 efferuntur,
1442 2563 1578 2613 quoties
1600 2564 1645 2608 ii,
1673 2566 1732 2614 qui
1758 2566 1920 2618 improbe
1939 2568 2085 2614 vivunt,
2107 2571 2166 2608 hie,

1216 2636 1337 2674 poeuas
1365 2638 1433 2661 non
1458 2622 1567 2670 daut,
1595 2625 1728 2677 quippe
1746 2640 1826 2664 cum
1853 2642 1911 2665 eus
1931 2639 2069 2668 maneat
2091 2631 2166 2669 illic

1215 2685 1449 2735 gravissimus
1475 2687 1677 2731 c1·uci;uus;
1700 2688 1764 2724 hus
1790 2702 1874 2726 vero
1899 2692 2101 2734 consolaus.
2124 2706 2167 2730 ue

1215 2746 1368 2784 aliorum
1396 2747 1563 2784 solicitant·
1592 2748 1866 2799 perttubeutur,
1900 2765 2012 2802 neque
2043 2762 2166 2803 putent

1218 2821 1270 2843 res·
1291 2806 1464 2845 humanus
1479 2809 1611 2860 absque
1632 2810 1695 2847 Dei
1715 2812 1938 2862 providentia
1961 2813 2043 2851 ferri
2058 2844 2066 2856 ,
2084 2828 2166 2852 eum

1219 2868 1275 2904 hic
1291 2869 1409 2920 justus
1431 2870 1534 2907 mulis
1553 2871 1749 2920 affligitur„
1774 2873 1957 2924 improbus
1981 2883 2101 2912 comm
2127 2891 2166 2913 ue

1217 2930 1408 2968 sceleratus
1435 2931 1541 2968 humo
1567 2941 1733 2983 perpetuu
1763 2934 1894 2971 t‘ruiun·
1919 2936 2164 2986 prosperitate.

1220 2991 1334 3029 Ambo
1354 2992 1528 3042 siquidem
1548 3007 1611 3044 pro
1625 2993 1798 3042 diguitute
1814 2995 1980 3046 recipit-ut
2002 2996 2091 3040 illic.
2110 2996 2168 3034 hic

1220 3054 1362 3104 quidem
1383 3068 1529 3091 turonas
1544 3055 1720 3106 patientia·
1741 3056 2015 3106 tolerantiaque,
2035 3057 2095 3095 ιἸΙι·
2110 3072 2166 3095 ve-

1221 3129 1259 3152 ro
1278 3115 1452 3167 supplicia
1473 3128 1663 3166 pwuasque
1683 3114 1933 3167 itupmbitutis.
1952 3117 2050 3155 ll-«ur
2069 3133 2169 3170 para-

1221 3175 1339 3213 bolam
1364 3175 1547 3212 inscribite
1572 3175 1705 3214 divin-s
1733 3177 1865 3229 puriter
1894 3192 1935 3215 su·
1961 3193 2133 3231 'mulien-s
2154 3210 2163 3221 .

1220 3237 1351 3274 divites
1365 3236 1509 3285 quidem
1525 3236 1559 3273 iu
1579 3237 1774 3287 parietibus
1789 3237 1916 3276 doinus
1933 3249 2068 3280 tratur.
2085 3254 2168 3292 pau-

1223 3312 1320 3348 pries
1345 3306 1462 3333 nutem
1493 3296 1527 3333 iu
1559 3297 1753 3347 parit-Ubus
1778 3298 1886 3336 animi
1917 3301 2019 3338 vestri
2047 3317 2054 3336 .·
2080 3310 2111 3339 rt
2140 3304 2168 3338 si

1225 3360 1366 3411 ‹pu-mh·
1396 3360 1508 3396 ‹tt-let..
1536 3359 1640 3395 sut-rit
1670 3359 1791 3397 ulmum
1818 3361 2018 3404 oblikur.
2045 3363 2172 3400 ullium*

1383 3507 1410 3522 ν..
1425 3490 1513 3522 «tvm
1535 3504 1564 3523 ιιι
1583 3490 1709 3523 ‹lm-hu«
1731 3493 1802 3523 51³³.

1279 3497 1353 3524 5:17&

2222 2321 2295 2359 Qui<
2311 2324 2330 2348 su
2341 2333 2371 2349 ιι-

2267 2375 2299 2390 ox
2319 2369 2371 2390 hnc

2265 2409 2316 2430 mia

1215 2439 1260 2476 ad
1290 2440 1522 2486 modestiam,
1554 2456 1724 2493 pauperes
1755 2457 1837 2481 vero
1869 2445 1904 2482 in
1934 2447 2266 2497 p1·a²se11tibus⁰⁰¹¹·;-

2270 2454 2346 2473 ,itui-
