2549 3825
897 315 1124 345 ADVERSUS
1155 315 1199 344 JU

172 415 283 443 καιος,
307 403 325 438 ὁ
359 399 541 448 ἀληθινὸς,
572 401 591 437 ὁ
619 398 799 444 θεοσεὸὴς,
821 400 839 436 ὃ
872 397 1087 449 ἀπεχόμενος
1120 399 1190 435 ἀπὸ

170 461 298 504 παντὸς
317 464 468 513 πονηροῦ
494 460 711 511 πράγματος.
733 459 803 497 Καὶ
830 458 904 497 οὐδὲ
935 458 1041 510 μέχρι
1061 458 1189 496 τούτων

172 521 254 568 ἔστη
275 521 319 560 τὰ
339 522 454 560 δεινά·
469 523 546 560 ἀλλ’
568 520 684 560 ὀδύναι
701 520 930 573 μεθημεριναὶ
950 520 1011 558 καὶ
1034 535 1190 570 νυκτερι-

172 583 242 629 ναὶ,
259 583 318 620 καὶ
336 583 438 633 λιμός
456 600 508 627 τις
528 582 629 621 αὐτὸν
654 582 850 634 ἐπολιόρκει
871 581 962 625 ξένος
986 581 1047 619 καὶ
1076 580 1192 632 παρά·

174 642 277 687 δοξος.
292 646 440 697 Βρῶμον
466 645 548 696 γὰρ,
572 643 691 696 φησὶν,
708 645 778 695 ὁρῶ
803 642 848 681 τὰ
875 642 955 680 σῖτά
978 658 1061 691 μου,
1078 640 1191 686 ὀνείδη

173 704 411 756 καθημερινὰ,
433 705 637 756 χλευασίαι,
658 703 871 753 σκώμματα,
892 703 1013 753 γέλως.
1033 703 1080 739 Οἱ
1097 700 1193 738 οἰκέ-

174 780 233 803 ται
248 764 316 817 γάρ
341 780 422 814 μου,
441 766 543 817 φησὶ,
564 766 623 803 καὶ
639 767 670 804 οἱ
695 764 762 802 υἱοὶ
784 767 852 801 τῶν
881 762 1106 800 παλλακίδων
1129 776 1193 810 μου

174 825 414 872 ἐπανέστησαν
438 841 512 876 μοι,
539 828 574 864 ἐν
599 824 769 867 ἐνυπνίοις
795 824 895 875 φόίῗοι
912 853 921 869 ,
945 823 1032 869 ζάλη
1052 838 1104 865 τις
1135 823 1196 859 λο-

176 888 312 935 γισμῶν
334 887 505 933 διηνεκής.
521 886 613 924 Ἀλλ’
629 886 724 935 ὅμως
747 884 877 922 τούτων
896 883 1059 921 ἁπάντων
1081 883 1197 920 ἀπαλ-

175 945 287 996 λαγὴν
313 948 580 997 ἐπηγγέλλετο-ἡ
594 945 679 998 γυνὴ
709 945 857 996 λέγουσα
880 942 1003 991 οὕτως,
1026 935 1136 980 Εῗπόν
1161 957 1196 978 τι

177 1009 274 1056 ῥῆμα
298 1006 384 1057 πρὸς
402 1007 459 1045 τὸν
493 1005 619 1058 Κύριον
632 1036 642 1053 ,
663 1005 722 1043 καὶ
743 1004 900 1043 τελεύτα.
915 1003 1192 1054 Βλασφῆμησον,

176 1066 284 1116 φησὶ,
309 1066 369 1104 καὶ
388 1066 623 1118 ἀπαλλαγῆσῃ
648 1067 717 1103 τῶν
737 1064 966 1114 ἐπικειμένων
995 1063 1124 1102 πόνων.
1152 1062 1198 1100 Τί

175 1119 254 1173 οὖν,
272 1126 468 1179 παρέτρεψε
483 1127 542 1166 τὸν
561 1127 657 1179 ἅγιον
680 1129 806 1165 ἐκεῖνον
821 1126 838 1143 *
849 1129 871 1171 ἦ
883 1125 1087 1177 συμῧουλή;
1107 1126 1199 1163 ’1ὀῦ-

175 1187 312 1226 ναντίον
334 1187 396 1238 μὲν
419 1182 477 1227 οἶν
495 1189 555 1227 καὶ
573 1189 729 1238 ἐποίησε,
752 1188 810 1227 καὶ
837 1188 1015 1240 ἐπέρρωσε
1035 1186 1200 1237 μειζόνως

178 1248 295 1295 αὐτὸν,
315 1252 362 1293 ὡς
395 1249 456 1287 καὶ
489 1252 697 1300 ἐπιτιμῆσαι
730 1252 774 1300 τῇ
802 1249 952 1300 γυναικί.
973 1248 1113 1303 ’ῌρεὶτο
1132 1248 1200 1299 γὰρ

179 1310 312 1358 μᾶλλον
347 1311 533 1348 ὀδυνᾶσθαι
563 1311 624 1349 καὶ
660 1313 959 1360 ταλαιπωρεῖσθαι
999 1309 1058 1347 καὶ
1095 1309 1201 1361 μυρία

178 1369 329 1422 πάσχειν
357 1371 471 1419 δεινὰ,
490 1371 512 1417 ἢ
534 1372 622 1421 μετὰ
649 1371 873 1422 βλασφημίας
893 1370 1101 1420 ἀπαλλαγήν
1124 1386 1202 1407 τινα

180 1433 250 1468 τῶν
270 1431 442 1470 τοσούτων
467 1432 626 1483 εὑρέσθαι
644 1434 775 1470 κακῶν.
792 1432 896 1470 Οὕτω
923 1431 982 1469 καὶ
1001 1434 1019 1468 ὃ
1038 1446 1203 1482 τριακον-

181 1491 319 1530 ταοκτὼ
339 1491 399 1539 ἔτη
419 1492 510 1544 ἔχων
531 1495 564 1531 ἐν
584 1497 628 1544 τῇ
649 1493 808 1544 ἀσθενείᾳ
836 1495 939 1531 αὐτοῦ
965 1494 1039 1530 καθ’
1056 1491 1203 1530 ἕκαστον

181 1553 339 1590 ἐνιαυτὸν
358 1552 497 1606 ἔτρεχεν
511 1554 568 1592 ἐπὶ
586 1554 648 1601 τὴν
664 1553 909 1605 κολυμὸἤθραν
923 1583 938 1601 ,,
952 1553 1010 1591 καὶ
1029 1555 1105 1590 καθ’
1124 1552 1203 1590 ἕκα-

183 1628 265 1651 στον
284 1613 498 1665 ἐξεκρούετο,
513 1614 573 1652 καὶ
594 1614 779 1665 θεραπείας
793 1616 855 1652 οὐκ
870 1613 886 1633 ¹‘
897 1613 1083 1665 ἐτύγχανεν
1099 1628 1106 1635 ·
1127 1615 1203 1650 ἀλλ’

184 1675 322 1723 ἑτέρους
343 1674 405 1723 μὲν
425 1673 520 1725 ἑώρα
537 1677 615 1712 καθ’
631 1674 775 1712 ἕκαστον
797 1673 950 1712 ἐνιαυτὸν
977 1675 1206 1711 ἀπαλλαττο-

184 1734 308 1783 μένους
335 1734 393 1772 ὂιὰ
411 1734 450 1772 τὸ
477 1734 624 1778 πολλοὺς
648 1734 740 1786 ἔχειν
759 1734 838 1778 τοὺς
858 1734 1120 1786 θεραπεύοντας,
1138 1737 1206 1771 αὑ·

184 1793 242 1832 τόν
265 1810 303 1832 τε
329 1794 386 1833 διὰ
411 1794 475 1842 τὴν
498 1795 648 1846 ἐρημίαν
667 1797 736 1832 τῶν
760 1794 1055 1849 προστησομένων
1076 1796 1111 1832 ἐν
1132 1796 1208 1840 διη-

184 1860 276 1894 νεκεῖ
306 1855 454 1905 μένοντα
479 1855 638 1908 παρέσει.
661 1857 729 1895 Καὶ
753 1857 828 1896 οὐδὲ
850 1855 958 1900 οὕτως
981 1855 1129 1906 ἔδραμεν
1150 1856 1208 1894 ἐπὶ

186 1917 348 1966 μάντεις,
363 1918 425 1955 οὐκ
449 1911 532 1964 ἦλθε
561 1918 648 1969 πρὸς
676 1917 874 1966 ἐπαοιδοὺς,
894 1920 956 1956 οὐκ
978 1917 1126 1964 ἐπέδησε
1145 1932 1210 1954 πε-

157 1985 164 1990 ’
188 1976 332 2029 ρίαπτα,
345 1978 422 2015 ἀλλ’
435 1973 582 2028 ἀνέμενε
596 1979 660 2026 τὴν
671 1979 766 2031 παρὰ
779 1981 839 2017 τοῦ
855 1980 947 2017 Θεοῦ
963 1977 1138 2029 βοήθειαν·
1153 1977 1209 2015 διὰ

1121 2038 1171 2051 ΝΙΥ

185 2042 286 2076 τοῦτο
303 2038 390 2090 πρὸς
407 2041 456 2091 τῷ
483 2040 577 2077 τέλει
599 2042 803 2091 θαυμαστῆς
822 2055 912 2082 τινος
932 2039 991 2077 καὶ
1015 2053 1210 2090 παραοοςου

186 2099 372 2150 θεραπείας
391 2100 524 2152 ἔτυχεν.
543 2100 589 2139 ‘O
609 2101 646 2139 δὲ
673 2101 831 2152 Λάζαρος
847 2103 940 2152 λιμῷ
959 2100 1019 2139 καὶ
1043 2100 1133 2153 νόσῳ
1153 2101 1212 2137 καὶ

187 2160 318 2214 ἐρημίᾳ
345 2161 460 2199 πάντα
490 2162 548 2200 τὸν
580 2162 704 2214 χρόνον
743 2162 950 2208 ἐπάλαισεν,
980 2163 1018 2200 οὐ
1050 2177 1213 2213 τριακον-

187 2221 325 2260 ταοκτὼ
343 2222 403 2270 ἔτι]
425 2222 514 2275 ἔχων
534 2224 657 2274 μόνον,
672 2224 762 2261 ἀλλὰ
784 2229 902 2260 πᾶσαν
919 2223 983 2268 τὴν
1004 2222 1106 2268 ζωήν·
1123 2222 1213 2260 οὕτω

188 2286 271 2333 γοῦν
287 2283 348 2322 καὶ
363 2283 562 2328 ἐξέπνευσεν
581 2286 616 2322 ἐν
632 2286 681 2335 τῷ
701 2286 836 2322 πυλῶνι
855 2283 1012 2332 κείμενος
1029 2288 1090 2320 τοῦ
1109 2285 1212 2320 πλου-

189 2343 265 2382 σίου
280 2371 290 2389 ,
317 2344 659 2396 καταφρονούμενος,
695 2343 947 2395 χλευαζόμενος
963 2373 973 2390 ,
1005 2343 1190 2393 λιμώττων
1204 2374 1213 2389 ,

189 2410 261 2447 τοῖς
277 2405 355 2443 κυσὶ
375 2406 460 2457 βορὰ
475 2405 712 2456 προκείμενος.
727 2404 834 2442 Οὕτω
853 2406 920 2456 γὰρ
939 2409 953 2425 ⁰
968 2407 1070 2442 αὐτοῦ
1092 2404 1132 2442 τὸ
1148 2407 1214 2442 σῶ-

193 2481 243 2514 μα
263 2471 408 2516 παρεῖτο
422 2496 431 2513 ,
446 2468 491 2509 ὡς
512 2466 600 2516 μηδὲ
621 2466 806 2504 ἀποσοὸεῖν
827 2466 994 2504 δύνασθαι
1013 2465 1090 2508 τοὺς
1111 2465 1214 2507 κύνας

191 2525 355 2569 ἐπιόντας
379 2527 439 2564 καὶ
458 2526 501 2564 τὰ
520 2527 706 2579 τραύματα
730 2528 833 2565 αὐτοῦ
850 2526 1107 2578 λιχμωμένους.
1121 2525 1212 2563 Ἀλλ’

191 2586 287 2633 ὅμως
308 2587 371 2624 οὐκ
398 2587 560 2625 ἐπαοιδον
589 2587 774 2633 ἐζήτησεν,
795 2589 832 2625 οὗ
854 2588 991 2625 πέταλα
1018 2589 1188 2638 περιῆψεν
1205 2617 1213 2630 ,

192 2651 231 2687 οὗ
247 2648 459 2700 μαγγανείας
479 2649 635 2695 ἐκίνησεν
651 2680 661 2699 ,
679 2650 717 2686 οὗ
737 2650 864 2699 γόητας
884 2649 969 2700 πρὸς
992 2648 1112 2686 ἑαυτὸν
1135 2649 1216 2686 ἐκοί-

192 2711 304 2756 λεσεν,
323 2711 384 2749 οὐκ
407 2710 493 2749 ἄλλο
519 2726 553 2748 τι
571 2712 639 2748 τῶν
660 2711 911 2760 κεκωλυμένων
937 2710 1096 2756 ἐποίησεν
1109 2740 1118 2753 ,
1140 2711 1216 2747 ἀλλ’

193 2769 304 2809 εἵλετο
324 2772 455 2821 μᾶλλον
472 2777 542 2816 τοῖς
560 2778 677 2816 κακοῖς
693 2773 916 2809 ἐναποθανεῖν
938 2771 1092 2813 ἐκείνοις,
1110 2769 1132 2815 ἢ
1155 2773 1216 2815 τῆς

194 2830 370 2875 εὗσεὸείας
391 2832 514 2884 μικρόν
529 2849 562 2871 τι
576 2834 763 2884 προδοῦναι
786 2833 900 2884 μέρος.
918 2832 1006 2870 Τίνα
1023 2826 1078 2870 οὖν
1096 2831 1215 2880 ἕξομεν

195 2890 405 2942 συγγνώμην
425 2895 538 2943 ἡμεῖς,
560 2895 588 2932 εἶ
604 2896 758 2932 τοσαῦτα
776 2894 984 2944 πασχόντων
1003 2893 1141 2931 ἐκείνων
1157 2893 1215 2929 καὶ

194 2951 453 3004 καρτερούντων
475 2953 497 3000 ἢ
523 2953 579 2991 διὰ
605 2954 754 3006 πυρετὸν
781 2954 802 3000 ἢ
834 2953 888 2992 διὰ
917 2953 1120 3004 τραύματα,
1138 2952 1212 3003 τρέ-

194 3026 304 3063 χομεν
325 3013 382 3051 ἐπὶ
401 3015 604 3065 συναγωγὰς
617 3044 626 3060 ,
648 3015 709 3053 καὶ
730 3014 806 3057 τοὺς
826 3013 1029 3066 φαρμακοὺς
1051 3014 1110 3051 καὶ
1130 3014 1215 3064 γόη-

195 3088 257 3116 τας
276 3075 323 3116 εἶς
345 3073 408 3117 τὰς
428 3074 539 3117 οἰκίας
561 3077 734 3125 καλοῦμεν
756 3075 817 3118 τὰς
838 3078 971 3112 ἑαυτῶν
986 3090 995 3119 ;
1012 3077 1087 3112 Οὐκ
1105 3074 1215 3119 ἤκου-

195 3148 258 3176 σας
275 3132 309 3171 τί
333 3149 437 3186 φησιν
456 3138 478 3181 ἠ
501 3135 645 3187 sputa-153
662 3136 794 3174 Τέκνον
806 3165 816 3183 ,
833 3141 846 3156 ⁴¹
858 3135 918 3173 ἐὰν
939 3134 1117 3186 προσέρχῃ
1138 3135 1215 3170 δου-

195 3193 308 3231 λεύειν
324 3195 454 3246 Κυρίῳ,
464 3195 649 3245 ἑτοίμασον
664 3198 726 3243 τὴν
738 3197 852 3248 ψυχήν
868 3211 928 3233 σου
943 3197 989 3238 εἰς
1009 3194 1218 3246 πειρασμὸν,

198 3252 336 3291 εὔθυνον
364 3255 427 3301 τὴν
455 3256 601 3306 καρδίαν
627 3272 710 3301 σου,
733 3258 792 3295 καὶ
818 3256 1050 3307 καρτέρησον·
1072 3257 1106 3292 ἐν
1129 3256 1220 3307 νόσῳ

200 3312 258 3351 καὶ
285 3314 386 3364 πενίᾳ
406 3317 460 3353 ἐπ’
477 3317 570 3367 αὐτῷ
596 3317 771 3360 πεποιθὼς
799 3317 906 3368 γίνου.
929 3317 1072 3366 ’Ὠσπερ
1093 3315 1159 3366 γὰρ
1183 3317 1217 3352 ἐν

251 3449 263 3461 '
287 3445 418 3488 [Addit
432 3446 534 3479 Suv'u.
553 3457 604 3486 τῆς
617 3451 777 3491 yoniam-1

250 3501 266 3523 Β
293 3498 354 3530 Alii
373 3502 578 3542 Ιπιτύγχανιν.

2120 296 2205 309 ἢ..-

1208 315 1344 344 nuos.
1385 314 1476 343 viu.
2116 305 2205 341 ouo

1261 396 1526 449 spectaculum,
1547 396 1609 434 ille
1633 397 1772 448 justus,
1794 395 1854 434 ille
1874 409 2003 441 verax,
2023 395 2086 434 ille
2106 396 2185 447 pius
2200 426 2209 439 ,

1262 458 1322 496 ille
1345 458 1390 496 ab
1406 457 1501 495 omni
1521 457 1614 495 malo
1641 471 1744 509 opere
1762 457 1954 495 abstinens.
1975 457 2029 495 Ne
2047 456 2106 494 hic
2125 456 2213 507 qui-

1263 519 1345 556 dem
1363 528 1435 556 erat
1451 519 1626 556 malorum
1643 518 1739 564 finis,
1755 517 1814 556 sed
1829 517 1970 556 dolores
1987 517 2213 556 addebantur

1263 579 1384 616 diurni
1399 579 1532 630 pariter
1550 593 1591 617 ac
1610 579 1793 626 noctumi3
1813 593 1975 630 novaque
1992 579 2156 630 quaedam
2180 587 2215 616 et

1264 641 1502 692 inexspectata
1517 641 1621 678 illum
1633 641 1740 678 fames
1755 641 1994 693 oppugnabat.
2009 643 2212 688 Foetorem,
2232 648 2297 676 lob.
2324 646 2352 675 6,
2382 654 2415 684 7.

1266 700 1396 750 inquit,
1412 700 1525 739 video
1541 703 1668 738 cibum
1687 715 1826 747 meum,
1841 701 1972 753 probra
1991 701 2213 751 quotidiana,

1265 760 1557 797 subsannationes
1571 789 1580 806 ,
1601 770 1793 797 scommata
1805 790 1815 808 ,
1837 761 1942 799 risus.
1965 762 2056 798 Nam
2074 762 2215 807 famuli,

1266 820 1404 870 inquit,
1419 820 1487 857 mei
1502 850 1511 866 ,
1530 829 1564 858 et
1584 820 1862 858 concubinarum
1888 835 2048 859 mearum
2066 822 2135 859 filii
2162 824 2219 860 in-

1267 889 1498 917 surrexerunt
1516 880 1709 918 adversum
1722 890 1835 927 me,et
1853 881 1888 918 in
1905 882 2037 918 somnis
2057 891 2219 925 terrores,

1268 940 1524 991 cogitationum
1539 950 1709 993 perpetua
1724 941 1886 991 quaedam
1902 942 2100 982 fluctuatio.
2112 944 2219 994 Atqui

1270 1015 1362 1038 uxor
1387 1002 1574 1039 consilinum
1599 1001 1714 1048 dedit,
1736 1011 1776 1039 ut
1794 1001 1840 1039 ab
1861 1002 1915 1039 his
1933 1003 2099 1040 omnibus
2118 1004 2223 1041 malis

1269 1061 1496 1106 liberaretur,
1517 1063 1564 1100 ita
1585 1063 1732 1113 loquens
1754 1078 1762 1099 ε
1787 1063 1862 1100 Dic
1882 1063 2041 1114 aliquod
2062 1066 2223 1102 verbum
2238 1081 2306 1108 Μὴ,
2326 1088 2355 1108 2,
2372 1088 2402 1117 9,

1223 1127 1248 1157 C
1272 1123 1458 1160 adversus
1479 1124 1715 1171 Dominum,
1740 1137 1788 1161 ac
1807 1137 1968 1161 morere.
1991 1123 2070 1169 Dic,
2090 1124 2222 1175 inquit,

1271 1182 1547 1234 blasphemiam,
1563 1193 1595 1221 et
1610 1183 1656 1220 ab
1672 1183 1882 1234 urgentibus
1898 1184 2002 1222 malis
2017 1184 2224 1223 liber-abere.

1274 1244 1375 1292 Quid
1396 1244 1534 1295 igitur?
1553 1258 1639 1282 num
1659 1245 1835 1283 subvertit
1853 1254 2013 1282 sanctum
2032 1246 2138 1283 illum
2165 1247 2226 1284 vi-

1275 1317 1354 1340 rum
1374 1302 1534 1340 mulieris
1553 1302 1768 1340 consilium?
1788 1304 1865 1341 lmo
1887 1303 2103 1340 contrarium
2122 1304 2226 1349 fecit,

1274 1364 1459 1415 magisque
1477 1363 1580 1400 illum
1600 1363 1855 1409 corroboravit,
1873 1363 1924 1401 sic
1938 1364 2043 1401 etiam
2057 1374 2096 1400 ut
2111 1364 2228 1402 incre-

1274 1432 1373 1475 paret
1406 1437 1567 1461 uxorcm.
1603 1423 1726 1460 Potius
1758 1423 1850 1460 enim
1892 1423 1997 1462 duxit
2033 1425 2229 1476 majoribus

1275 1484 1367 1521 affici
1396 1484 1618 1534 cruciarique
1635 1483 1821 1521 doloribus
1836 1513 1845 1530 ‚
1867 1484 2123 1536 innumeraque
2144 1499 2227 1536 per-

1275 1545 1347 1596 peti
1365 1545 1472 1591 mala,
1488 1559 1595 1595 quam
1614 1544 1836 1596 blasphemia
1870 1545 1938 1582 ulla
1961 1555 2140 1584 tantorum
2156 1561 2229 1584 ma-

1275 1606 1393 1644 lorum
1411 1607 1664 1644 relaxationem
1684 1606 1864 1656 consequi.
1880 1606 2009 1645 Itidem
2026 1617 2059 1645 et
2074 1607 2150 1653 ille,
2166 1608 2227 1659 qui
2241 1626 2334 1654 ἡαπ,
2361 1626 2392 1655 5,

1276 1666 1421 1717 triginta
1441 1675 1519 1703 octo
1539 1666 1639 1703 annis
1655 1665 1817 1703 detentus
1836 1666 1949 1703 fuerat
1966 1666 2003 1703 in
2023 1667 2230 1706 infirmitate

1279 1741 1358 1774 sua,
1379 1726 1531 1779 singulis
1549 1728 1650 1764 annis
1666 1726 1829 1764 currebat
1844 1725 1888 1763 ad
1902 1727 2087 1778 piscinam,
2101 1737 2135 1766 et
2154 1729 2231 1766 sin-

1281 1789 1375 1840 gulis
1393 1789 1494 1825 annis
1513 1788 1764 1839 repellebatur,
1784 1801 1847 1825 nec
1867 1787 2117 1838 assequebatur
2136 1790 2234 1827 sani·

1233 1871 1258 1900 D
1280 1859 1386 1888 tatem
1401 1864 1412 1898 ;
1430 1848 1494 1886 sed
1519 1849 1709 1898 quotannis
1736 1848 1972 1899 conspiciebat
1995 1849 2083 1886 alios
2103 1850 2234 1895 sanari,

1282 1909 1378 1962 quod
1405 1909 1537 1947 multos
1569 1908 1739 1946 haberent
1766 1923 1785 1945 a
1804 1909 1935 1959 quibus
1957 1919 2179 1958 curarentur,
2201 1924 2237 1948 se

1281 1985 1368 2009 vero
1399 1970 1610 2008 destitutum
1641 1969 1794 2008 aliorum
1820 1970 1975 2017 auxilio,
2001 1972 2037 2008 in
2066 1981 2236 2023 perpetua

1282 2045 1424 2069 manere
1444 2031 1616 2083 paralysi.
1632 2032 1686 2069 Ne
1701 2031 1750 2068 sic
1767 2030 1911 2081 quidem
1932 2032 2091 2083 confugit
2109 2032 2155 2071 ad
2174 2047 2237 2071 va·

1285 2101 1346 2139 tes,
1362 2105 1431 2129 non
1445 2091 1534 2130 adiit
1549 2092 1797 2139 incantatores,
1809 2105 1878 2129 non
1893 2091 2055 2143 alligavit
2069 2093 2237 2139 amuleta,

1283 2153 1345 2192 sed
1372 2154 1594 2206 exspectavit
1622 2152 1783 2190 divinam
1807 2167 1909 2205 opem
1943 2171 1951 2191 ε
1983 2153 2064 2192 ideo
2094 2155 2237 2193 tandem

1283 2214 1531 2253 admirandam
1552 2213 1747 2264 quamdam
1774 2224 1807 2251 et
1834 2214 2030 2253 inauditam
2052 2216 2236 2255 sanitatem

1285 2276 1435 2328 adeptus
1465 2284 1527 2313 est.
1562 2276 1716 2312 Lazarus
1749 2283 1867 2313 autem
1902 2289 1984 2314 cum
2015 2277 2126 2324 fame,
2156 2291 2237 2316 cum

1286 2337 1432 2383 morbo,
1453 2350 1535 2374 cum
1559 2334 1753 2374 solitudine
1771 2349 1836 2386 per
1855 2349 1995 2373 omnem
2022 2337 2134 2375 vitam
2162 2339 2239 2376 col-

1286 2398 1439 2435 luctatus
1465 2405 1528 2441 est,
1551 2410 1620 2434 non
1646 2395 1789 2446 triginta
1813 2405 1845 2433 et
1864 2405 1943 2433 octo
1965 2410 2076 2434 annos
2100 2407 2236 2436 tantum

1286 2466 1447 2495 versatus
1469 2457 1504 2494 in
1526 2456 1597 2503 his,
1617 2455 1679 2494 sed
1702 2470 1763 2508 per
1782 2470 1885 2493 omne
1909 2456 1990 2493 vitae
2009 2466 2162 2509 tempus.
2179 2460 2240 2496 Sic

1287 2518 1397 2568 igitur
1416 2526 1448 2555 et
1467 2516 1661 2569 exspiravit
1683 2515 1717 2552 in
1738 2515 1861 2553 divitis
1883 2517 1973 2554 ostio
1990 2518 2127 2568 jacens,
2147 2533 2237 2556 con-

1287 2589 1429 2624 temtus,
1448 2578 1586 2622 irrisus,
1602 2577 1771 2620 esuriens.
1786 2577 1933 2614 canibus
1948 2578 2108 2629 objectus
2123 2581 2238 2631 pabu-

1287 2640 1374 2678 lum.
1393 2640 1452 2680 Sic
1471 2639 1565 2676 enim
1583 2638 1680 2676 illius
1699 2652 1828 2689 corpus
1847 2638 2074 2677 debilitatum
2091 2650 2180 2684 crat.
2201 2651 2236 2679 ut

1289 2716 1350 2740 nec
1385 2715 1486 2739 canes
1516 2701 1689 2738 irruentes
1723 2699 1911 2749 ulceraque
1940 2700 2036 2736 illius
2066 2701 2237 2750 lingentes

1290 2772 1404 2815 posset
1420 2762 1579 2812 abigere,
1594 2760 1699 2798 llaud
1714 2770 1828 2797 tamen
1845 2761 2025 2810 qumvliat
2043 2761 2237 2800 incantato-

1288 2838 1380 2869 rem,
1398 2837 1466 2860 non
1487 2823 1600 2873 petala
1620 2821 1897 2871 circumligavit,
1917 2835 1983 2859 uon
2002 2833 2169 2874 expertus
2187 2834 2238 2862 est

1289 2884 1498 2936 praestigias.
1514 2896 1580 2920 nou
1598 2882 1770 2920 vent-uicos·
1786 2881 1831 2919 ad
1848 2896 1883 2918 se
1899 2882 2050 2925 vocavit.
2063 2897 2124 2920 nec
2139 2884 2237 2922 aliud

1287 2945 1484 2996 quidquam
1504 2945 1694 2982 venun-unu
1723 2943 1853 2980 artium
1874 2943 2038 2986 tent-ivit,
2059 2944 2118 2981 sed
2140 2946 2239 2995 prius

1291 3007 1416 3044 babuit
1444 3005 1515 3043 illis
1542 3005 1682 3041 immori
1704 3003 1828 3046 malis.
1848 3017 1956 3053 quam
1980 3003 2050 3041 ulla
2070 3018 2113 3041 cx
2139 3015 2240 3056 parte

1231 3055 1278 3120 ἵζ’
1289 3068 1448 3105 (lt-screto
1468 3066 1644 3118 pietatem.
1663 3068 1778 3111 Quum
1800 3064 1908 3113 igitur
1931 3065 2068 3101 xciii-nm
2090 3079 2152 3102 uos
2171 3065 2240 3103 im-

1290 3128 1524 3181 petrabimus.
1544 3126 1621 3175 qui,
1638 3139 1719 3162 cum
1738 3125 1788 3162 illi
1812 3125 1844 3162 in
1867 3124 1971 3162 tantis
1993 3124 2094 3162 malis
2113 3125 2239 3177 peulu-

1291 3190 1414 3230 rariut.
1428 3188 1474 3225 ub
1502 3186 1709 3224 febriculam
1728 3195 1788 3222 auu
1809 3184 1884 3222 ΙιὟι·
1901 3186 2032 3222 vulnus
2049 3186 2237 3238 procurri·

1291 3266 1370 3290 mus
1399 3252 1443 3287 ad
1471 3261 1691 3301 synagogais,
1716 3248 1890 3284 vem-ticos
1905 3260 1945 3283 aa:
1967 3246 2175 3299 impostores
2206 3247 2240 3284 in

1291 3313 1382 3351 mdes
1403 3319 1537 3349 nasu-as
1552 3307 1791 3345 accersimus?
1808 3309 1886 3345 Nou
1900 3306 2031 3346 audisti
2044 3307 2130 3359 quid
2145 3306 2242 3345 dicat

1308 3457 1320 3469 ο
1345 3445 1436 3476 Unus
1452 3441 1564 3474 (Indi-x
1591 3446 1679 3484 αὸτῷ.

1307 3509 1319 3523 ·
1347 3497 1406 3529 Ali·
1426 3502 1448 3528 εἰ
1467 3510 1553 3538 πρυ.

2254 2306 2324 2334 Luc.

2361 2302 2406 2330 16.
