2513 3871
104 1591 228 1620 lnvul‘uu

105 1642 163 1660 vu.

109 1774 294 1814 Gen.37.7.

303 266 395 328 930
711 272 748 301 s.
790 267 977 299 son-xis
1012 260 1256 294 cuuvsosr.

300 360 388 400 caedi
406 358 494 396 dum
513 356 743 407 increpantur
755 351 830 398 alii,
848 361 997 388 suorum
1011 345 1253 385 admissorum

302 418 546 462 reminiscens;
565 423 598 452 et
617 414 710 452 alius
728 411 874 464 quidem
894 416 1044 447 vocatur
1060 406 1097 444 in
1110 402 1256 458 jus,hie

303 494 387 518 vero
407 477 620 529 flagellatur,
641 474 698 512 cui
719 473 860 512 nullum
882 470 1016 508 crimen
1039 465 1254 512 intenditur,

300 542 328 579 si
343 538 578 578 sueriteadem
594 549 718 573 ausus:
732 530 1037 586 quemadmodum
1050 529 1085 567 in
1102 527 1257 566 aliorum

301 609 393 638 recte
417 598 519 636 sactis
546 595 635 634 dum
667 594 862 633 laudantur
890 601 925 630 et
953 598 1170 631 coronantur
1193 586 1256 639 qui

299 659 422 699 eadem
443 672 523 697 cum
546 657 636 710 ipsis
655 666 747 694 recte
772 656 862 694 saeta
884 660 1083 705 gesserunt,
1101 648 1258 702 gaudent

300 721 576 770 exsultantque,
597 718 698 769 quasi
730 731 799 755 non
832 715 884 753 illi
908 713 1022 766 magis
1053 725 1162 764 quam
1188 709 1256 763 ipsi
1269 742 1318 767 759

300 778 656 826 laudarentur.Quid
671 779 784 832 igitur
799 791 875 816 esse
892 776 1003 830 possit
1022 773 1166 813 homine
1178 786 1257 826 pec-
1282 781 1308 809 Α

299 852 418 881 catore
437 840 616 886 miserius,
632 841 695 892 qui
715 839 852 891 quoties
871 845 1083 875 accusantur
1096 833 1261 886 alii,ipse

302 903 556 942 exanimatur?
575 910 695 939 contra
713 930 722 946 ,
745 899 832 951 quid
855 913 896 937 eo
916 897 1071 943 beatius,
1094 895 1157 946 qui
1176 908 1258 933 cum

303 965 437 1003 virtute
453 963 561 1009 vivit,
575 961 739 1014 quidum
760 961 956 1000 laudantur
971 958 1049 1007 alii,
1071 958 1146 1009 ipse
1166 969 1259 1007 gau-

302 1025 365 1065 det
379 1025 572 1076 laetitiaque
589 1023 739 1068 diffluit,
753 1036 799 1060 ex
817 1022 970 1059 aliorum
993 1017 1161 1057 laudibus
1183 1030 1261 1054 suo·

304 1100 386 1125 rum
406 1095 499 1124 recte
517 1086 690 1123 sactorum
722 1083 931 1122 memoriam
951 1079 1153 1132 recipiens?
1176 1078 1261 1116 Haec

305 1157 388 1186 sunt
407 1147 541 1185 divinae
555 1145 737 1198 sapientiae
753 1158 872 1196 opera,
888 1143 965 1180 haec
983 1141 1143 1179 maxima
1163 1139 1262 1177 illius

306 1207 539 1260 providentiae
558 1215 640 1244 sunt
662 1212 892 1256 argumenta:
907 1199 1132 1241 conscientiae
1149 1199 1262 1237 incre-

305 1269 401 1321 patio
420 1281 518 1306 saera
533 1276 584 1305 est
600 1279 744 1312 ancora,
762 1277 831 1302 non
848 1263 966 1300 sinens
985 1274 1050 1299 nos
1068 1259 1210 1298 tandem
1226 1259 1262 1296 in

304 1338 530 1382 peccatorum
565 1326 723 1377 demergi
758 1321 991 1377 profundum.
1015 1322 1139 1372 Neque
1166 1320 1262 1357 enim

304 1405 367 1444 per
382 1390 418 1428 id
433 1400 574 1441 tempus
586 1397 726 1426 tantum
741 1400 814 1437 quo
832 1392 975 1437 peccata
990 1381 1263 1428 committimus,

305 1465 428 1489 verum
461 1451 570 1488 etiam
600 1458 680 1501 post
712 1447 846 1485 multos
881 1458 1058 1483 annorum
1091 1442 1264 1481 circuitus

304 1512 404 1550 novit
423 1525 486 1549 nos
503 1524 595 1562 saepc
611 1509 742 1548 veteris
760 1507 954 1546 admonere
969 1503 1109 1557 peceati
1128 1520 1136 1541 ε
1155 1503 1265 1554 idque
1289 1508 1312 1539 B

305 1588 350 1612 ex
370 1573 459 1626 ipsis
476 1572 663 1611 evidenter
684 1568 928 1623 comprobabo
941 1565 1153 1618 Scripturis.
1169 1566 1265 1604 Ven—

306 1634 475 1673 diderunt
495 1634 582 1671 olim
602 1633 728 1670 fratres
754 1629 969 1683 Josephum,
994 1627 1087 1666 nihil
1117 1625 1264 1678 quidem

307 1695 475 1733 habentes
495 1693 592 1745 quod
612 1693 828 1739 incusarent,
846 1689 907 1729 sed
922 1688 1095 1741 quoniam
1122 1687 1265 1726 viderat

307 1757 441 1794 somnia
460 1756 527 1809 ipsi
546 1754 699 1807 gloriam
719 1761 907 1792 venturam
922 1749 1184 1804 portendentia.
1201 1749 1266 1786 Vi-

307 1820 458 1866 debam,
477 1817 609 1869 inquit,
633 1816 852 1868 manipulos
881 1823 1031 1852 vestros
1058 1812 1266 1850 adorantes

305 1880 550 1933 manipulum
569 1891 707 1916 meum.
723 1879 957 1926 Quamquam
977 1874 1024 1913 ob
1041 1873 1118 1912 haec
1145 1871 1267 1911 decuit

308 1941 413 1979 illum
430 1953 572 1978 servare
583 1936 823 1992 potius,quod
837 1936 947 1974 totius
965 1933 1111 1973 familia:
1125 1947 1264 1982 corona,

307 2003 486 2052 totiusque
505 1999 642 2051 generis
663 1998 772 2036 decus
790 2007 865 2035 erat
891 1998 1046 2035 futurus.
1069 1995 1140 2033 Sed
1166 1995 1265 2046 ejus-

309 2062 407 2100 modi
423 2076 477 2100 res
493 2070 543 2099 est
562 2059 698 2099 invidia
717 2075 724 2096 ε
747 2067 885 2111 pugnat
904 2057 1076 2095 adversus
1094 2055 1265 2094 domesti-

308 2138 348 2162 ca
367 2122 510 2166 decora,
526 2121 735 2172 mavultque
754 2119 901 2158 invidus
922 2119 1107 2156 innumera
1127 2117 1263 2169 perpeti

309 2185 416 2230 mala,
426 2198 532 2235 quam
548 2182 671 2221 videre
685 2182 892 2235 proximum
910 2182 944 2219 in
958 2180 1073 2233 pretio
1085 2178 1264 2227 habitum,

308 2245 447 2283 etiamsi
473 2244 596 2295 gloriae
616 2257 697 2296 pars
716 2242 762 2280 ad
785 2242 903 2295 ipsum
923 2243 967 2279 sit
983 2249 1234 2292 permanatura
1253 2256 1261 2277 ε
1287 2255 1312 2287 G

308 2320 379 2357 quo
393 2319 476 2343 sane
490 2304 578 2356 quid
590 2318 665 2342 esse
679 2303 789 2356 possit
809 2302 978 2341 miserius
991 2300 1123 2348 PQuod
1140 2309 1175 2338 et
1192 2300 1266 2338 illis

311 2380 376 2404 usu
411 2367 508 2404 venit
527 2382 535 2403 :
560 2380 641 2403 cum
673 2365 767 2402 enim
805 2364 977 2402 vidissent
1006 2363 1110 2401 illum
1140 2362 1265 2415 procul

310 2429 508 2466 venientem
524 2457 534 2473 ,
558 2427 716 2480 ipsisque
734 2426 854 2464 cibum
878 2426 1097 2470 asserentem,
1120 2424 1212 2462 inter
1230 2438 1266 2462 se

253 2531 259 2538 ,
311 2488 478 2526 dicebant
495 2504 502 2524 ε
528 2489 676 2535 Venite,
691 2487 912 2524 occidamus
929 2500 1016 2524 eum
1029 2516 1039 2533 ,
1056 2500 1103 2524 ac
1124 2486 1266 2523 videa-

314 2563 398 2587 mus
412 2547 656 2602 quidsutura
671 2551 748 2586 sint
765 2547 872 2586 illius
886 2549 1050 2586 somnia.
1061 2547 1110 2586 Ut
1122 2547 1266 2586 fratrem

315 2625 382 2648 non
403 2610 594 2648 reverearis
608 2639 618 2657 ,
636 2623 751 2660 neque
773 2617 935 2646 naturam
966 2621 1156 2659 agnoscas,
1176 2617 1268 2647 certe

314 2685 470 2710 mensam
495 2672 607 2723 ipsam
628 2670 862 2709 conveniebat
882 2669 1049 2714 revereri,
1078 2668 1268 2721 ipsumque

315 2733 502 2770 ministerii
523 2732 683 2770 osticium
703 2762 713 2781 ,
734 2729 1026 2783 quandoquidem
1054 2730 1207 2768 aliturus
1235 2740 1268 2769 te

318 2794 496 2832 veniebat.
515 2794 584 2833 Sed
600 2793 682 2831 vide
695 2792 876 2844 quomodo
892 2800 925 2830 et
945 2791 1188 2843 imprudentes
1204 2806 1268 2830 va-

317 2854 523 2892 ticinantur.
552 2856 700 2900 Venite,
719 2853 907 2904 inquiunt,
926 2854 1147 2892 occidamus
1165 2868 1267 2901 eum,

318 2922 353 2950 et
374 2916 576 2953 videamus
596 2916 691 2965 quid
703 2916 843 2967 sutura
862 2916 940 2952 sint
961 2914 1069 2951 illius
1097 2917 1263 2953 somru'a.

321 2975 459 3013 Etenim
495 2976 562 3013 nisi
598 2976 811 3013 struxissent
852 2974 1002 3013 insidias
1022 3004 1032 3021 ,
1063 2974 1134 3012 nisi
1167 2975 1269 3014 dolos
1294 2992 1318 3022 ι)

321 3036 526 3082 texuissent,
545 3046 576 3073 et
599 3035 788 3089 impudens
809 3035 898 3074 illud
920 3035 1108 3074 consilium
1127 3036 1268 3075 concin-

321 3105 459 3133 nassent
474 3125 483 3140 ,
505 3110 726 3147 nequaquam
755 3097 1006 3147 cognovissent
1024 3096 1098 3135 vim
1124 3097 1268 3136 illorum

323 3157 555 3195 somniorum.
579 3159 656 3196 Non
677 3158 770 3196 enim
793 3158 941 3211 perinde
970 3172 1140 3209 magnum
1170 3168 1269 3206 erat,

322 3216 451 3266 Joseph
472 3218 500 3253 si
522 3217 608 3255 nihil
631 3218 748 3257 acerbi
775 3233 899 3271 passus
920 3229 1010 3257 esset
1025 3250 1035 3267 ,
1056 3219 1270 3259 conscende-

324 3288 360 3310 re
377 3274 542 3314 thronum
561 3277 721 3330 sngypti,
743 3293 783 3316 ac
799 3288 848 3316 tot
867 3279 1061 3318 obstaculis
1084 3280 1268 3330 discussis,

324 3333 418 3371 hunc
451 3337 613 3376 eumdem
645 3339 782 3390 assequi
814 3340 1052 3392 splendorem.
1077 3342 1155 3380 Nisi
1175 3343 1269 3381 enim

368 3466 379 3478 ⁸
408 3453 469 3487 Alit
488 3462 599 3488 πτθεὶν.
1173 3435 1181 3451 x

1298 255 1488 287 Ancum?
1499 274 1508 283 .
1547 253 1630 284 CON
1639 253 1717 284 STA
1727 253 1893 284 N‘rtuop
1903 272 1912 282 .

1324 338 1492 389 τιμήσεσι
1509 339 1573 385 τῆς
1587 336 1719 381 οἰκείας
1737 336 1914 388 ἁμαρτίας
1925 334 2118 387 λαμὸάνων
2129 335 2324 387 ἀνάμνησιν
2342 362 2354 385 ,

1326 400 1387 438 καὶ
1414 400 1616 450 ἐγκαλεῖται
1636 397 1700 448 μὲν
1721 397 1840 446 ἄλλος,
1861 395 2054 443 πλήττεται
2070 395 2106 435 δὲ
2125 389 2223 441 οὗτος
2239 399 2259 435 ὁ
2286 412 2359 447 μη-

1328 460 1384 499 δὲν
1412 457 1689 510 ἐγκαλούμενος,
1705 458 1788 498 ὅταν
1813 451 1835 510 ᾖ
1860 457 1905 497 τὰ
1927 456 2016 496 αὐτὰ
2034 455 2157 509 ἐκείνῳ
2187 458 2362 507 τετολμη·

1330 519 1400 563 κώς
1413 535 1421 543 ·
1441 519 1563 571 ὥσπερ
1584 513 1646 558 οἶν
1666 518 1728 559 καὶ
1746 518 1805 558 ἐπὶ
1822 525 1895 562 τοῖς
1920 516 2190 570 κατορθώμασιν
2202 545 2213 565 ,
2235 516 2362 567 ἑτέρων

1330 580 1648 633 ἐγκωμιαζομένων
1685 580 1746 619 καὶ
1787 579 2075 632 στεφανουμένων
2088 607 2100 626 ,
2135 579 2168 617 οἱ
2200 577 2246 615 τὰ
2275 575 2364 616 αὐτὰ

1330 641 1603 694 κατωρθωκότες
1645 641 1788 686 ἐκείνοις
1831 640 1995 694 χαίρουσι
2034 640 2096 678 καὶ
2139 637 2366 689 ἀγάλλονται,

1332 707 1378 747 ὡς
1397 704 1460 743 οὐκ
1488 703 1630 742 ἐκείνων
1665 705 1798 754 μᾶλλον
1827 702 1850 750 ἢ
1881 703 1994 741 αὐτῶν
2019 699 2295 751 ἐπαινουμένων.
2316 699 2365 738 Τί

1331 765 1446 803 τοίνυν
1464 764 1590 815 γένοιτ’
1612 764 1654 802 ἂν
1673 769 1734 803 τοῦ
1752 763 2000 816 ἡμαρτηκότος
2017 759 2246 813 ἀθλιώτερον,
2266 759 2366 807 ὅταν,

1334 826 1462 879 ἑτέρων
1492 825 1832 877 κατηγορουμένων,
1858 825 1962 870 αὐτὸς
1994 822 2241 869 καταδύηται;
2267 820 2302 858 τί
2331 818 2369 859 δὶ

1333 891 1394 926 τοῦ
1422 890 1550 932 ζῶντος
1581 889 1615 926 ἐν
1648 889 1756 940 ἀρετῇ
1788 888 2082 939 μακαριώτερον,
2106 883 2213 930 ὅταν,
2239 881 2369 933 ἑτέρων

1334 947 1616 999 ἐπαινουμένων,
1644 949 1746 991 αὐτὸς
1772 947 1882 1000 χαίρῃ
1912 947 1974 986 καὶ
2004 945 2211 998 διαχέηται,
2234 945 2269 982 ἐν
2298 947 2371 985 τοίς

1335 1011 1463 1061 ἑτέρων
1481 1009 1679 1061 ,ἐγκωμίοις
1698 1009 1894 1060 ὑπόμνησιν
1913 1007 2105 1059 λαμὸάνων
2134 1008 2204 1044 τῶν
2233 1002 2370 1044 οἰκείων

1337 1069 1642 1123 κατορθωμάτων,
1655 1071 1781 1109 Ταῦτα
1796 1072 1859 1116 τῆς
1874 1074 1935 1108 τοῦ
1954 1072 2048 1108 Θεοῦ
2070 1066 2194 1120 σοφίας
2207 1065 2253 1104 τὰ
2270 1064 2371 1118 ἔργα,

1336 1135 1448 1169 ταῦτα
1464 1134 1526 1177 τῆς
1548 1131 1717 1181 μεγίστης
1739 1131 1843 1169 αὐτοῦ
1862 1131 2027 1182 προνοίας
2044 1129 2090 1167 τὰ
2120 1132 2265 1179 σημεῖα.
2283 1125 2371 1176 Ἄγ-

1336 1207 1425 1243 κυρα
1444 1191 1511 1243 γάρ
1530 1192 1581 1234 τίς
1603 1194 1696 1230 ἐστιν
1713 1190 1792 1242 ἱερὰ
1807 1194 1867 1229 τοῦ
1887 1191 2079 1234 συνειδότος
2101 1194 2123 1237 ἡ
2142 1188 2369 1239 ἐπιτίμησις,

1337 1255 1398 1291 οὐκ
1419 1255 1513 1290 ἐῶσα
1538 1253 1655 1290 τέλεον
1679 1255 1775 1302 ἡμᾶς
1795 1253 1843 1295 εἰς
1871 1253 1929 1291 τὸν
1959 1256 2021 1299 τῆς
2051 1252 2227 1303 ἁμαρτίας
2256 1263 2370 1288 κατα-

1337 1316 1564 1359 ποντισθῆναι
1598 1312 1713 1363 βυθόν.
1746 1313 1838 1351 Οὐδὲ
1853 1313 1921 1364 γὰρ
1937 1313 2023 1366 παρ’
2043 1313 2146 1351 αὐτὸν
2164 1315 2233 1351 τῶν
2253 1312 2370 1363 ἆμαρ-

1337 1374 1506 1424 τημάτων
1523 1374 1581 1412 τὸν
1608 1374 1730 1427 καιρὸν
1755 1374 1881 1425 μόνον,
1906 1375 1998 1413 ἀλλὰ
2030 1374 2091 1413 καὶ
2111 1373 2202 1425 μετὰ
2236 1372 2371 1417 πολλὰς

1339 1437 1504 1474 ἐνιαυτῶν
1538 1436 1734 1487 περιόδους,
1757 1429 1846 1475 οἶδεν
1879 1438 1975 1488 ἡμᾶς
2008 1435 2179 1480 πολλάκις
2217 1436 2373 1479 παλαιᾶς

1340 1497 1622 1548 ἀναμιμνήσκειν
1649 1497 1825 1549 ἁμαρτίας
1840 1513 1849 1522 ·
1869 1498 1929 1536 καὶ
1950 1497 2072 1536 τούτου
2091 1497 2151 1535 καὶ
2173 1498 2237 1536 ἀπ’
2257 1497 2372 1536 αὐτῶν

1339 1557 1620 1611 παραστήσομαι
1658 1561 1728 1597 τῶν
1770 1560 1799 1598 Γ
1804 1562 1922 1612 ραφῶν
1950 1563 2045 1612 σαφῆ
2075 1557 2141 1606 τὴν
2175 1555 2370 1602 ἀπόδειξιν.

1339 1619 1524 1659 Ἀπέδοντό
1556 1635 1642 1658 ποτε
1680 1618 1739 1658 τὸν
1776 1620 1911 1673 Ἰωσὴφ
1940 1623 1972 1660 οἱ
2007 1620 2177 1673 ἀδελφοὶ,
2210 1619 2372 1670 ἐγκαλεῖν

1341 1681 1404 1732 μὲν
1435 1682 1530 1720 οὐδὲν
1547 1681 1701 1733 ἔχοντες,
1721 1680 1775 1719 ὅτι
1791 1682 1828 1720 δὲ
1848 1681 1993 1720 ἐνύπνια
2014 1681 2109 1733 ἑώρα
2127 1679 2192 1728 τὴν
2216 1679 2372 1732 μέλλου-

1341 1758 1405 1781 σαν
1425 1743 1521 1795 αὐτῷ
1541 1748 1859 1795 προαναφωνοῧντα
1882 1743 1999 1788 δόξαν.
2022 1737 2127 1783 Εἶδον
2153 1741 2242 1794 γὰρ,
2259 1740 2371 1794 φησὶ,

1338 1804 1384 1842 τὰ
1403 1804 1588 1856 δράγματα
1607 1805 1706 1854 ὑμῶν
1725 1804 2020 1856 προσκυνήσαντα
2041 1805 2082 1843 τὸ
2107 1805 2190 1851 ἐμὸν
2211 1802 2366 1854 δράγμα.

1341 1865 1467 1905 Καίτοι
1482 1864 1571 1917 ὑπὲρ
1598 1867 1730 1904 τούτων
1755 1866 1942 1918 φυλάττειν
1968 1865 2070 1904 αὐτὸν
2088 1866 2217 1916 ἐχρῆν·
2235 1863 2372 1915 στέφα-

1340 1943 1396 1971 νος
1433 1925 1500 1977 γὰρ
1532 1929 1595 1973 τῆς
1628 1926 1740 1970 οἰκίας
1775 1927 1916 1973 ἁπάσης
1944 1927 2088 1977 ἔμελλεν
2120 1926 2280 1973 ἔσεσθαι,
2311 1924 2373 1963 καὶ

1339 1988 1547 2039 λαμπρότης
1573 1990 1634 2026 τοῦ
1664 1988 1783 2038 γένους
1796 1987 1940 2032 παντός.
1959 1987 2072 2027 Ἀλλὰ
2090 1990 2246 2027 τοιοῦτον
2266 1989 2290 2033 ἡ
2308 1987 2373 2037 βα-

1337 2050 1466 2089 σκανία
1483 2061 1489 2068 ·
1507 2055 1579 2093 τοῖς
1606 2049 1746 2093 οἰκείοις
1765 2051 1913 2101 πολεμεῖ
1935 2051 2073 2096 καλοῖς,
2087 2048 2148 2088 καὶ
2174 2049 2310 2100 μᾶλλον
2329 2046 2371 2085 ἂν

1336 2112 1450 2151 ἕλοιτο
1480 2110 1588 2163 μυρία
1621 2111 1798 2163 ’πάσχειν
1828 2111 1924 2150 δεινὰ
1951 2113 1969 2149 ὃ
2001 2110 2225 2162 βασκαίνων,
2251 2108 2275 2155 ἢ
2311 2107 2371 2147 τὸν

1336 2175 1484 2222 πλησίον
1507 2175 1589 2213 ἰδεῖν
1614 2174 1889 2224 εὐδοκιμοῦντα,
1919 2173 1983 2211 κᾶν
2020 2175 2067 2216 εἰς
2099 2171 2202 2210 αὐτὸν
2231 2170 2370 2210 διαὸαί·

1337 2251 1406 2275 νειν
1426 2236 1548 2287 μέλλοι
1564 2235 1610 2272 τὰ
1628 2237 1690 2281 τῆς
1711 2233 1884 2279 εὐδοξίας·
1901 2227 1940 2272 οὗ
1956 2233 1990 2272 τί
2010 2233 2135 2284 γένοιτ’
2163 2231 2205 2271 ἂν
2235 2230 2370 2271 ἀθλιώ-

1335 2313 1452 2351 τερον;
1472 2296 1591 2349 ’Ὅπερ
1608 2289 1668 2335 οὖν
1687 2298 1845 2334 κάκεῖνοι
1874 2295 2002 2334 ἔπαθον
2016 2322 2026 2341 ,
2039 2294 2100 2333 καὶ
2121 2292 2250 2338 ἰδόντες
2266 2292 2369 2331 αὐτὸν

1336 2361 1516 2412 πόρρωθεν
1539 2358 1672 2405 ἥκοντα
1690 2387 1701 2406 ,
1733 2356 1864 2409 τροφὴν
1898 2358 2015 2400 αὐτοῖς
2047 2355 2260 2406 κομίζοντα,
2281 2352 2370 2406 πρὸς

1338 2421 1511 2469 ἀλλήλους
1526 2420 1643 2469 ἔλεγον
1652 2433 1662 2441 ·
1680 2421 1801 2464 Δεῦτε,
1809 2417 2071 2468 ἀποκτείνωμεν
2085 2416 2201 2465 αὐτὸν,
2215 2415 2277 2455 καὶ
2291 2415 2371 2454 ἴδω-

1340 2499 1402 2535 μεν
1418 2482 1453 2521 τί
1481 2482 1581 2520 ἔσται
1599 2481 1645 2520 τὰ
1665 2481 1810 2520 ἐνύπνια
1836 2483 1952 2520 αὐτοῦ.
1986 2481 2030 2519 Εἰ
2050 2480 2110 2518 καὶ
2127 2477 2177 2529 μὴ
2195 2479 2244 2523 ὡς
2263 2478 2370 2517 ἀδελ-

1340 2545 1401 2597 φὸν
1431 2543 1602 2594 ᾐδέσθης,
1638 2541 1714 2580 οὐδὲ
1749 2541 1814 2589 τὴν
1844 2541 1945 2594 φύσιν
1978 2540 2158 2593 ἐπέγνως,
2191 2539 2257 2587 τὴν
2285 2543 2367 2592 γοῦν

1339 2606 1514 2658 τράπεζαν
1551 2603 1661 2651 αὐτὴν
1681 2604 1884 2650 αἰδεσθῆναι
1902 2603 1971 2641 ἔδει
1986 2631 1996 2650 ,
2016 2602 2076 2640 καὶ
2097 2602 2156 2641 τὸν
2170 2603 2233 2648 τῆς
2248 2601 2367 2639 διακο·

1339 2668 1414 2712 νίας
1438 2667 1587 2720 τρόπον,
1617 2665 1673 2705 ὅτι
1701 2665 1837 2717 θρέψων
1867 2680 1906 2703 σε
1930 2663 2154 2716 παρεγένετο.
2176 2663 2276 2701 Ἀλλ’
2302 2661 2367 2714 δρα

1340 2733 1415 2773 πῶς
1433 2729 1493 2768 καὶ
1512 2729 1654 2771 ἄκοντες
1679 2727 1938 2779 προφητεύουσι
1950 2738 1960 2747 ·
1975 2727 2085 2763 Δεῦτε
2100 2754 2110 2773 ,
2125 2724 2230 2777 φασὶν
2241 2754 2252 2774 ,
2271 2726 2366 2763 α’πο-

1340 2791 1530 2837 κτείνωμεν
1551 2788 1652 2829 αὐτὸν
1670 2819 1680 2835 ,
1694 2788 1755 2826 καὶ
1781 2789 1908 2838 ἴδωμεν
1929 2786 1964 2825 τί
1984 2787 2082 2825 ἔσται
2103 2788 2207 2825 αὐτοῦ
2222 2785 2266 2824 τὰ
2286 2785 2369 2824 ἐνύ-

1340 2868 1437 2891 πνια.
1455 2854 1498 2891 Et
1512 2850 1580 2904 γὰρ
1596 2851 1657 2889 οὐκ
1674 2847 1938 2894 ἐδουλώσαντο,
1949 2848 2009 2887 καὶ
2024 2848 2084 2886 τὸν
2103 2847 2201 2886 δόλον
2221 2846 2369 2899 ὕφαναν,

1341 2914 1401 2953 καὶ
1441 2914 1504 2961 τὴν
1545 2912 1670 2958 ἀναιδῆ
1709 2909 1838 2961 βουλὴν
1869 2909 2025 2962 ἔῤῥαψαν
2055 2909 2211 2956 ἐκείνην,
2230 2910 2293 2948 οὐκ
2326 2906 2368 2945 ἂν

1341 2975 1495 3029 ἔγνωσαν
1524 2977 1593 3012 τῶν
1609 2971 1778 3011 ἐνυπνίων
1800 2970 1939 3010 ἐκείνων
1959 2970 2022 3017 τὴν
2043 2970 2204 3021 δύναμιν.
2228 2969 2283 3008 Οὗ
2301 2968 2370 3022 γὰρ

1342 3031 1383 3084 ἦν
1411 3036 1505 3083 ἴσον,
1527 3034 1635 3086 μηδὲν
1667 3033 1825 3072 παθόντα
1857 3032 1966 3070 δεινὸν
1989 3032 2048 3070 ἐπὶ
2062 3032 2120 3072 τὸν
2141 3030 2260 3084 θρόνον
2278 3032 2369 3070 ἀνα-

1342 3098 1446 3145 ὅῆναι
1465 3101 1527 3144 τῆς
1548 3095 1749 3148 Αἰγύπτου,
1773 3093 1832 3132 καὶ
1851 3092 1909 3131 διὰ
1940 3093 2112 3132 τοσούτων
2147 3095 2218 3131 τῶν
2245 3091 2365 3130 κωλυ-

1343 3159 1463 3210 μάτων
1492 3158 1639 3196 καὶτῶν
1656 3154 1864 3207 ι’ἐμποδίων
1885 3158 1946 3201 τῆς
1977 3154 2085 3199 αὐτῆς
2118 3152 2249 3198 ταύτης
2284 3153 2369 3191 ἐπι-

1342 3221 1511 3259 λαθέσθαι
1546 3218 1807 3271 λαμπρότητος.
1838 3216 1881 3254 Εἰ
1910 3214 1959 3266 μὴ
1993 3214 2061 3268 γὰρ
2091 3213 2367 3259 ἐπεὸούλευσαν,

1343 3284 1404 3321 οὐκ
1421 3283 1461 3320 ἂν
1482 3283 1529 3325 εἰς
1560 3281 1736 3333 Αἴγυπτον
1757 3277 1925 3317 ἀπέδοντο
1942 3289 1950 3296 ·
1981 3278 2012 3314 εἰ
2031 3275 2082 3327 μὴ
2120 3274 2290 3315 ἀπέδοντο
2320 3275 2370 3317 εἰς

1346 3344 1537 3394 Αἴγυπτον,
1557 3343 1620 3380 οὐκ
1638 3340 1678 3379 ἃν
1694 3340 1833 3393 ἠράσθη
1852 3340 1875 3386 ἡ
1897 3337 2062 3377 δέσποινα
2082 3349 2090 3358 ·
2108 3338 2138 3375 εἰ
2157 3335 2207 3386 μὴ
2228 3334 2367 3388 ἠράσθη

1429 3467 1443 3490 ¹·
1471 3463 1531 3496 Alii
1549 3469 1586 3505 ἐμ
1593 3466 1792 3506 ποδιαμάτοιν.
