2513 3871
270 179 333 226 26

265 286 323 317 cat
340 279 452 319 Deus.
472 278 616 318 Etenim
635 276 823 328 captivitas
844 289 915 314 non
933 283 1007 313 tam
1026 274 1074 314 ad
1093 273 1222 315 vindi-

265 348 358 377 ctam
374 338 564 383 acciderat,
578 351 685 388 quam
702 336 748 374 ad
767 336 1032 374 conversionem
1048 345 1083 374 et
1102 349 1224 374 emen-

265 399 457 438 dationem.
480 397 667 448 Siquidem
689 398 718 436 si
749 410 808 435 eos
834 410 981 449 prorsus
1009 396 1131 435 ulcisci
1151 411 1220 435 vo-

264 459 387 498 luisset
406 461 513 505 Deus,
530 472 598 496 non
615 457 816 496 reduxisset
835 457 998 506 domum,
1012 471 1075 496 nec
1095 457 1221 497 urbem

265 521 435 572 majorem
451 529 484 557 et
504 518 796 572 splendidiorem,
815 533 877 557 nec
898 519 1073 571 templum
1093 519 1220 558 itidem

63 585 219 622 leg-²³·
264 581 382 619 denuo
401 580 587 619 excitasset
605 597 613 617 :
629 582 717 619 Eric
733 582 848 625 enim,
864 580 927 624 ait,
940 581 1067 632 gloria
1082 580 1219 620 domus

265 643 381 695 hujus
410 644 619 680 novissima
633 646 883 692 proestantior
898 645 1039 692 priore.
1057 641 1167 689 Quod
1190 642 1219 680 si

265 703 362 741 Deus
380 715 472 754 saepe
497 711 766 753 conspurcatam
785 699 939 738 libidine
965 713 983 736 a
1014 700 1218 752 poenitentia

263 777 335 802 non
351 763 519 810 exclusit,
538 763 651 800 multo
666 762 778 813 magis
793 761 950 799 animam
970 769 1067 799 tuam
1084 761 1221 813 ample-

263 824 426 872 xabitur,
436 838 513 876 quae
524 838 618 862 nunc
632 823 788 876 primum
801 822 899 875 lapsa
910 831 973 861 est.
990 823 1104 861 Nemo
1114 822 1220 869 enim,

263 899 373 926 nemo
391 899 569 938 corporeae
585 893 723 922 amator
742 884 876 930 formae,
887 883 1151 935 quantumlibet
1166 883 1220 921 iu·

263 961 371 987 sanus
386 977 396 996 ,
413 956 509 985 tanta
536 945 658 984 amicae
688 959 759 984 suae
786 944 887 983 ardet
911 945 1195 998 concupiscentia
1211 974 1221 992 ‚

263 1018 397 1060 quanto
416 1007 537 1046 studio
555 1009 652 1045 Deus
671 1006 873 1045 animarum
896 1015 1095 1045 nostrarum
1113 1021 1221 1059 appe-

265 1070 310 1108 tit
328 1069 480 1108 salutem
504 1086 514 1108 z
535 1068 634 1120 quod
656 1078 731 1106 tum
751 1081 797 1106 ex
817 1068 860 1105 iis
879 1082 958 1119 quae
977 1067 1138 1121 quotidie
1157 1082 1221 1106 ac·-

266 1130 391 1169 cidunt
409 1162 418 1180 ‚
434 1140 508 1169 tum
525 1145 569 1169 cx
588 1131 796 1169 divinarum
817 1129 1087 1180 Scripturarum
1117 1129 1224 1167 dictis

265 1192 386 1231 videre
396 1193 487 1231 licet.
499 1193 658 1232 Observa
669 1202 741 1230 tam
753 1193 787 1230 in
801 1193 877 1243 ipso
888 1191 1050 1229 Jcremiae
1063 1191 1224 1239 exordio,

266 1267 373 1305 quam
391 1254 478 1292 alibi
494 1255 625 1306 passim
642 1253 738 1306 apud
755 1253 957 1305 prophetas,
969 1252 1150 1302 quomodo
1161 1253 1225 1291 de-

265 1324 407 1367 spectus
427 1324 461 1352 et
484 1315 674 1352 contemtui
698 1314 842 1351 habitus
858 1342 869 1361 ‚
886 1326 1029 1350 rursum
1058 1313 1163 1351 instet
1190 1323 1223 1351 et

266 1375 462 1413 amicitiam
481 1389 625 1422 eorum,
644 1374 706 1425 qui
725 1374 771 1412 ab
791 1388 827 1411 se
844 1373 959 1411 aversi
975 1373 1114 1411 fuerant
1129 1403 1138 1417 ‚
1157 1387 1222 1411 ex-

267 1437 386 1487 quirat
407 1452 416 1472 :
441 1435 539 1487 quod
560 1435 665 1473 etiam
688 1435 762 1487 ipse
780 1435 815 1473 in
839 1434 1049 1486 Evangeliis
1067 1434 1223 1472 declarat

64 1498 178 1530 Massl'·
199 1497 253 1530 23-
266 1497 322 1535 his
339 1497 461 1536 verbis
483 1514 491 1534 .-
511 1497 745 1543 Jerusalem,
762 1497 996 1542 Jerusalem,
1017 1510 1102 1548 quae
1123 1501 1225 1535 occi·

63 1542 118 1580 37'
266 1559 326 1596 dis
343 1560 572 1611 prophetas,
591 1567 627 1595 et
647 1558 801 1608 lapidas
822 1570 886 1594 eos
909 1560 974 1609 qui
995 1557 1049 1594 acl
1063 1565 1098 1594 te
1120 1560 1226 1595 missi

265 1628 355 1658 sunt
374 1649 384 1667 ,
400 1623 550 1671 quoties
572 1619 682 1657 ‘volui
712 1632 946 1671 congregare
960 1619 1075 1671 filios
1111 1628 1193 1656 tuos
1213 1648 1222 1665 ‚

266 1681 591 1732 quemadmodum
608 1680 764 1728 gallina
777 1689 985 1731 congregat
994 1679 1122 1731 pullos
1137 1693 1226 1718 suos

266 1743 336 1780 suh
357 1742 445 1779 alas
466 1772 475 1789 ,
496 1751 531 1780 et
549 1742 728 1779 noluistis
746 1745 762 1778 ?
781 1740 826 1778 Et
853 1741 988 1778 Paulus
1006 1740 1040 1777 in
1064 1739 1226 1792 Epistola

64 1808 95 1829 ²·
115 1799 187 1829 0οΓ-
201 1801 232 1831 5·
267 1801 314 1840 ad
329 1802 532 1841 Corinthios
554 1802 719 1840 dicebat:
740 1803 933 1853 Quoniam
958 1804 1065 1840 Deus
1081 1811 1162 1839 erat
1183 1804 1226 1838 ιἰι

68 1849 172 1880 ’μα
271 1864 446 1910 Clu-ism,
465 1865 654 1902 mundum
672 1865 934 1902 reconcilians
950 1865 1024 1902 sibi
1040 1894 1049 1911 ‚
1068 1877 1145 1901 non
1164 1877 1227 1900 re-

264 1936 408 1978 putans
424 1927 505 1964 illis
521 1927 664 1964 delicta
682 1929 851 1976 ipsorum
866 1956 876 1971 ‚
896 1935 932 1964 et
947 1928 1074 1977 posuit
1091 1928 1132 1962 in
1159 1937 1227 1961 no-

269 1989 326 2025 bis
339 1987 498 2026 verbum
514 1987 758 2025 reconciliati
761 1990 856 2026 onis.
872 1989 952 2025 Pro
968 1987 1124 2025 Christo
1139 1999 1228 2035 ergo

268 2048 471 2100 legatione·
475 2048 693 2100 fungimur,
708 2056 909 2100 tamquam
927 2049 1010 2086 Deo
1023 2049 1230 2086 exhortan-

271 2119 307 2148 te
325 2124 394 2161 per
411 2124 494 2148 nos.
513 2112 765 2149 obsecramus
782 2125 852 2162 pro
874 2111 1042 2157 christo,
1061 2110 1232 2147 reconci-

272 2172 426 2210 liamini
450 2173 548 2210 Deo.
567 2173 652 2210 Haec
677 2171 722 2209 ad
752 2186 815 2210 nos
836 2185 930 2209 nunc
959 2171 1053 2209 dicta
1076 2178 1199 2222 putato
1221 2184 1229 2206 :

271 2246 341 2270 non
371 2233 464 2270 enim
492 2232 723 2271 incredulitas
756 2232 995 2277 tantum‚sed
1021 2231 1128 2269 etiam
1157 2230 1230 2266 vita

272 2293 458 2331 immunda
471 2292 631 2332 odiosam
650 2293 741 2331 hanc
757 2293 981 2331 inimicitiam
999 2292 1153 2333 excitare
1169 2304 1232 2342 po·

67 2354 158 2384 ¹¹⁰m·
182 2353 216 2387 8·
229 2364 257 2394 7·
274 2365 340 2395 test
354 2372 361 2392 :
373 2357 480 2394 Num
498 2360 689 2407 sapientia
705 2359 835 2395 carnis
849 2386 858 2404 ‚
872 2355 986 2406 inquit
1000 2385 1009 2403 ‚
1026 2357 1234 2393 inimicitia

273 2426 331 2457 est
351 2419 448 2456 Deo.
465 2419 698 2455 Destruamus
717 2418 828 2469 igitur
847 2417 915 2455 hoc
934 2426 1088 2469 septum,
1107 2431 1148 2454 ac
1169 2417 1231 2455 di-

271 2493 417 2516 ruamus
432 2488 683 2529 mortuumque
699 2493 887 2531 ponamuS,
906 2488 944 2517 ut
955 2479 1095 2517 beatam
1107 2493 1231 2517 recon-

271 2540 485 2578 ciliationem
510 2540 754 2592 adipiscamur
776 2570 785 2589 ‚
808 2549 846 2578 ut
879 2540 1072 2578 reddamur
1097 2540 1229 2579 iterum

270 2602 442 2640 amabiles
463 2611 495 2640 et
516 2601 773 2640 desiderabiles
793 2603 879 2641 Deo.

657 194 696 225 S.

331 2775 390 2814 14.
411 2775 492 2812 Scio
515 2785 547 2813 tc
566 2789 659 2813 nunc
679 2775 889 2814 Hermiones
913 2776 1065 2814 sormam
1086 2776 1229 2825 mirari,

86 2841 261 2888 Theo-dorus
276 2835 436 2887 nihilque
455 2836 488 2874 in
507 2837 608 2874 terris
623 2838 698 2889 ejus
714 2837 976 2889 pulchritudini
994 2852 1057 2890 par
1073 2852 1146 2876 esse
1164 2853 1231 2890 pu-

71 2883 258 2952 }ssgz'm'c‘a’-
276 2906 361 2935 tare.
382 2899 517 2936 Verum
535 2898 562 2935 si
577 2898 664 2935 velis
677 2929 686 2946 ,
703 2913 723 2936 o
740 2899 871 2946 amice,
889 2908 986 2938 tanto
1009 2898 1069 2937 illa
1086 2899 1231 2950 elegan-

72 2970 152 3003 pius.
276 2959 346 2997 tior
357 2968 390 2997 ct
408 2959 591 3011 pulchrior
602 2959 824 3010 cris,quanto
840 2960 945 2999 luteis
961 2975 1076 2999 aurete
1092 2969 1230 3001 statum.

277 3021 367 3059 Nam
380 3021 407 3058 si
424 3021 457 3059 in
473 3035 618 3073 corpore
632 3021 863 3073 pulchritudo
879 3022 1075 3061 mullorum
1093 3021 1230 3060 animos

276 3082 323 3119 ita
345 3083 502 3133 percellit
522 3092 553 3119 vt
574 3083 726 3124 excitat,
743 3083 886 3133 quamlo
913 3098 950 3121 ea
976 3083 1009 3121 iu
1037 3084 1155 3121 animo
1177 3097 1226 3120 rc-

275 3143 426 3191 sulserit,
443 3143 529 3194 quid
546 3143 750 3196 hujusmodi
769 3145 897 3197 speciei
913 3159 952 3182 ac
968 3144 1233 3197 pulchritudini

323 3294 336 3308 e
359 3283 461 3316 Saril.
477 3291 509 3315 et
525 3292 668 3325 quatuor
692 3283 768 3315 Mu.
797 3289 834 3322 ὡς
863 3291 879 3323 ἡ
899 3293 1012 3331 κορώνη
1030 3291 1058 3319 ἐν
1077 3291 1181 3331 ἐρήμῳ
1197 3292 1285 3326 μόνη·

325 3336 342 3361 d
368 3344 420 3374 τῆς
435 3340 526 3370 αὐτοῦ
545 3335 637 3368 ‹let-:t
650 3336 680 3367 in
696 3335 823 3378 aliquot
847 3337 923 3371 hias.

368 3389 427 3421 Alii
441 3396 520 3432 quot
532 3389 610 3421 Mas.
631 3394 841 3422 dxvi-eimau..

737 194 846 225 JOAN
855 195 878 224 N
887 193 923 224 {S
961 190 1205 223 CHRYSOST.
1246 190 1435 224 Ancumv
1445 213 1454 223 .

1242 770 1265 800 C

1247 1565 1272 1594 D

1254 2292 1278 2321 E

1493 191 1577 223 coN
1585 191 1851 223 STAN'rtNOP.

1291 275 1345 313 σοὶ
1363 275 1638 327 διεστραμμένον
1663 274 1761 325 παρὰ
1786 275 1849 320 τὰς
1872 275 1997 320 λοιπάς
2011 288 2018 296 ·
2038 276 2099 314 καὶ
2120 276 2225 316 πάλιν
2242 277 2320 315 ἕτε-

1292 351 1348 386 ρος
1364 349 1372 357 ·
1393 336 1586 380 Ἐκάθισας
1612 337 1846 388 προσδοκῶσα
1876 336 1997 381 αὐτοὺς
2031 342 2045 358 ⁰
2065 338 2148 376 ὡσεὶ
2176 338 2314 390 κορώνη

1289 399 1521 448 ἠρημωμένη.
1541 397 1687 443 Ταύτην
1703 391 1761 435 οῦν
1779 397 1843 444 τὴν
1862 397 1952 437 οὕτω
1972 398 2214 450 πορνεύσασαν
2233 402 2319 437 ἀνα-

1290 459 1452 496 καλεῖται
1473 458 1578 496 πάλιν
1603 460 1621 494 ὁ
1641 458 1743 502 Θεός.
1779 459 1850 497 Καὶ
1874 459 1942 510 γὰρ
1968 462 1990 506 ἡ
2030 461 2261 510 αἰχμαλωσία
2293 463 2315 506 ἡ

1289 520 1473 569 γενομένη,
1490 522 1527 558 οὐ
1547 518 1720 571 τιμωρίας
1737 523 1900 559 τοσοῦτον
1919 514 1961 566 ἦν
1977 548 1986 565 ,
2006 520 2085 559 ὅσον
2104 522 2318 573 ἐπιστροφῆς

1289 578 1348 615 καὶ
1371 577 1588 630 διορθώσεως
1606 594 1613 601 ·
1640 578 1715 617 ἐπεὶ
1731 609 1741 625 ,
1767 581 1797 617 εἷ
1826 579 1975 618 κολάσαι
2000 578 2124 623 αὐτοὺς
2156 578 2318 623 καθάπαξ

1292 638 1457 677 ἐὸούλετο
1477 642 1494 677 ὁ
1521 640 1629 687 Θεὸς,
1647 640 1709 677 οὐκ
1730 638 1769 676 ἂν
1795 639 1900 678 πάλιν
1931 639 2150 689 ἐπανήγαγεν
2168 639 2285 676 οἶκαδε
2304 668 2315 684 ,

1291 702 1353 738 οὐκ
1368 700 1407 738 ἂν
1423 701 1563 751 μείζονα
1579 702 1638 739 καὶ
1652 700 1903 754 λαμπροτέραν
1918 701 1978 738 καὶ
1992 700 2054 747 τὴν
2070 699 2172 738 πόλιν
2185 699 2245 738 καὶ
2261 699 2318 739 τὸν

1290 761 1370 799 ναὸν
1387 761 1638 806 κατεσκεύαζεν
1655 775 1662 782 ·
1681 761 1812 800 Ἔσται
1827 760 1908 814 γὰρ,
1922 761 2041 813 φησὶν,
2060 764 2082 808 ἡ
2101 760 2182 805 δόξα
2195 764 2254 799 τοῦ
2268 761 2322 799 οἶ-

1291 837 1352 860 κου
1373 821 1493 861 τούτου
1514 826 1534 868 ἡ
1556 823 1690 874 ἐσχάτη
1709 821 1798 875 ὑπὲρ
1813 821 1877 868 τὴν
1896 822 2105 874 ἔμπροσθεν.
2127 822 2171 860 Εἰ
2192 821 2229 860 δὲ
2254 821 2319 869 τὴν

1291 883 1461 926 πολλάκις
1492 883 1771 935 ἐκπορνεύσασαν
1801 884 1864 921 οὐκ
1895 882 2082 921 ἀπέκλεισε
2110 886 2174 929 τῆς
2204 898 2320 934 μετα-

1291 945 1384 988 νοίας
1402 948 1420 983 ὁ
1440 945 1530 988 Θεὸς
1551 974 1560 992 ,
1579 947 1700 997 πολλῷ
1720 946 1852 995 μᾶλλον
1875 946 1938 990 τῆς
1964 947 2028 991 σ’ἧς
2047 943 2227 988 ἀνθέξεται
2248 946 2321 996 ψυ-

1290 1009 1370 1058 χῆς,
1391 1011 1492 1051 τοῦτο
1510 1009 1649 1058 πρῶτον
1670 1005 1845 1053 πεσούσης
1864 1006 1903 1044 τὸ
1923 1008 2069 1056 πτῶμα.
2095 1005 2221 1049 Οὐδεὶς
2235 1004 2320 1056 γὰρ,

1292 1068 1402 1111 οὐδεὶς
1424 1067 1600 1117 σωμάτιον
1632 1067 1780 1118 ἐραστὴς
1798 1098 1807 1115 ,
1838 1067 1903 1106 κᾶν
1930 1066 2065 1120 σφόδρα
2091 1060 2114 1118 ᾗ
2147 1066 2319 1117 μανικὸς,

1700 1127 1717 1149 ‘¹
1733 1132 1796 1175 τῆς
1829 1131 1934 1167 αὐτοῦ
1955 1128 2197 1180 περικαίεται,
2228 1130 2275 1171 ὡς
2301 1131 2322 1166 ὁ

1294 1130 1384 1167 οὕτω
1403 1132 1465 1175 τῆς
1493 1129 1671 1181 ἐρωμένης

1294 1191 1383 1234 Θεὸς
1410 1193 1472 1237 τῆς
1492 1190 1668 1242 σωτηρίας
1700 1190 1836 1242 ἐφίεται
1867 1193 1936 1228 τῶν
1964 1189 2147 1242 ἡμετέρων
2174 1191 2320 1241 ψυχῶν·

1294 1252 1353 1289 καὶ
1372 1255 1474 1289 τοῦτο
1495 1252 1608 1290 ἔνεστι
1629 1251 1691 1301 μὲν
1711 1252 1771 1289 καὶ
1791 1253 1831 1289 ἐκ
1860 1255 1928 1289 τῶν
1955 1250 2034 1289 καθ’
2054 1251 2207 1298 ἑκάστην
2234 1249 2323 1300 ἡμέ-

1297 1327 1358 1363 ραν
1376 1313 1568 1362 γινομένων
1591 1313 1673 1349 ἰδεῑν
1693 1340 1705 1359 ,
1725 1311 1838 1350 ἔνεστι
1871 1311 1906 1350 δὲ
1938 1311 1996 1349 καὶ
2027 1311 2097 1350 ἀπὸ
2126 1314 2194 1349 τῶν
2221 1310 2324 1349 θείων

1295 1374 1458 1423 Γραφῶν.
1475 1371 1573 1423 ζὈρα
1592 1377 1686 1422 γοῦν,
1706 1373 1766 1410 καὶ
1786 1373 1820 1410 ἐν
1838 1379 1909 1415 τοῖς
1928 1372 2123 1423 προοιμίοις
2142 1376 2203 1410 τοῦ
2219 1371 2324 1424 Ἱερε-

1296 1433 1392 1483 μίου,
1415 1433 1474 1471 καὶ
1491 1435 1672 1485 πολλαχοῦ
1692 1433 1727 1470 δὲ
1740 1436 1809 1471 τῶν
1824 1435 2028 1486 προφητῶν,
2043 1432 2326 1485 καταφρονούμε-

1297 1511 1351 1533 νον
1370 1495 1472 1534 αὐτὸν
1494 1494 1554 1532 καὶ
1574 1494 1838 1547 ὑπερορώμενον
1855 1525 1865 1543 ,
1887 1495 1947 1534 καὶ
1962 1496 2070 1534 πάλιν
2090 1494 2325 1546 ἐπιτρέχοντα

1297 1556 1358 1594 καὶ
1378 1556 1549 1594 διώκοντα
1566 1555 1630 1603 τὴν
1652 1556 1769 1607 φιλίαν
1788 1558 1856 1593 τῶν
1873 1555 2192 1608 ἀποστρεφομένων
2207 1555 2323 1593 αὐτόν·

1296 1615 1384 1667 ὅπερ
1402 1617 1462 1655 καὶ
1483 1617 1585 1660 αὐτὸς
1610 1619 1644 1655 ἐν
1675 1622 1746 1661 τοῖς
1780 1617 2004 1668 Εὐαγγελίοις
2029 1617 2153 1663 ἐδήλου
2186 1616 2298 1666 λέγων
2314 1630 2323 1640 ·

1297 1676 1543 1728 Ἰερουσαλὴμ,
1562 1676 1810 1728 Ἰερουσαλὴμ,
1821 1682 1842 1724 ἡ
1858 1677 2137 1716 ’ἀποκτείνουσα
2150 1676 2228 1720 τοὺς
2239 1691 2325 1729 προ-

1298 1740 1411 1792 φήτας
1433 1740 1494 1777 καὶ
1515 1740 1746 1779 λιθοῧολοῦσα
1766 1739 1843 1783 τοὺς
1862 1739 2148 1789 ἀπεσταλμένους
2163 1739 2249 1790 πρὸς
2263 1741 2326 1776 αὖ-

1298 1802 1375 1850 τὴν,
1396 1801 1544 1845 ποσάκις
1578 1802 1735 1848 ἠθέλησα
1755 1804 2024 1852 ἐπισυναγαγεῖν
2051 1800 2095 1839 τὰ
2113 1801 2219 1840 τέκνα
2239 1817 2300 1840 σου
2315 1828 2328 1846 ,

1298 1864 1334 1903 ὃν
1355 1866 1482 1915 τρόπον
1504 1864 1706 1914 ἐπισυνάγει
1726 1864 1818 1915 ὄρνις
1837 1863 1881 1901 τὰ
1907 1862 2030 1901 νοσσία
2053 1863 2159 1909 αὐτῆς
2181 1861 2249 1900 ὑπὸ
2264 1861 2327 1906 τὰς

1298 1924 1473 1977 πτέρυγας
1497 1927 1605 1970 αὐτῆς
1620 1953 1629 1970 ,
1648 1925 1708 1963 καὶ
1727 1927 1788 1963 οὐκ
1811 1924 2007 1970 ἠθελήσατε
2025 1939 2035 1970 ;
2059 1923 2128 1962 Καὶ
2148 1927 2166 1962 ὁ
2186 1924 2328 1966 Παῦλος

1299 1985 1335 2025 δὲ
1356 1987 1551 2037 Κορινθίοις
1573 1986 1786 2026 ἐπιστέλλων
1822 1986 1938 2035 ἔλεγεν
1956 1999 1964 2008 ·
1991 1985 2077 2023 t'Ort
2106 1984 2197 2028 Θεὸς
2221 1979 2264 2031 ἦν
2288 1985 2325 2023 ἐν

1300 2040 1444 2093 Χριστῷ
1475 2040 1605 2090 κόσμον
1627 2039 1884 2078 καταλλάσσων
1905 2040 2019 2090 ἑαυτῷ
2034 2069 2044 2086 ,
2077 2038 2126 2088 μὴ
2147 2037 2327 2089 λογιζόμε-

1300 2116 1355 2144 νος
1377 2103 1494 2144 αὖτοῑς
1509 2099 1552 2138 τὰ
1581 2100 1859 2151 παραπτώματα
1880 2100 2014 2144 αὐτῶν,
2044 2099 2104 2137 καὶ
2131 2099 2272 2149 θέμενος
2291 2101 2327 2137 ἐν

1303 2164 1387 2212 ἡμῖν
1409 2162 1465 2200 τὸν
1479 2161 1581 2212 λόγον
1600 2164 1662 2207 τῆς
1677 2162 1915 2211 καταλλαγῆς.
1938 2159 2052 2212 (Υπὲρ
2082 2161 2237 2211 Χριστοῦ
2268 2154 2327 2199 οῦν

1302 2223 1541 2275 πρεσὸεύομεν
1558 2253 1568 2270 ,
1584 2225 1630 2265 ὼς
1653 2227 1714 2260 τοῦ
1733 2224 1825 2260 Θεοῦ
1844 2222 2130 2273 παρακαλοῦντος
2148 2220 2193 2258 δι’
2212 2223 2328 2271 ἡμῶν,

1304 2284 1451 2335 δεόμεθα
1468 2284 1555 2336 ὑπὲρ
1575 2284 1749 2334 Χριστοῦ,
1765 2282 2013 2333 καταλλάγητε
2033 2285 2084 2333 τῷ
2100 2284 2194 2333 Θεῷ.
2214 2283 2331 2321 Τοῦτο

1303 2345 1361 2384 καὶ
1380 2346 1465 2398 πρὸς
1490 2350 1584 2396 ἡμᾶς
1607 2347 1767 2398 εἰρῆσθαι
1786 2344 1903 2395 νόμιζε
1925 2347 1995 2382 νῦν.
2015 2346 2069 2383 Οὐ
2088 2343 2156 2395 γὰρ
2183 2343 2330 2382 ἀπιστία

1304 2407 1407 2457 μόνον
1422 2438 1431 2453 ,
1448 2407 1538 2445 ἀλλὰ
1559 2407 1618 2445 καὶ
1640 2407 1712 2458 βίος
1734 2406 1928 2456 ἀκάθαρτος
1949 2404 2014 2450 τὴν
2041 2403 2219 2451 ἀπευκτὴν
2242 2403 2329 2442 ταύ-

1301 2485 1364 2516 την
1397 2468 1524 2521 ἔχθραν
1553 2468 1669 2512 ἱκανὸς
1697 2467 1924 2520 ἐργάσασθαι.
1957 2466 2011 2504 Τὸ
2040 2465 2108 2517 γὰρ
2131 2464 2296 2518 φρόνημα
2314 2494 2327 2513 ,

1300 2531 1399 2583 φησὶ,
1419 2534 1481 2576 τῆς
1499 2530 1639 2582 σαρκὸς,
1659 2530 1769 2581 ἔχθρα
1786 2531 1833 2571 εἰς
1851 2527 1958 2566 Θεόν.
1983 2525 2244 2577 Καταλύσωμεν
2270 2519 2330 2564 οῦν

1299 2595 1402 2630 τοῦτο
1416 2592 1456 2630 τὸ
1475 2592 1693 2644 διάφραγμα,
1708 2590 1768 2628 καὶ
1787 2589 1971 2638 διέλωμεν,
1981 2588 2040 2625 καὶ
2060 2590 2176 2637 θῶμεν
2195 2587 2329 2639 νεκρὸν,

1300 2653 1356 2691 ἵνα
1376 2655 1439 2698 τῆς
1467 2653 1644 2704 μακαρίας
1662 2651 1823 2703 τύχωμεν
1847 2649 2074 2699 καταλλαγῆς
2094 2678 2104 2694 ,
2132 2647 2189 2686 ἵνα
2219 2647 2330 2699 γενώ-

1305 2718 1395 2765 μεθα
1415 2710 1544 2752 ’πάλιν
1562 2712 1749 2764 ἐπέραστοι
1769 2711 1828 2749 καὶ
1847 2709 1999 2748 ποθεινοὶ
2020 2712 2069 2760 τῷ
2089 2711 2182 2762 Θεῷ,

1320 2814 1327 2819 ,
1355 2769 1447 2813 Οἶδα
1475 2773 1529 2812 ὅτι
1552 2774 1738 2822 θαυμάζεις
1758 2771 1820 2817 τὴν
1838 2770 2028 2823 Ἑρμιόνης
2047 2769 2142 2821 ὤραν
2170 2774 2227 2808 νῦν
2243 2800 2252 2816 ,
2272 2769 2334 2809 καὶ

1300 2839 1364 2882 ’.ἧς
1383 2836 1573 2886 εὐμορφίας
1607 2833 1738 2879 ἐκείνης
1765 2833 1862 2871 οὐδὲν
1887 2832 2006 2882 ὅμοιον
2034 2832 2161 2883 κρίνεις
2189 2831 2249 2870 ἐπὶ
2268 2832 2332 2876 τῆς

1302 2901 1367 2948 γῆς
1387 2891 1494 2935 εἶναι·
1520 2897 1597 2934 ἀλλ’
1618 2895 1676 2934 ἐὰν
1696 2894 1812 2946 θέλῃς,
1835 2887 1864 2931 ὦ
1884 2893 1981 2945 φίλος
1997 2923 2006 2939 ,
2031 2897 2193 2932 τοσοῦτον
2224 2894 2334 2939 αὐτῆς

1306 2958 1577 3009 εὐπρεπέστερος
1593 2957 1655 3008 ἔσῃ
1679 2956 1738 2994 καὶ
1754 2955 1975 3007 ὡραιότερος,
1990 2955 2063 3006 ὅσῳ
2086 2957 2153 2993 τῶν
2174 2953 2332 3001 πηλίνων

1306 3024 1345 3059 οἱ
1362 3025 1483 3073 χρυσοῖ
1510 3018 1665 3070 βελτίους
1685 3017 1884 3068 ἀνδριάντες
1906 3016 2004 3054 εἰσίν.
2025 3022 2038 3036 “
2051 3018 2093 3054 El
2113 3015 2182 3068 γὰρ
2198 3014 2256 3053 ἐπὶ
2274 3017 2335 3053 τοῦ

1308 3083 1469 3133 σώματος
1492 3081 1526 3118 ὃν
1545 3081 1583 3118 τὸ
1599 3080 1724 3121 κάλλος
1741 3078 1830 3116 οὕτω
1849 3078 1910 3120 τὰς
1930 3081 1998 3115 τῶν
2021 3078 2158 3115 πολλῶν
2178 3074 2335 3122 ἐκπλήτ-

1308 3160 1359 3182 τει
1374 3142 1488 3196 ψυχὰς
1503 3142 1561 3179 καὶ
1583 3142 1787 3192 ἀναπτεροῖ,
1806 3140 1887 3178 ὅταν
1908 3141 1941 3178 ἐν
1959 3141 2002 3190 τῇ
2023 3139 2118 3190 ψυχῇ
2131 3140 2233 3175 τοῦτο
2246 3138 2334 3175 ἀπο-

1366 3285 1380 3309 s
1405 3281 1506 3315 savit.
1523 3289 1555 3313 et
1569 3293 1652 3313 unus
1667 3280 1753 3314 cod.
1772 3285 1863 3316 πάλιν
1879 3285 2026 3325 ἱράτμιοι,
2044 3281 2202 3324 ἀκέραστοι
2225 3281 2286 3310 ul.

1368 3345 1380 3359 ·
1405 3335 1460 3366 Sic
1484 3345 1599 3365 omues
1620 3333 1684 3366 fere
1711 3333 1787 3365 Mss.
1806 3343 1882 3365 cnm
1903 3330 2001 3363 Saxil.
2032 3327 2144 3362 morel.
2166 3339 2242 3361 xero
2262 3333 2284 3361 ιὶ
2301 3330 2331 3361 zi

1327 3393 1377 3422 τοῦ
1396 3402 1543 3430 τοιμα.το,.
