2513 3871
378 225 472 283 444

379 319 574 358 Enimvero
587 316 647 355 ubi
659 316 722 354 illa
733 315 880 354 odorata
892 324 943 354 est
955 329 1012 354 me
1023 313 1059 352 id
1069 313 1208 353 consilii
1221 312 1328 361 inire,
1350 315 1376 345 Ι)

377 380 501 418 dextra
519 378 781 432 apprehensum
804 377 1003 416 introduxit
1020 390 1077 415 me
1096 376 1132 414 in
1150 375 1331 429 peculiare

376 441 444 479 sibi
470 439 712 487 domicilium,
735 454 777 478 ac
796 453 853 477 me
881 453 993 492 prope
1013 439 1168 486 lectum,
1190 438 1253 477 ubi
1274 452 1331 477 me

375 501 479 539 enixa
495 502 628 549 fuerat,
645 501 905 552 assiderejusso
916 531 925 547 ,
940 501 1077 539 emissis
1089 501 1331 554 lacrymarum

373 562 551 607 fontibus,
569 563 655 616 ipsis
669 562 838 615 lacrymis
853 563 1111 602 miserabiliora
1126 563 1235 602 verba
1250 576 1332 616 pro·

373 623 523 672 ferebat,
549 623 606 662 his
631 638 688 662 me
716 623 940 675 gemebunda
970 624 1210 678 compellans:
1228 624 1328 676 Ego,

374 686 512 736 inquit,
525 685 576 723 lili
592 717 601 732 ,
618 685 751 724 virtute
765 685 878 738 patris
892 686 941 724 tui
959 700 1027 725 non
1046 686 1159 725 multo
1175 695 1333 740 tempore

376 747 423 784 ita
438 746 648 799 providente
663 747 809 785 numine
823 747 893 785 frui
907 748 1020 801 potui.
1036 749 1125 787 Nam
1141 757 1265 801 partus
1279 748 1331 786 tui

376 807 518 847 dolores
534 808 715 861 excipiens
733 807 833 846 illius
848 808 987 854 obitus,
1005 818 1038 847 te
1055 809 1233 862 pupillum
1247 840 1256 857 ‚
1274 824 1331 848 me

376 868 526 908 viduam
558 880 769 922 praemature
795 870 959 921 reliquit,
989 869 1122 908 additis
1143 870 1331 909 viduitatis

377 930 635 979 incommodis,
669 945 748 982 qua?
778 931 934 984 expertis
963 932 1078 970 solum
1110 932 1219 985 probe
1250 941 1329 970 nota

377 1002 470 1030 sunt.
493 993 623 1031 Nullus
639 993 732 1031 enim
748 1007 864 1031 sermo
882 993 1017 1031 nullam
1035 1002 1275 1046 tempestatem
1291 1007 1332 1031 ac

377 1054 570 1106 procellam
586 1055 787 1108 exprimere
804 1055 934 1107 possit,
952 1069 1059 1106 quam
1077 1055 1194 1107 puella
1211 1055 1329 1100 subit,
1354 1055 1377 1086 Ε

377 1130 458 1154 cum
479 1130 594 1169 nuper
607 1131 626 1154 e
640 1115 747 1153 domo
762 1116 874 1168 patris
889 1116 1014 1153 emissa
1025 1146 1035 1160 ,
1051 1130 1092 1153 ac
1107 1117 1331 1167 negotiorum

377 1176 542 1229 imperita
553 1207 563 1222 ,
578 1176 830 1229 repenteluctu
847 1176 1060 1214 intolerabili
1075 1177 1234 1229 perculsa
1246 1208 1255 1224 ,
1270 1177 1334 1215 sol·

376 1235 599 1274 licitudinem
615 1245 716 1275 aetate
729 1251 769 1275 ac
785 1251 872 1275 sexu
888 1251 953 1275 suo
969 1238 1140 1288 majorem
1156 1238 1334 1290 suscipere

377 1296 528 1348 cogitur.
545 1298 647 1349 Opus
657 1297 750 1334 enim
765 1306 816 1334 est
829 1311 1013 1335 servorum
1026 1298 1206 1349 ignaviam
1217 1312 1335 1336 ernen-

375 1356 483 1404 dare,
502 1357 697 1409 nequitiam
711 1357 921 1403 observare,
937 1368 1168 1409 cognatorum
1187 1359 1335 1397 insidias

375 1418 602 1472 propulsare,
630 1418 905 1471 publicanorum
933 1419 1114 1458 molestias
1141 1429 1174 1458 et
1203 1420 1238 1458 in
1267 1434 1332 1459 ve·

375 1479 568 1533 ctigalibus
585 1480 772 1532 exigendis
790 1479 1048 1519 immanitatem
1067 1481 1206 1520 fortiter
1221 1481 1331 1520 ferre.

376 1541 486 1590 Quod
502 1541 530 1580 si
549 1542 598 1590 is,
615 1541 675 1593 qui
692 1551 839 1580 mortem
859 1541 954 1589 obit,
975 1543 1111 1595 prolem
1129 1542 1329 1594 relinquat;

374 1602 405 1641 si
420 1604 465 1642 sit
480 1603 610 1642 femina
623 1634 633 1651 ,
649 1617 815 1655 magnam
833 1603 957 1655 utique
971 1606 1075 1642 matri
1091 1618 1215 1643 curam
1230 1604 1331 1643 exhi·
1344 1633 1392 1659 ³64

375 1665 448 1711 bet,
471 1665 531 1704 sed
554 1673 669 1704 tamen
690 1665 868 1704 sumtibus
892 1674 925 1703 et
945 1675 1039 1704 metu
1061 1675 1273 1704 vacantem:
1298 1674 1333 1703 at
1358 1671 1384 1699 Λ

377 1725 475 1764 filius
499 1726 677 1764 sexcentis
700 1725 863 1777 quotidie
884 1725 1074 1764 timoribus
1098 1727 1210 1780 replet
1235 1727 1333 1764 mul·-

377 1787 494 1839 tisque
510 1787 840 1834 sollicitudinibus;
863 1787 965 1825 mitto
984 1787 1079 1826 enim
1100 1788 1335 1841 pecuniarum

379 1862 594 1899 expensam,
617 1862 725 1899 quam
746 1848 897 1887 multam
915 1848 1028 1887 facere
1047 1849 1187 1902 cogitur
1206 1859 1333 1897 mater,

377 1909 406 1947 si
436 1909 635 1949 liberaliter
663 1910 767 1948 illum
793 1910 945 1949 educare
971 1911 1103 1964 cupiat.
1131 1913 1192 1950 Me
1221 1921 1334 1951 tamen

376 1969 508 2009 borum
527 1971 666 2009 nullum
684 1970 728 2009 ad
746 1971 873 2009 alteras
890 1971 1033 2024 nuptias
1049 1971 1105 2010 vel
1121 1971 1165 2010 ad
1182 1972 1335 2011 alterum

378 2030 414 2069 in
434 2031 546 2084 patris
563 2031 614 2070 tui
634 2031 727 2071 aedes
748 2031 990 2070 inducendum
1009 2047 1178 2086 sponsum
1198 2047 1336 2086 permo-

379 2093 453 2139 vit;
474 2093 533 2131 sed
559 2093 593 2131 in
615 2093 767 2146 procella
794 2103 827 2131 et
847 2094 987 2131 turbine
1007 2095 1139 2140 mansi,
1166 2095 1338 2132 ferream-

379 2168 448 2205 que
468 2153 655 2192 viduitatis
679 2155 854 2192 fornacem
879 2169 946 2192 non
968 2155 1085 2201 evasi,
1117 2155 1233 2208 primo
1253 2155 1338 2207 qui-

378 2214 459 2252 dem
480 2229 632 2267 superno
651 2215 737 2253 fulta
758 2214 940 2260 subsidio,
960 2215 1088 2254 deinde
1108 2230 1176 2254 non
1198 2216 1339 2255 modico

381 2275 469 2314 mihi
490 2276 524 2314 in
544 2276 806 2314 calamitatibus
823 2277 950 2315 solatio
967 2286 1062 2324 erat,
1082 2277 1178 2329 quod
1196 2279 1337 2316 vultum

380 2336 582 2388 frequenter
604 2346 704 2375 tuum
730 2337 924 2389 aspicerem
940 2368 950 2383 ,
975 2352 1015 2377 ac
1040 2339 1161 2377 vivam
1181 2339 1341 2378 defuncti

381 2397 573 2449 imaginem
587 2413 764 2437 servarem
777 2430 786 2445 ,
801 2413 880 2451 quze
893 2399 997 2438 illum
1009 2409 1173 2438 accurate
1183 2401 1339 2440 referret.

379 2459 608 2511 Quapropter
625 2475 704 2499 cum
721 2461 839 2498 adhuc
856 2460 972 2499 infans
985 2476 1078 2500 esses
1090 2493 1100 2508 ,
1120 2462 1271 2501 necdum
1288 2463 1341 2501 lo-

380 2519 441 2571 qui
455 2520 603 2569 valeres,
615 2535 695 2559 cum
711 2521 866 2561 maxime
878 2523 977 2575 pueri
991 2533 1152 2576 parentes
1163 2524 1342 2563 oblectare

380 2581 516 2627 solent,
541 2596 678 2632 magna}
706 2583 794 2621 mihi
824 2584 1053 2623 consolationi
1080 2585 1191 2624 fuisti.
1218 2587 1340 2637 Neque

381 2641 470 2680 illud
489 2643 576 2681 mihi
596 2644 684 2682 vitio
701 2654 837 2683 vertere
853 2646 987 2698 possiS,
1007 2646 1104 2698 quod
1121 2647 1201 2685 licet
1218 2647 1340 2685 vidui·

380 2711 488 2742 tatem
507 2705 644 2743 fortiter
661 2706 802 2744 tulerim
814 2738 824 2754 ,
841 2717 1005 2760 paternas
1020 2718 1136 2747 tamen
1152 2709 1198 2747 oli
1215 2709 1340 2747 vidui-

383 2764 465 2800 tatis
478 2765 741 2804 incommodum
757 2767 820 2805 tibi
835 2768 1023 2825 minuerim
1036 2769 1231 2817 facultates,
1242 2771 1340 2822 quod

386 2825 508 2862 multis
529 2826 563 2864 in
584 2828 734 2865 orbitate
752 2828 938 2867 infeliciter
953 2829 1123 2869 accidisse
1139 2831 1220 2870 novi
1236 2846 1339 2870 :nam

385 2885 467 2922 illas
484 2886 546 2923 tibi
563 2887 715 2936 integras
733 2890 888 2935 servavi,
904 2891 984 2928 lieet
1002 2891 1091 2930 nihil
1107 2906 1229 2931 eorum
1246 2907 1338 2931 sum·

384 2954 485 2983 tuum
516 2950 818 2999 praetermiserim‚
843 2951 902 3002 qui
924 2952 969 2990 ad
991 2952 1173 2991 liberalem
1195 2954 1339 2993 institu-

382 3005 516 3044 tionem
538 3017 633 3046 tuam
653 3010 836 3049 necessarii
856 3022 952 3050 erant
969 3014 1100 3065 :idque
1119 3028 1163 3052 ex
1183 3015 1340 3054 faculta-

383 3066 481 3104 tibus
503 3070 587 3107 meis
608 3085 721 3121 exque
738 3073 896 3123 pecuniis
908 3103 918 3121 ,
933 3089 1021 3125 quas
1037 3089 1056 3113 e
1072 3074 1179 3113 domo
1195 3085 1339 3128 paterna

387 3129 584 3168 attuleram.
606 3132 657 3169 Ne
676 3146 758 3170 vero
778 3143 878 3185 putes
897 3148 952 3172 me
972 3134 1038 3174 tibi
1064 3136 1339 3189 exprobrantem
1363 3146 1387 3177 C

1365 2406 1386 2436 B

435 3289 439 3297 ·
474 3281 671 3319 ρρουτιῗκιν...
687 3287 831 3320 μειζόνων
844 3308 850 3317 ,
867 3282 914 3312 nic
929 3281 1065 3324 quidum
1084 3292 1117 3316 et
1133 3283 1238 3316 snit.

440 3338 447 3347 =
473 3327 547 3358 Sav.
569 3337 600 3359 et
619 3329 754 3371 quidun
770 3332 845 3363 ‚st-n.
865 3340 1054 3378 ἀναθρέψαι,
1076 3335 1190 3368 Morel.
1207 3344 1238 3368 et
1256 3337 1309 3369 atii
1329 3343 1398 3382 θρι-

802 235 841 266 S.
879 233 1064 264 JOANMS
1099 230 1342 263 CHRYSOST.
1383 227 1591 259 Ancttttzt’.
1628 227 1986 259 CONSTANTtNoP.

1397 311 1525 363 ᾔσθετο
1543 314 1653 349 ταῦτα
1682 311 1930 363 βουλευόμενον
1948 341 1958 358 ,
1975 309 2134 350 λαὸοῦσᾶ
2160 326 2204 361 με
2230 313 2293 359 τῆς
2312 312 2426 358 δεξιᾶς

1399 371 1584 422 εἰσήγαγεν
1610 373 1659 416 εἰς
1693 371 1752 410 τὸν
1783 371 2067 423 ἀποτεταγμένον
2103 365 2198 411 οἶκον
2229 374 2339 425 αὐτῇ,
2366 374 2425 413 καὶ

1398 433 1576 472 καθίσασα
1594 432 1745 480 πλησίον
1773 433 1830 471 ἐπὶ
1867 435 1928 479 τῆς
1966 433 2065 479 εὖνῆς
2088 427 2130 480 ἧς
2157 436 2252 484 ἡμᾶς
2280 434 2425 486 ὤδινεν,

1398 493 1515 546 πηγάς
1534 509 1573 533 τε
1598 493 1694 546 ἠφίει
1720 493 1901 546 δακρύων,
1926 493 1986 532 καὶ
2013 496 2083 531 τῶν
2103 494 2263 547 δακρύων
2281 494 2429 534 ἐλεεινό·

1398 572 1483 609 τερα
1502 555 1700 608 προσετίθει
1716 555 1760 593 τὰ
1778 555 1940 607 ῥήματα,
1953 558 2100 594 τοιαῦτα
2119 557 2204 607 πρὸς
2222 559 2316 607 ἡμᾶς
2338 559 2427 596 ἀπο·

1401 618 1582 670 δυρομένη.
1610 616 1733 669 Ἐγὼ,
1768 617 1907 655 παιδίον
1927 646 1936 662 ,
1975 618 2085 669 φησί,
2116 619 2180 663 τῆς
2212 619 2338 669 ἀρετῆς
2365 621 2426 658 τοῦ

1399 680 1531 732 πατρὸς
1562 683 1623 719 τοῦ
1651 684 1712 718 σοῦ
1741 680 1805 717 οὐκ
1824 678 1968 731 ἀφείθην
1993 679 2192 718 ἀπολαῦσαι
2220 679 2280 718 ἐπὶ
2310 678 2423 725 πολὺ,

1399 743 1449 793 τῷ
1480 743 1563 793 Θεῷ
1586 744 1689 779 τοῦτο
1707 742 1841 779 δοκοῦν.
1858 740 1935 783 Τὰς
1954 740 2020 792 γὰρ
2048 741 2174 784 ὠδῖνας
2201 740 2263 784 τὰς
2282 740 2340 780 ἐπὶ
2369 741 2425 780 σοὶ

1402 802 1644 853 διαδεξάμενος
1662 805 1680 840 ὁ
1711 802 1855 845 θάνατος
1886 801 2040 849 ἐκείνου,
2059 802 2114 840 σοὶ
2148 802 2211 852 μὲν
2236 800 2424 854 ὀρφανίαν,

1402 864 1479 914 ἐμοὶ
1504 863 1538 901 δὲ
1559 863 1704 916 χηρείαν
1731 863 1922 909 ἐπέστησεν
1953 863 2068 915 ἄωρον
2100 863 2160 901 καὶ
2191 863 2235 902 τὰ
2262 866 2326 910 τῆς
2352 878 2425 916 χη-

1405 925 1498 977 ρείας
1518 925 1612 963 δεινὰ
1625 954 1635 970 ,
1663 925 1684 962 ἃ
1704 924 1806 973 μόναι
1827 925 1862 962 αἱ
1878 927 2051 962 παθοῦσαι
2071 924 2219 963 δύναιντ’
2239 923 2279 962 ἂν
2300 924 2426 964 εἰδέναι

1403 988 1530 1030 καλῶς.
1547 986 1656 1037 Λόγος
1683 986 1751 1038 γὰρ
1778 986 1888 1028 οὐδεὶς
1916 986 1956 1023 ἂν
1979 987 2133 1039 ἐφίκοιτο
2159 989 2220 1025 τοῦ
2254 988 2426 1039 χειμῶνος

1403 1044 1534 1086 ἐκείνου
1554 1049 1614 1086 καὶ
1644 1051 1704 1086 τοῦ
1733 1047 1904 1090 κλύδωνος
1919 1078 1929 1095 ,
1947 1048 1984 1086 ὃν
2017 1048 2205 1100 ὑφίσταται
2225 1049 2332 1100 κόρη,
2347 1048 2425 1101 ἄρτι

1405 1107 1468 1159 μὲν
1498 1112 1561 1155 τῆς
1594 1109 1759 1161 πατρῴας
1786 1109 1896 1152 οἰκίας
1923 1110 2163 1160 προελθοῦσα,
2185 1109 2244 1148 καὶ
2263 1109 2427 1161 πραγμά-

1404 1186 1475 1208 των
1500 1171 1642 1223 ἄπειρος
1667 1164 1776 1214 οὖσα,
1803 1170 1967 1222 ἐξαίφνης
2000 1170 2035 1208 δὲ
2072 1171 2190 1209 πένθει
2217 1185 2256 1209 τε
2288 1169 2429 1223 ἀσχίτῳ

1408 1231 1634 1279 βαλλομένη,
1668 1230 1727 1268 καὶ
1760 1230 2025 1281 ἀναγκαζομένη
2043 1230 2245 1283 ’φροντίδος
2276 1231 2337 1269 καὶ
2366 1233 2433 1277 τῆς

1405 1291 1545 1336 ἡλικίας
1569 1291 1629 1329 καὶ
1650 1293 1712 1337 τῆς
1730 1291 1863 1343 φύσεως
1879 1292 2065 1344 ἀνέχεσθαι
2084 1292 2250 1342 μείζονος.
2271 1294 2333 1330 Δεῖ
2347 1292 2430 1345 γὰρ,

1407 1345 1532 1402 οἶμαι,
1556 1352 1726 1406 ῥᾳθυμίας
1756 1368 1795 1391 τε
1827 1355 1972 1391 οἰκετῶν
2002 1353 2249 1405 ἐπιστρέφειν,
2271 1353 2333 1392 καὶ
2366 1368 2432 1391 κα-

1406 1412 1568 1466 κουργίας
1594 1419 1810 1466 παρατηρεῖν
1828 1445 1836 1459 ,
1859 1416 2033 1466 συγγενῶν
2062 1413 2319 1467 ἀποκρούεσθαι
2348 1414 2432 1452 ἐπι-

1407 1475 1556 1522 θουλὰς,
1575 1478 1644 1514 τῶν
1677 1475 1722 1515 τὰ
1759 1476 1912 1526 δημόσια
1943 1475 2224 1528 εἰσπραττόντων
2256 1475 2319 1520 τὰς
2343 1477 2431 1524 ἐπη-

1408 1536 1501 1588 ρείας
1517 1537 1576 1575 καὶ
1601 1536 1666 1584 τὴν
1682 1537 1853 1584 ἀπήνειαν
1874 1539 1908 1576 ἐν
1935 1543 2012 1582 ταῖς
2030 1539 2101 1575 τῶν
2128 1539 2298 1590 εἰσφορῶν
2317 1553 2433 1576 κατα·-

1407 1597 1528 1641 eolat<
1557 1598 1674 1651 φέρειν
1702 1599 1881 1649 γενναίως.
1900 1598 1986 1638 Ἐὰν
2012 1598 2048 1638 δὲ
2067 1599 2128 1637 καὶ
2145 1599 2284 1638 παιδίον
2315 1613 2431 1637 κατα-

1406 1658 1520 1697 λιπὼν
1542 1661 1561 1697 δ
1586 1659 1729 1705 τεθνεὼς
1749 1661 1906 1711 ἀπέλθῃ,
1928 1661 2015 1707 θῆλυ
2045 1660 2109 1712 μὲν
2136 1660 2173 1700 ὃν
2203 1661 2338 1707 πολλὴν
2370 1660 2431 1699 καὶ

1407 1721 1496 1761 οὕτω
1515 1721 1658 1773 παρέξει
1688 1726 1731 1774 τῇ
1764 1722 1872 1773 μητρὶ
1903 1722 1967 1769 τὴν
1987 1722 2171 1775 φροντίδα,
2194 1721 2289 1772 ὅμως
2306 1721 2343 1760 δὲ
2372 1721 2434 1759 καὶ

1407 1784 1650 1833 ἀναλωμάτων
1669 1783 1730 1822 καὶ
1748 1783 1844 1828 δέους
1863 1783 2141 1835 ἀπηλλαγμένην
2155 1799 2163 1807 ·
2177 1786 2195 1822 ὁ
2218 1782 2254 1822 δὲ
2277 1782 2349 1826 υἱὸς
2370 1799 2432 1833 μυ·

1409 1844 1490 1897 ρίων
1525 1844 1632 1892 αὐτὴν
1669 1844 1786 1896 φόθων
1830 1847 1908 1883 καθ’
1945 1846 2097 1892 ἑκάστην
2133 1845 2332 1896 ἐμπίπλησι
2368 1843 2433 1892 τὴν

1407 1906 1556 1959 ἡμέραν,
1570 1907 1628 1944 καὶ
1649 1907 1818 1946 πλειόνων
1838 1907 2042 1959 φροντίδων.
2060 1906 2138 1953 Τὴν
2160 1906 2229 1959 γὰρ
2246 1909 2316 1945 τῶν
2336 1922 2431 1959 χρη-

1409 1967 1529 2018 μάτων
1559 1970 1606 2006 ἐῶ
1641 1968 1823 2016 δαπάνην,
1843 1970 1928 2015 ὅσην
1957 1968 2143 2019 ὑπομένειν
2180 1968 2433 2019 ἀναγκάζεται,

1408 2029 1607 2082 ἐλευθερίως
1639 2029 1742 2068 αὐτὸν
1764 2030 1911 2082 ’θρέψαι
1944 2032 2172 2080 ἐπιθυμοῦσα.
2210 2028 2301 2068 Ἀλλ’
2335 2028 2432 2081 ὅμως

1408 2089 1505 2128 οὐδέν
1527 2106 1570 2140 με
1593 2090 1724 2129 τούτων
1753 2090 1870 2129 ἔπεισε
1901 2091 2071 2142 δευτέροις
2093 2093 2262 2141 ὁμιλῆσαι
2280 2090 2408 2142 γάμοις
2422 2120 2433 2139 ,

1409 2151 1486 2191 οὐδὲ
1522 2153 1640 2204 ἕτερον
1672 2155 1916 2205 ἐπεισαγαγεῖν
1950 2153 2096 2205 νυμφίον
2131 2157 2175 2204 τῇ
2208 2157 2268 2192 τοῦ
2303 2153 2434 2204 πατρὸς

1410 2214 1504 2265 οἰκία
1530 2217 1589 2252 τοῦ
1618 2217 1698 2253 σοῦ·
1719 2216 1796 2252 ἀλλ’
1819 2213 1939 2264 ἔμενον
1958 2215 1993 2252 ἐν
2012 2217 2055 2265 τῇ
2081 2215 2169 2265 ςάλῃ
2204 2215 2265 2252 καὶ
2296 2217 2346 2265 τῷ
2374 2218 2435 2253 θο-

1413 2275 1524 2328 ρύῧῳ,
1547 2275 1607 2314 καὶ
1627 2275 1691 2322 τὴν
1711 2278 1856 2327 σιδηρᾶν
1876 2280 1938 2323 τῆς
1957 2276 2102 2329 χηρείας
2131 2278 2193 2315 οὐκ
2210 2276 2335 2329 ἔφυγον
2365 2275 2434 2314 κᾶ-

1414 2352 1513 2387 μινον
1528 2367 1536 2381 ,
1556 2339 1696 2389 πρῶτον
1715 2337 1777 2388 μὲν
1805 2338 1872 2376 ὑπὸ
1898 2341 1960 2384 τ’ἧς
1981 2339 2108 2376 ἀνωθεν
2140 2337 2357 2388 βοηθουμένη
2377 2340 2434 2390 §o-

1413 2401 1502 2444 πῆς·
1535 2398 1634 2451 ἔφερε
1670 2399 1707 2438 δέ
1748 2414 1808 2447 μοι
1842 2399 2070 2452 παραμυθίαν
2115 2402 2154 2438 οὐ
2196 2398 2324 2450 μικρὰν
2364 2400 2435 2437 τῶν

1415 2460 1534 2498 δεινῶν
1555 2460 1696 2499 ἐκείνων
1723 2461 1784 2499 καὶ
1807 2461 1847 2499 τὸ
1869 2464 2023 2513 συνεχῶς
2038 2460 2128 2508 ι’τὴν
2148 2460 2213 2508 σὴν
2231 2461 2308 2513 ἄψιν
2326 2463 2410 2513 ὁρᾷν
2427 2490 2435 2505 ,

1414 2521 1474 2559 καὶ
1503 2521 1619 2559 εἰκόνα
1641 2538 1701 2571 μοι
1721 2525 1780 2560 τοῦ
1801 2521 2086 2569 τετελευτηκότος
2117 2521 2354 2574 φυλάσσεσθαι
2374 2520 2435 2571 ἐμ-

1414 2585 1546 2635 ψυχον,
1569 2583 1627 2620 καὶ
1647 2583 1732 2634 πρὸς
1752 2585 1882 2621 ἐκεῖνον
1904 2582 2202 2635 ἀπηκριὸωμένην
2221 2583 2348 2625 καλῶς.
2368 2582 2437 2620 Διά

1414 2659 1468 2682 τοι
1489 2649 1590 2683 τοῦτο
1620 2644 1678 2683 καὶ
1706 2644 1757 2682 ἔτι
1787 2645 1907 2690 νήπιος
1925 2644 1994 2689 ὢν,
2025 2643 2083 2681 καὶ
2110 2642 2200 2694 μηδὲ
2230 2642 2438 2695 φθέγγεσθαί

1415 2723 1471 2745 πω
1500 2705 1620 2755 μαθὼν
1634 2735 1643 2751 ,
1666 2708 1723 2744 ὅτε
1743 2705 1898 2756 μάλιστα
1921 2705 2086 2757 τέρπουσι
2111 2704 2190 2747 τοὺς
2215 2705 2378 2749 τεκόντας
2405 2706 2438 2744 οἰ

1415 2767 1550 2810 παῖδες,
1571 2766 1704 2812 πολλήν
1739 2783 1798 2817 μοι
1826 2772 1991 2818 παρεῖχες
2022 2766 2084 2813 τὴν
2111 2766 2347 2818 παράκλησιν.
2367 2766 2438 2806 Καὶ

1417 2828 1485 2878 μὴν
1506 2827 1583 2866 οὐδὲ
1604 2828 1714 2866 ἐκεῖνό
1732 2830 1763 2878 γ’
1787 2827 1826 2865 ἂν
1853 2827 1944 2878 ἔχοις
1964 2828 2090 2878 [εἰπεῖν
2106 2828 2182 2878 καὶ]
2211 2826 2437 2867 αἰτιάσασθαι

1414 2892 1467 2928 ὅτι
1494 2889 1557 2937 τὴν
1589 2890 1652 2940 μὲν
1686 2887 1830 2941 χηρείαν
1866 2890 2029 2939 γενναίως
2067 2890 2285 2940 ἠνέγκαμεν,
2310 2888 2374 2936 τὴν
2401 2887 2438 2928 &t

1415 2950 1533 2990 οὐσίαν
1570 2965 1624 2989 σοι
1652 2949 1715 2996 τὴν
1746 2949 1912 3002 πατρῴαν
1939 2950 2193 3001 ἠλαττώσαμεν
2213 2950 2270 2989 διὰ
2288 2950 2352 2998 τὴν
2375 2952 2439 2997 τῆς

1415 3012 1560 3065 χηρείας
1580 3013 1757 3063 ἀνάγκην,
1773 3012 1859 3063 ὅπερ
1885 3011 2032 3055 πολλοὺς
2051 3017 2064 3032 ‘
2079 3016 2148 3051 τῶν
2172 3012 2320 3065 ὀρφανία
2350 3013 2439 3051 δυσ-

1415 3074 1644 3126 τυχησάντων
1670 3067 1747 3111 οἶδα
1784 3074 1958 3116 παθόντας
1989 3074 2070 3124 ἐγώ.
2092 3074 2161 3113 Καὶ
2183 3074 2252 3126 γὰρ
2273 3074 2333 3113 καὶ
2352 3073 2437 3111 ταύ-

1415 3151 1478 3180 την
1513 3135 1673 3186 ἀκέραιον
1703 3133 1855 3186 ἐφύλαξα
1886 3140 2023 3181 πᾶσαν,
2043 3136 2102 3173 καὶ
2132 3137 2200 3173 τῶν
2232 3133 2441 3187 ὀφειλόντων

1480 3285 1496 3308 h
1519 3283 1620 3316 Sus-nt.
1634 3291 1665 3315 et
1679 3282 1814 3326 «puidam
1825 3283 1901 3315 Mna.
1921 3290 1956 3320 «ὃς
1975 3298 2027 3321 την
2043 3291 2102 3321 :Aa

1477 3347 1490 3361 ο
1504 3335 1605 3368 sunit.
1618 3344 1648 3367 et
1661 3334 1796 3378 quidum
1807 3335 1883 3367 Mu.
1904 3346 1961 3370 vta
1975 3343 2027 3374 τήν
2043 3341 2196 3381 ὀρρυῐσγ,
2209 3336 2316 3368 miuus
2335 3342 2435 3372 recte,
