2549 3825
488 249 663 281 CONTRA
703 249 784 280 Eos
819 250 889 289 Qui
927 247 1318 282 SUBINTRODUCTAS
1355 247 1533 282 HABENT
1567 248 1796 282 vtRGtNES.

114 338 192 371 πεῖν
211 336 229 372 ὁ
250 332 559 382 σκανδαλιζόμενος
586 331 643 370 ἐπὶ
671 333 720 383 τῷ
753 332 903 370 ἐσθίοντι
931 332 1035 384 κρέας
1068 334 1128 370 καὶ

111 389 200 433 οἶνον
233 394 385 440 πίνοντι;
405 395 525 431 τοῦτον
546 392 614 444 γὰρ
635 395 653 431 ὁ
677 392 766 436 Θεὸς
793 392 850 430 τὸν
872 392 976 442 νόμον
997 393 1128 431 ἄνωθεν

109 454 256 498 ἐξέθετο.
287 453 378 491 Ἀλλ’
401 453 495 503 ὅμως
520 452 584 490 κᾶν
609 452 666 491 ἐπὶ
694 453 826 496 τούτοις
854 452 1128 500 σκανδαλίζηταί

108 529 181 562 τις,
213 514 273 552 καὶ
302 513 433 552 τούτων
462 516 480 551 ὁ
508 514 648 557 Παῦλος
683 513 865 565 ἀπέχεται.
896 515 949 552 Οὐ
978 512 1047 566 γὰρ
1077 513 1126 563 μὴ

109 574 209 626 φάγω
239 573 360 624 κρέας,
395 573 499 626 φησὶ,
532 574 608 612 οὐδὲ
647 573 718 611 πίω
751 569 862 621 οἶνον,
896 572 954 611 ἵνα
989 573 1037 623 μὴ
1068 574 1126 612 τὸν

109 634 283 686 ἀδελφόν
278 650 342 672 μου
366 633 600 673 σκανδαλίσω.
626 634 696 672 Καὶ
723 635 784 672 οὐκ
811 628 886 672 εἷπε
905 638 1015 672 ταῦτα
1037 634 1126 686 ἅπερ

2062 238 2153 284 285

1201 342 1417 384 praetextum
1442 333 1560 372 dicere
1582 342 1719 386 potest,
1744 334 1806 385 qui
1832 333 2092 374 scandalizatur
2117 336 2155 374 in

1201 393 1407 432 comedente
1443 408 1585 432 carnem
1620 403 1653 432 et
1691 395 1835 432 bibente
1865 395 1993 433 vinum
2014 396 2032 433 Ξ)
2062 395 2155 434 hanc

1200 453 1331 505 quippe
1345 454 1457 506 legem
1474 456 1572 493 Deus
1591 455 1677 493 olim
1697 456 1827 507 posuit.
1845 457 2100 495 Verumtamen
2115 457 2151 495 in

1200 512 1257 551 his
1287 514 1317 551 si
1344 515 1602 554 scandalizetur
1625 517 1756 567 aliquis
1774 546 1783 564 ,
1824 516 1954 555 Paulus
1987 518 2152 558 abstinet.

1201 574 1291 610 Non
1305 574 1398 611 enim
1431 589 1588 614 carnem
1615 577 1812 614 comedam
1826 607 1836 622 ,

1200 635 1340 670 vinum
1361 636 1511 686 bibam,
1539 645 1581 674 ut
1607 651 1654 674 ne
1683 637 1946 675 scandalizem
1964 641 2151 690 fratrem.

1867 577 2003 628 inquit,
2033 593 2153 631 neque
2173 593 2198 613 ι-
2229 584 2299 613 Cor·
2328 584 2359 613 8.

108 697 255 743 ἡμεῖς,
242 694 296 732 ότι
316 694 359 732 Ἐ
346 694 412 746 γὼ
430 695 547 744 μέλλω
560 698 623 741 τῆς
639 693 767 746 ἑτέρων
785 694 925 745 ἀλογίας
940 694 1127 738 ὑπεύθυνος
1141 721 1187 745 233
1202 694 1274 731 Nec
1291 693 1387 731 dixit
1410 709 1448 732 ea
1468 709 1545 746 quae
1568 710 1630 735 nos
1649 697 1835 737 dicimus:
1855 697 2154 749 Suhjiciendusne

109 758 217 800 εἰναι;
237 755 316 802 καὶ,
343 754 429 793 Ἐάν
459 771 528 792 τινι
549 754 629 806 δόξῃ
658 756 954 802 σκανδαλισθῆναι
984 756 1126 802 ἁπλως,
1152 758 1179 787 Α
1203 766 1268 804 ego
1289 753 1441 791 alienae
1432 755 1676 806 insipientiae?
1693 771 1778 794 num
1795 758 1878 807 quia
1893 757 2000 795 alicui
2016 759 2156 812 simpli-

1202 814 1290 851 ciori
1317 814 1462 853 videtur
1488 829 1562 853 esse
1589 816 1821 861 scandalum,
1850 831 1914 868 ego
1941 816 2073 870 dignus
2093 820 2156 870 qui

1201 874 1420 926 supplicium
1447 875 1577 914 luam?
1597 876 1772 923 Quamvis
1795 877 1901 915 etiam
1927 878 1957 915 si
1979 877 2154 926 dixisset,

1200 935 1316 972 multo
1345 943 1461 973 tamen
1484 937 1618 988 justius
1641 936 1791 975 dixisset
1817 952 1924 988 quam
1953 952 2028 978 nos.
2063 941 2157 979 Nam

1200 995 1262 1045 qui
1279 995 1315 1032 iu
1336 995 1409 1033 illis
1424 996 1697 1044 scandalizatur,
1716 998 1913 1036 insensatus
1927 1008 1978 1036 est
1999 1009 2033 1038 et
2052 1000 2158 1039 valde

1199 1055 1399 1107 insipiens,
1421 1070 1549 1095 verum
1577 1058 1615 1095 in
1642 1057 1699 1095 his
1728 1057 1804 1109 ipse
1828 1059 1959 1097 multas
1976 1060 2093 1111 justas
2123 1070 2158 1099 et

1200 1115 1327 1167 dignas
1347 1131 1470 1156 causas
1486 1133 1574 1169 quas
1597 1119 1829 1158 dicathabet.
1856 1122 1901 1158 At
1929 1120 2157 1173 licetjustio-

1200 1191 1256 1215 res
1278 1177 1449 1216 dicendas
1469 1179 1614 1218 haberet
1639 1180 1789 1230 Paulus,
1817 1180 1994 1232 siquidem
2018 1182 2158 1220 voluis-

1200 1247 1252 1276 set
1268 1253 1275 1274 :
1291 1247 1327 1276 at
1344 1252 1414 1276 non
1430 1238 1538 1285 dixit,
1559 1239 1621 1278 sed
1640 1242 1685 1278 ad
1705 1255 1816 1278 unum
1834 1241 1950 1279 solum
1972 1243 2158 1294 spectavit,

1199 1312 1325 1351 nempe
1355 1300 1503 1338 salutem
1539 1302 1711 1353 proximi.
1738 1303 1785 1340 Et
1814 1301 1897 1339 vide
1927 1317 2035 1353 quam
2063 1305 2156 1341 emi-

1198 1368 1322 1396 nenter
1338 1374 1347 1395 ε
1367 1373 1435 1397 non
1453 1360 1546 1398 enim
1566 1360 1662 1399 dixit
1676 1362 1797 1410 semel,
1817 1372 1877 1399 aut
1892 1362 1962 1410 bis,
1977 1372 2039 1400 aut
2057 1372 2156 1402 tanto

1199 1428 1370 1471 tempore,
1392 1420 1454 1457 sed
1472 1423 1522 1457 In
1539 1432 1740 1470 oecernum,
1759 1422 1822 1470 ait,
1846 1436 1923 1460 non
1937 1425 2153 1474 comedam,

100 1483 160 1521 καὶ
181 1483 296 1534 ἔτερόν
319 1500 353 1522 τι
379 1485 572 1536 προσέθηκε
601 1484 722 1523 τούτου
752 1484 856 1523 πλέον
869 1496 877 1505 ·
906 1484 1013 1522 εἰπὼν
1042 1484 1123 1537 γὰρ,
1196 1481 1225 1518 si
1244 1479 1503 1518 scandalizetur
1521 1481 1626 1519 alius.
1645 1482 1691 1519 Et
1710 1492 1747 1520 ut
1764 1495 1806 1520 ne
1823 1492 1924 1534 putes
1945 1483 1981 1520 in
2001 1483 2057 1521 bis
2072 1498 2155 1523 eum

100 1544 218 1583 Καλὸν
233 1544 272 1582 τὸ
292 1544 339 1594 μὴ
361 1551 480 1596 φαγεῖν
502 1545 618 1596 κρέας,
641 1544 729 1595 μηδὲ
752 1550 844 1583 πιεῖν
867 1538 969 1591 οἶνον,
991 1548 1122 1596 συνῆψε
1146 1547 1169 1575 Β
1195 1541 1403 1587 subsistere,
1422 1551 1455 1579 et
1474 1541 1571 1579 aliud
1595 1542 1768 1593 quiddam
1787 1543 1911 1596 adjicit
1929 1544 1997 1583 hoc
2017 1546 2150 1597 majus,

99 1606 258 1644 κάκεῖνο·
285 1605 387 1651 Μηδὲ
415 1607 450 1644 ἐν
478 1599 507 1657 ᾧ
535 1608 552 1643 ὃ
583 1606 728 1656 ἀδελφός
755 1621 815 1643 σου
845 1604 1076 1657 προσκόπτει,
1098 1605 1121 1652 ἢ
1196 1603 1246 1639 Ut
1265 1602 1360 1639 enim
1378 1601 1488 1651 dixit,
1509 1604 1662 1640 Bonum
1683 1612 1836 1642 estnon
1858 1605 2052 1643 comedere
2068 1620 2152 1645 car-
2169 1613 2258 1643 Rom.
2289 1616 2335 1652 14.

1197 1675 1299 1710 nem,
1318 1671 1356 1700 et
1373 1676 1450 1699 non
1471 1664 1598 1700 bibere
1615 1667 1768 1711 vinum,
1787 1665 1973 1716 conjunxit
1989 1674 2022 1703 et
2038 1665 2150 1705 illud:
2169 1664 2221 1684 ²¹·

1195 1723 1330 1772 Neque
1352 1722 1471 1768 illud,
1489 1737 1559 1773 per
1576 1725 1680 1774 quod
1691 1726 1824 1777 frater
1842 1733 1929 1763 tuus
1947 1728 2124 1779 impingit
2137 1758 2150 1774 ‚

1194 1782 1262 1819 <vel
1271 1783 1579 1830 scandalizatur,
1591 1784 1660 1820 vel
1675 1785 1910 1836 infirmatur.
1924 1785 1971 1824 Et
1990 1787 2151 1826 animad—

1195 1852 1293 1880 verte
1327 1858 1451 1881 rursus
1481 1843 1691 1895 sapientiam
1730 1846 1972 1897 praeceptoris.
2014 1847 2151 1886 Relicto

1195 1905 1290 1941 enim
1311 1903 1455 1942 infirmo
1480 1904 1608 1941 fortem
1633 1905 1779 1955 corrigit
1803 1915 1883 1943 ante
1911 1906 2043 1946 illum:
2070 1922 2152 1946 nam

1194 1964 1296 2002 fortis
1316 1973 1440 2002 auctor
1454 1973 1518 2010 est,
1542 1963 1638 2015 quod
1653 1966 1716 2003 ille
1734 1966 1900 2005 infirmus
1914 1967 1974 2015 sit,
1993 1982 2033 2006 eo
2055 1969 2153 2019 quod

1198 2026 1310 2077 possit
1329 2024 1574 2064 infirmitatem
1592 2026 1784 2077 corrigere,
1806 2036 1840 2064 et
1856 2041 1925 2066 non
1946 2028 2064 2067 faciat.
2084 2030 2155 2068 Ec-

1198 2085 1286 2136 quid
1305 2086 1386 2123 dico
1401 2086 1446 2124 de
1465 2086 1618 2125 infirmis
1632 2087 1835 2126 fratribus?
1855 2089 1998 2127 Etenim
2017 2090 2154 2129 Judaeis

1199 2156 1234 2184 et
1253 2147 1416 2198 gentibus
1433 2147 1536 2199 jubet
1554 2148 1714 2186 eamdem
1733 2163 1856 2186 curam
1874 2149 2034 2202 impendi
2048 2152 2156 2191 :Sine
2177 2165 2204 2185 ¹-
2223 2157 2290 2186 Cor.
2309 2168 2356 2188 ιο.

1201 2208 1465 2259 offendiculo,
1479 2207 1541 2255 ait,
1559 2217 1677 2246 estote
1691 2218 1727 2246 et
1744 2210 1892 2248 Judaeis
1915 2220 1952 2248 et
1981 2215 2157 2263 gentibus

1202 2276 1238 2304 et
1268 2269 1457 2306 Ecclesiae
1487 2270 1573 2306 Dei.
1603 2270 1727 2319 Itaque
1750 2280 1880 2320 quanto
1909 2280 1942 2309 te
1972 2272 2155 2312 fortiorem

108 814 177 865 ἐγὼ
197 815 320 865 ἔσομαι
347 815 439 860 ἄξιος
463 815 564 863 δίκην
589 817 723 862 δοῦναι,
745 815 869 854 Καίτοι
894 815 954 854 καὶ
976 818 1005 854 εἷ
1033 820 1126 863 εἶπε,

106 877 226 914 πολλῶ
257 876 469 928 δικαιότερον
501 876 540 914 ἂν
567 878 667 927 ἡμῶν
701 880 789 915 εἰπε.
820 876 865 915 ‘O
898 876 960 927 μὲν
983 876 1052 930 γὰρ
1071 878 1125 915 επ’

105 936 247 980 ἐκείνοις
299 936 611 986 σκανδαλιζόμενος
658 935 840 988 ἀλόγιστος
886 937 1019 990 σφόδρα
1065 937 1126 975 καὶ

105 997 266 1044 ἀνόητος·
299 999 317 1034 ὁ
347 996 384 1034 δὲ
418 997 476 1035 ἐπὶ
511 996 667 1045 τούτοις,
687 997 819 1040 πολλὰς
854 997 895 1034 ἂν
936 997 1040 1050 σχοίη
1068 999 1126 1036 δι-

105 1057 208 1101 καίας
257 1058 316 1096 καὶ
342 1057 502 1108 εὐλόγους
533 1058 646 1101 αἰτίας
689 1060 815 1096 εἰπεῖν·
844 1060 922 1096 ἀλλ’
940 1058 1036 1108 ὅμως
1066 1058 1127 1097 καὶ

102 1118 300 1170 δικαιότερα
331 1117 371 1155 ἂν
401 1121 502 1169 ἡμῶν
538 1117 646 1156 εἰπὼν
684 1121 702 1156 ὁ
738 1120 897 1166 Παῦλος,
932 1121 995 1156 οὐκ
1013 1112 1123 1168 εἶπεν,

103 1180 180 1217 ἀλλ’
214 1179 250 1218 δὲ
286 1181 334 1223 εἷς
365 1179 401 1217 ἓν
433 1178 536 1229 μόνον
569 1174 663 1226 εἶδε,
695 1182 753 1217 τοῦ
784 1179 932 1226 πλησίον
963 1180 1025 1227 τὴν
1052 1196 1126 1218 σωκ·

100 1239 236 1292 τηρίαν.
258 1239 328 1278 Καὶ
347 1239 406 1278 θέα
429 1239 492 1286 τὴν
518 1240 714 1292 ὑπερόολήν
728 1256 736 1263 ·
756 1243 794 1279 οὖ
812 1240 880 1293 γὰρ
903 1235 996 1279 εἶπεν
1018 1240 1124 1288 ἅπαξ,

865 1303 941 1340 ἀλλ’
972 1303 1034 1345 Εἷς
1065 1301 1124 1340 τὸν

102 1363 232 1408 αἰῶνα,
252 1362 369 1413 φησὶν,
390 1363 428 1400 οὐ
451 1362 500 1412 μὴ
521 1362 642 1414 φάγω,
664 1364 694 1400 εἷ
713 1361 976 1406 σκανδαλίζοιτο
995 1362 1126 1414 ἕτερος.

102 1299 123 1346 ἢ
156 1300 225 1348 δὶς,
262 1300 284 1346 ἢ
318 1301 418 1340 τόσον
454 1301 513 1339 καὶ
547 1301 647 1340 τόσον
682 1300 826 1354 χρόνον·

102 1422 172 1460 Καὶ
197 1421 254 1460 ἵνα
283 1421 330 1472 μὴ
359 1423 505 1475 νομίσῃς
531 1424 637 1475 μέχρι
664 1422 795 1460 τούτων
826 1423 930 1461 αὐτὸν
961 1422 1123 1471 ἑστάναι,

100 1665 418 1713 σκανδαλίζεται,ἢ
440 1667 586 1703 ἀσθενεῖ.
609 1665 680 1704 Καὶ
705 1666 811 1704 πάλιν
832 1665 955 1703 σκόπει
980 1680 1039 1715 μοι
1058 1666 1121 1712 τὴν

98 1725 221 1778 σοφίαν
248 1729 308 1763 τοῦ
339 1725 568 1764 διδασκάλου·
595 1726 653 1764 τὸν
685 1725 746 1776 μὲν
772 1729 982 1764 ἀσθενοῦντα
1011 1726 1122 1776 ἀφεὶς,

96 1787 155 1824 τὸν
185 1787 326 1838 ἰσχυρὸν
359 1787 488 1838 διορθοῖ
518 1785 586 1839 πρὸ
615 1787 766 1825 ἐκείνου·
793 1780 890 1830 οὗτος
915 1786 983 1837 γὰρ
1012 1786 1122 1831 αἴτιος

96 1851 156 1886 τοῦ
177 1849 331 1885 ἀσθενεῖν
352 1850 493 1894 ἐκεῖνον,
519 1850 537 1885 ὁ
556 1846 672 1898 κύριος
691 1846 739 1884 ὢν
765 1846 951 1897 διορθῶσαι
972 1845 1034 1892 τὴν
1056 1848 1122 1898 ἆῤ-

101 1908 264 1961 ῥωστίαν,
287 1908 346 1946 καὶ
371 1907 419 1958 μὴ
438 1912 538 1946 τοῦτο
557 1911 679 1946 ποιῶν.
700 1908 770 1946 Καὶ
788 1907 823 1945 τί
841 1907 933 1959 λέγω
952 1908 1033 1958 περὶ
1053 1911 1121 1946 τῶν

100 1970 253 2007 ἀσθενῶν
274 1969 452 2020 ἀδελφῶν;
474 1967 544 2007 Καὶ
563 1967 632 2021 γὰρ
650 1968 710 2006 καὶ
731 1967 910 2011 Ἰουδαίοις
938 1968 998 2006 καὶ
1025 1967 1121 2009 (Ἐλ-

104 2032 187 2077 λησι
205 2029 337 2068 κελεύει
353 2029 484 2077 ταύτην
504 2030 672 2082 παρέχειν
691 2028 754 2076 τὴν
777 2029 954 2080 πρόνοιαν.
974 2029 1124 2082 Ἀπρόσ-

105 2106 207 2129 κοποι
241 2090 330 2143 γὰρ,
355 2090 460 2143 φησὶ,
478 2091 614 2142 γίνεσθε
641 2090 700 2129 καὶ
721 2090 910 2134 Ἰουδαίοις
942 2091 1001 2128 καὶ
1036 2091 1125 2129 ‘'ER-

102 2151 185 2198 λησι
218 2152 278 2190 καὶ
304 2154 347 2204 τῇ
379 2150 578 2205 Ἐκκλησία
596 2155 680 2190 ἶιτοῦ
708 2153 812 2191 Θεοῦ.
842 2150 953 2190 ‘'ssa-‘ts
984 2153 1055 2205 ὅσῳ
1086 2152 1126 2190 ἂν

103 2212 323 2264 ἰσχυρότερον
355 2206 444 2250 εἶναι
476 2212 579 2264 λέγῃς
603 2212 729 2250 σαυτὸν
742 2242 752 2260 ,
769 2212 827 2250 καὶ
845 2212 954 2262 μηδὲν
975 2212 1044 2251 ἀπὸ
1065 2216 1128 2259 τῆς

106 2272 318 2324 ὁμοσκηνίας
361 2272 577 2323 βλάπτεσθαι
614 2272 768 2320 ταύτης,
803 2272 955 2324 τοσούτῳ
995 2275 1128 2322 μᾶλλον

107 2334 291 2372 ὑπεύθυνον
321 2333 447 2372 σαυτὸν
477 2337 644 2384 mom-235
676 2337 735 2370 τοῦ
765 2333 960 2372 διασπάσαι
989 2334 1047 2371 τὸν
1074 2336 1129 2373 δε-
1153 2346 1177 2375 (;
1203 2341 1276 2365 esse
1305 2328 1418 2376 dicis,
1441 2329 1604 2380 nihilque
1621 2344 1640 2366 a
1669 2330 1934 2370 cohabitatione
1952 2336 2158 2372 nocumenti

1202 2389 1373 2440 accipere,
1391 2398 1487 2426 tanto
1508 2390 1621 2439 magis
1637 2390 1789 2442 teipsum
1808 2390 2004 2430 debitorem
2023 2396 2157 2432 consti-

1202 2449 1286 2496 tuis,
1307 2458 1345 2486 ut
1366 2449 1551 2487 viuculuiu
1569 2450 1635 2487 lioc
1657 2464 1814 2501 rumpas.
1836 2452 1928 2489 Nam
1941 2463 2072 2502 quanto
2088 2455 2159 2493 sor-

107 2394 208 2445 σμόν,
226 2393 330 2446 εΌσῳ
349 2394 416 2445 γὰρ
437 2393 477 2431 ἂν
496 2388 536 2444 ἧς
562 2395 801 2445 ἰσχυρότερος,
819 2394 971 2446 τοσούτῳ
992 2395 1128 2433 δικαιό-

107 2472 203 2507 τερος
235 2456 273 2493 ἂν
314 2455 387 2501 εἴης
424 2455 480 2493 τὸν
523 2455 766 2506 ἀσθενέστερον
799 2455 1056 2493 διαὸαστάσαι·
1090 2456 1129 2492 ἂν
1608 2510 1614 2516 ”
1725 2510 1730 2516 ¹
1841 2512 1847 2518 ι
1890 2512 1899 2520 ὶ
1966 2513 1972 2519 ·

109 2517 172 2566 μὲν
203 2511 260 2555 οὖν
291 2515 436 2562 ἀσθενὴς
466 2510 522 2567 ᾗς,
556 2515 613 2553 διὰ
641 2517 766 2554 σαυτὸν
797 2516 993 2562 ‹inda-:7301-
1016 2516 1073 2554 §aa
1095 2516 1130 2555 δὲ
1203 2510 1380 2555 tior-eras,
1404 2519 1501 2548 tanto
1521 2524 1660 2560 &quius
1682 2511 1761 2554 suit,
1781 2519 1818 2548 ut
1839 2514 2073 2552 infirmiorem
2093 2528 2159 2565 gc-

1203 2579 1323 2608 stares.
1349 2571 1464 2622 Igitur
1493 2571 1521 2608 si
1545 2570 1709 2608 infirmus
1734 2585 1791 2617 cs,
1818 2582 1964 2625 propter
1989 2576 2159 2626 teipsum

1203 2632 1354 2681 desisti-3
1376 2633 1427 2669 siu
1449 2632 1653 2679 robustior,
1675 2642 1821 2684 propter
1839 2634 1985 2672 alterius
2004 2636 2157 2674 iufirmi-

1202 2703 1323 2733 tatem.
1346 2696 1422 2732 Nou
1439 2695 1531 2731 cuitu
1548 2693 1616 2730 sibi
1640 2694 1705 2744 ipsi
1725 2693 1927 2738 dumtaxat.
1949 2693 2007 2734 sed
2028 2706 2060 2734 ct
2077 2698 2157 2735 aliis

1202 2756 1326 2793 fortem
1346 2770 1419 2793 csse
1439 2763 1575 2807 oportet
1602 2768 1681 2790 euin
1702 2755 1762 2804 qui
1782 2755 1885 2792 fortis
1909 2765 1973 2797 est.
2000 2757 2104 2804 Quod
2126 2759 2156 2795 si

108 2819 246 2871 ἐφείσω,
263 2819 321 2857 καὶ
340 2819 393 2857 ὅτι
411 2819 545 2866 πολλὴν
563 2820 653 2872 &Low
673 2825 732 2860 τοῦ
755 2821 940 2873 φείσασθαι
969 2822 1127 2872 δύναμιν,
1203 2826 1235 2854 te
1253 2818 1377 2855 sortem
1399 2832 1471 2854 esse
1496 2816 1604 2857 ‹lit-is,
1627 2825 1659 2852 et
1683 2816 1924 2854 infirmitatem
1949 2818 2046 2856 illius
2067 2833 2153 2857 cou—

108 2879 315 2922 Ὑπεόθυνος
332 2880 398 2931 γὰρ
413 2879 558 2923 ἕκαστος
575 2884 676 2931 ἡμῶν
693 2884 755 2928 τῆς
774 2885 833 2920 τοῦ
846 2881 993 2929 πλησίον
1015 2898 1127 2928 σωτη-
1202 2879 1346 2925 temnis,
1377 2879 1526 2930 duplum
1558 2876 1661 2914 «labis
1686 2890 1840 2928 ptruatu.
1868 2886 1943 2916 tutu
1963 2879 2059 2928 quod
2085 2894 2154 2918 uou

109 2938 183 2990 ρίας
204 2939 291 2978 ἐστί.
311 2939 378 2978 Διὰ
397 2943 497 2978 τοῦτο
519 2941 597 2993 οὐχὶ
621 2941 666 2980 τὰ
686 2944 817 2980 ἑαυτῶν
852 2948 1013 2991 σκοπεῖν,
1034 2944 1124 2982 ἀλλὰ
1150 2958 1173 2986 1)
1201 2941 1410 2992 pepercisti,
1436 2949 1509 2976 tuni
1530 2937 1625 2988 quod
1651 2937 1762 2975 inulta
1785 2938 1850 2975 tibi
1871 2939 1927 2976 vis
1946 2950 2019 2978 erut
2041 2951 2077 2978 ut
2100 2942 2152 2980 illi

1199 3017 1336 3054 part-ert
1357 3015 1487 3053 posses.
1508 3002 1597 3037 Nutu
1619 3000 1860 3050 uuusquisque
1879 3010 2038 3038 nostrum
2052 3001 2153 3040 delii-

110 2576 353 2629 ἰσχυρότερος,
391 2576 448 2614 διὰ
479 2576 537 2614 τὸν
572 2578 794 2616 ἀσθενοῦντα.
832 2579 885 2615 Οὐ
916 2576 984 2630 γὰρ
1017 2579 1130 2615 ἑαυτω

110 2638 235 2688 μόνον,
268 2636 358 2675 ἀλλὰ
398 2637 458 2674 καὶ
499 2636 626 2688 ἑτέροις
668 2638 809 2689 ἰσχυρὸν
844 2640 931 2676 εἶναι
966 2638 1035 2690 χρὴ
1072 2639 1130 2677 τὸν

109 2697 291 2749 ἰσχύοντα
324 2698 407 2735 Εἰ
389 2696 424 2736 οὲ
446 2696 590 2748 λέγων
582 2698 735 2750 ισχύειν,
765 2698 826 2746 τὴν
856 2698 1037 2737 ἀσθένειαν
1067 2698 1129 2745 τὴν

109 2758 240 2796 ἐκείνου
267 2765 450 2811 περιορᾷς,
479 2759 603 2806 διπλῆν
636 2759 757 2803 δώσεις
779 2759 901 2808 δίκην,
930 2761 982 2799 ὅτι
1011 2776 1047 2798 τε
1069 2761 1129 2798 οὐκ

106 3001 151 3040 τὰ
168 3004 227 3038 τοῦ
248 2999 395 3047 πλησίον
416 3000 679 3053 ἐκελεύσθημεν,
701 3005 820 3054 Τιμῆς
839 3005 906 3056 γὰρ
925 3005 1125 3055 ἠγοράσθη--

107 3077 187 3111 μεν·
208 3064 225 3100 ὁ
257 3061 292 3099 δὲ
319 3061 491 3114 ἀγοράσας
515 3066 609 3112 ἡμᾶς
639 3069 741 3102 τοῦτο
768 3065 980 3116 προσέταξεν
1004 3066 1061 3103 ἐπὶ
1082 3069 1124 3117 τῇ

106 3125 202 3174 κοινῇ
233 3122 372 3161 πάντων
414 3125 514 3173 ἡμῶν
555 3125 764 3178 λυσιτελείᾳ,
801 3127 892 3164 Οὐδὲ
923 3127 990 3178 γὰρ
1027 3131 1125 3165 τοῦτο

107 3182 209 3232 μόνον
245 3184 429 3233 συμίὶαίνει
461 3185 500 3221 τὸ
535 3184 676 3236 κέρδος,
716 3187 768 3225 ὅτι
799 3188 842 3226 τὰ
873 3191 981 3226 οἰκεῖα
1015 3187 1122 3231 σώζο-

108 3258 171 3292 μεν
193 3244 300 3293 μέλη,
322 3246 398 3282 ἀλλ’
425 3246 477 3282 ὅτι
511 3246 570 3283 καὶ
589 3244 753 3298 ι’ἑτέρους
781 3249 816 3284 ἐν
849 3247 1022 3300 ἀσφαλείᾳ
1055 3264 1120 3285 κα-

100 3306 272 3354 θιστῶμεν
311 3306 450 3355 μείζονι.

1198 3073 1252 3101 tor
1277 3072 1326 3100 est
1355 3062 1477 3099 salutis
1501 3060 1669 3113 proximi.
1691 3060 1878 3112 Propterea·
1895 3062 1987 3111 jussi
2009 3076 2148 3108 sumus,
2174 3094 2198 3115 h
2219 3087 2291 3116 (or.
2310 3095 2343 3115 ω

1198 3138 1266 3161 nou
1287 3139 1363 3174 quw
1381 3131 1496 3160 nostra
1519 3131 1611 3165 suut,
1634 3122 1692 3158 sed
1713 3135 1791 3171 qim·
1809 3122 1963 3173 pmximi
1981 3133 2148 3174 spectare.
2173 3130 2221 3164 *li-

1198 3185 1314 3222 Pretio
1328 3184 1420 3221 cuitu
1436 3182 1519 3219 eunti
1541 3195 1676 3224 sumus,
1691 3191 1722 3218 et
1741 3183 1802 3232 qui
1823 3196 1884 3219 uos
1902 3183 2063 3228 mla-init.
2085 3186 2150 3223 hoc
2171 3220 2196 3240 ,-
2227 3213 2297 3241 (Μ.
2324 3215 2355 3242 ‹3-

1197 3245 1360 3297 praecepit
1394 3245 1427 3280 in
1461 3257 1684 3280 eouuuuueui
1717 3243 1917 3281 auium-uin
1949 3254 2147 3285 muti-:irum
2168 3264 2216 3282 πυ.

493 3306 566 3344 Κᾶν
602 3308 668 3358 γὰρ
710 3308 870 3359 μυριάκις
908 3310 1096 3360 φιλοσοφῇς
1111 3339 1119 3351 ,
1196 3308 1396 3344 utilitatem.
1420 3307 1494 3342 Nou
1512 3305 1605 3342 euim
1630 3304 1694 3342 lior
1714 3305 1828 3343 solutu
1849 3315 2008 3345 nostruin
2027 3317 2076 3346 est
2096 3309 2147 3345 lu-

147 3452 158 3465 *
185 3442 284 3475 Sutil.
306 3450 356 3476 roi:
374 3452 512 3489 Χριστοῦ.
1185 3450 1199 3471 ¹·
1226 3446 1324 3476 savit.
1344 3450 1460 3483 imao.
