2549 3825
936 271 1164 302 ADVERSUS
1201 271 1391 301 JUDEOS.
1434 271 1496 300 IV.

180 355 245 405 μὲν
265 356 472 408 φεισάμενον
504 354 735 405 κολαζόμενον
749 384 758 402 ,
777 355 835 393 τὸν
857 354 892 393 δὲ
913 354 961 404 μὴ
990 355 1198 406 φεισάμενον

178 417 444 468 εὐδοκιμοῦντα,
464 420 644 468 πανταχοῦ
663 415 733 463 πρὸ
763 418 825 462 τῆς
856 415 988 467 φύσεως
1015 418 1085 453 τῶν
1104 430 1200 468 πρα-

176 477 320 527 γμάτων
353 483 412 518 τοῦ
440 481 533 518 Θεοῦ
563 477 626 520 τὰς
657 476 791 529 ψήφους
819 476 975 520 ἐξέταζε·
997 476 1062 514 κᾶν
1096 475 1199 527 εὕρῃς

174 553 209 576 τι
229 539 320 577 κατὰ
339 539 380 578 τὸ
400 541 520 578 δοκοῦν
539 537 660 591 ἐκείνῳ
680 537 858 588 γινόμενον
870 566 879 583 ,
899 539 1009 576 ἐκεῖνο
1024 537 1197 588 ἀποδέχου

176 598 295 648 μόνον.

229 659 354 712 Τούτῳ
385 662 436 712 τῷ
463 660 580 699 κανόνι
622 659 815 713 χρώμενοι,
845 659 906 697 καὶ
935 659 997 704 τὴν
1035 657 1197 705 νηστείαν

173 719 303 767 ταύτην
327 719 556 771 ἐξετάζωμεν.
581 723 625 760 Εἰ
651 720 719 773 γὰρ
742 720 783 767 δὴ
805 719 854 771 μὴ
883 719 1070 769 μέλλοιμεν
1084 718 1196 756 ’τοῦτο

172 787 302 829 ποιεῖν,
322 780 410 819 ἀλλὰ
422 781 538 833 γυμνὰ
552 782 597 820 τὰ
612 782 807 834 πράγματα
823 781 903 820 καθ’
920 779 1026 818 ἑαυτὰ
1037 779 1196 830 φέροντες

174 844 222 885 εἷς
240 841 345 892 μέσον
366 849 556 892 σκοποῖμεν
573 843 696 894 μόνον,
715 842 828 888 πολλὴ
849 844 870 887 ἠ
893 840 1056 892 σύγχυσις
1072 839 1192 884 ἔσται,

172 902 233 940 καὶ
249 901 356 946 πολὺς
375 907 392 942 ὁ
409 902 565 954 θόρυὸος.
593 903 664 941 Καὶ
692 902 760 954 γὰρ
778 902 838 939 καὶ
853 901 981 951 λῃσταὶ
998 899 1042 938 τὰ
1060 900 1195 951 πλευρὰ

172 963 438 1008 καταξαίνονται
449 994 458 1011 ,
473 964 532 1001 καὶ
546 962 772 1014 τυμὸωρύχοι
790 962 850 1000 καὶ
865 961 988 1012 γόητες
999 973 1007 981 ·
1027 959 1118 998 ἀλλὰ
1136 961 1196 998 καὶ

174 1024 346 1076 μάρτυρες
372 1025 412 1062 τὸ
441 1025 525 1063 αὐτὸ
542 1023 741 1075 πάσχουσι,
775 1022 834 1060 καὶ
865 1021 910 1060 τὰ
939 1021 1000 1071 μὲν
1030 1021 1195 1072 γινόμενα

170 1085 215 1123 τὰ
232 1085 338 1131 αὐτὰ,
357 1088 378 1132 ἡ
398 1085 522 1136 γνώμη
541 1086 578 1123 δὲ
599 1085 658 1123 καὶ
685 1089 706 1132 ἡ
736 1083 850 1129 αἰτία,
872 1083 949 1132 μεθ>
968 1077 1009 1129 ἧς
1035 1083 1167 1133 γίνεται
1185 1114 1193 1130 ,

171 1148 236 1200 οὐχ
264 1151 286 1195 ἡ
315 1146 425 1194 αὐτὴ,
448 1146 509 1185 καὶ
535 1146 591 1185 διὰ
611 1151 713 1184 τοῦτο
741 1145 830 1185 πολὺ
856 1146 895 1183 τὸ
928 1145 1032 1196 μέσον
1065 1145 1195 1184 τούτων

169 1208 353 1247 κάκείνων.
390 1208 532 1259 Ἵὶσπερ
565 1202 622 1246 οῦν
664 1207 720 1246 ἐπ’
747 1208 888 1246 ἐκείνων
920 1208 958 1245 οὖ
994 1207 1096 1257 μόνον
1133 1206 1195 1250 τὰς

171 1269 344 1320 βασάνους
361 1268 566 1318 ἐξετάζομεν
577 1299 588 1315 ,
614 1269 704 1307 ἀλλὰ
725 1268 793 1320 πρὸ
808 1267 948 1307 ἐκείνων
962 1268 1025 1315 τὴν
1041 1268 1195 1306 διάνοιαν

168 1330 228 1368 καὶ
264 1330 328 1377 τὴν
361 1330 474 1368 αἰτίαν
511 1332 569 1383 ἀφ’
598 1325 640 1376 ἧς
683 1332 718 1368 αἱ
755 1329 900 1380 βάσανοι
928 1329 1104 1380 γίνονται·
1138 1330 1195 1368 διὰ

2204 254 2222 266 .,

2133 253 2223 314 75)

1276 354 1468 404 punitum,
1504 367 1625 392 rursus
1644 367 1726 391 cum
1753 352 1814 403 qui
1837 365 1904 390 non
1935 351 2120 404 pepercit,
2153 365 2223 403 ap—

1273 415 1465 467 probatum
1487 431 1495 451 :
1519 429 1660 467 semper
1688 414 1786 467 apud
1810 423 1842 452 te
1877 415 1994 465 potior
2026 413 2073 451 sit
2096 412 2186 450 ratio
2204 441 2216 458 ‚

1271 476 1362 526 quid
1381 477 1478 514 Deus
1496 476 1693 529 praecipiat,
1709 489 1817 526 quam
1833 489 1912 526 quae
1931 475 1979 512 sit
1996 474 2222 525 negotiorum

1271 546 1396 574 natura
1417 553 1426 573 t
1449 536 1544 588 quod
1560 538 1587 575 si
1600 536 1689 587 quid
1705 536 1918 589 compereris
1931 535 1994 574 illo
2003 535 2223 588 approbante

1272 598 1361 648 geri,
1378 597 1470 635 illud
1487 600 1602 635 solum
1622 597 1846 649 amplectere.

1326 658 1364 698 3.
1381 660 1496 708 Atque
1516 658 1581 696 hac
1602 667 1737 695 utentes
1757 658 1894 709 regula,
1911 667 1944 695 et
1957 658 2136 709 jejunium
2154 657 2222 694 hoc

1220 721 1244 750 E
1270 717 1477 756 Judaeorum
1496 718 1904 770 expendamus.Etenim
1915 719 1949 756 ni
1969 718 2006 756 id
2021 719 2221 765 fecerimus,

1269 777 1330 815 sed
1355 780 1508 816 actiones
1538 778 1654 816 nudas
1668 809 1679 825 ‚
1709 793 1771 829 per
1789 792 1826 816 se
1848 787 1986 816 tantum
2007 780 2043 816 in
2063 778 2220 816 medium

1268 838 1425 889 prolatas
1440 868 1450 883 ,
1471 839 1738 876 consideremus
1761 855 1768 877 :
1791 840 1915 890 ingens
1944 840 2011 876 erit
2036 840 2196 876 confusio
2211 870 2220 883 ,

1267 912 1468 950 magnaque
1485 899 1717 951 perturbatio.
1737 901 1831 938 Nam
1852 900 2049 937 latronibus
2070 900 2225 937 laceran-

1268 970 1327 997 tur
1352 960 1482 1009 latera,
1499 970 1532 998 et
1554 970 1864 999 monumentorum
1895 961 2153 1013 perfossoribus
2168 991 2176 1005 ,
2194 970 2226 998 et

1269 1021 1589 1073 praestigiatorihus
1607 1039 1613 1058 :
1633 1037 1757 1060 verum
1774 1022 1869 1060 idem
1886 1023 2071 1074 patiuntur
2087 1031 2119 1059 et
2134 1036 2227 1059 mar-

1268 1092 1376 1134 tyres.
1398 1084 1504 1120 Facta
1524 1083 1669 1133 quidem
1695 1093 1776 1121 sunt
1797 1082 1943 1131 eadem,
1961 1093 2127 1121 caeterum
2149 1083 2225 1120 ani-

1269 1157 1348 1181 mus
1362 1153 1394 1181 et
1408 1157 1511 1181 eausa
1528 1159 1591 1182 cur
1609 1144 1684 1182 haec
1698 1144 1785 1181 fiant
1800 1158 1866 1182 non
1884 1155 1934 1182 est
1954 1145 2094 1192 eadem,
2116 1159 2227 1195 eoque

1268 1205 1465 1256 plurimum
1485 1215 1537 1244 est
1551 1206 1770 1244 discriminis
1784 1206 1876 1244 inter
1888 1207 1954 1243 hos
1967 1216 2001 1244 et
2018 1207 2225 1245 illos.Sicut

1269 1266 1379 1315 igitur
1410 1267 1446 1304 in
1477 1267 1550 1304 illis
1569 1281 1638 1305 non
1660 1275 1874 1306 tormentum
1895 1276 2032 1305 tantum
2047 1268 2225 1318 expendi-

1270 1342 1348 1366 mus
1365 1359 1374 1376 ,
1392 1328 1452 1366 sed
1488 1330 1588 1380 prius
1608 1329 1768 1367 animum
1799 1340 1832 1366 et
1854 1343 1995 1367 causam
2015 1359 2024 1376 ‚
2043 1330 2090 1366 ob
2118 1344 2226 1380 quam

168 1394 270 1429 τοῦτο
299 1390 334 1428 δὲ
367 1391 427 1429 καὶ
455 1390 534 1434 τοὺς
562 1390 742 1442 μάρτυρας
771 1392 961 1442 φιλοῦμεν,
982 1392 1042 1429 οὐκ
1074 1390 1192 1437 ἐπειδὴ
1207 1420 1254 1444 619
1270 1390 1449 1427 cruciatus
1468 1391 1695 1436 inferuntur,
1716 1390 1982 1428 consideramus
2003 1421 2013 1437 ‚
2047 1400 2082 1429 et
2115 1392 2161 1429 ob
2188 1392 2226 1429 id

170 1451 439 1502 βασανίζονται,
456 1451 535 1489 ἀλλ’
557 1451 678 1497 ἐπειδὴ
700 1451 757 1489 διὰ
783 1452 841 1489 τὸν
874 1451 1027 1501 Χριστὸν
1051 1451 1194 1502 βασανί-

168 1516 303 1557 ζονται·
323 1513 383 1551 καὶ
405 1513 482 1557 τοὺς
508 1512 642 1565 λῃστὰς
662 1512 968 1565 ἀποστρεφόμεθα,
993 1514 1055 1551 οὐκ
1073 1513 1193 1561 ἐπειδὴ

166 1573 392 1622 κολάζονται,
408 1576 486 1613 ἀλλ’
507 1573 627 1621 ἐπειδὴ
654 1574 711 1612 διὰ
739 1573 866 1612 κακίαν
885 1575 1110 1618 κολάζονται·
1131 1574 1194 1612 οὕ-

166 1651 217 1674 τω
239 1635 281 1682 δὴ
303 1635 364 1674 καὶ
383 1637 532 1674 ἐνταῦθα
558 1641 629 1678 τοῖς
647 1634 841 1686 γινομένοις
870 1635 1098 1686 ἐπιψηφίζου·
1129 1636 1193 1673 κᾶν

168 1697 230 1748 μὲν
261 1697 337 1748 ἴδῃς
365 1696 424 1735 διὰ
454 1696 512 1735 τὸν
543 1696 633 1736 Θεὸν
662 1694 912 1743 νηστεύοντας,
947 1697 1122 1749 ἀποδέχου
1154 1697 1194 1735 τὸ

165 1757 344 1810 γινόμενον
364 1773 373 1781 ·
404 1757 444 1795 ἂν
496 1757 531 1796 δὲ
575 1758 651 1808 ἴδῃς
692 1756 791 1809 παρὰ
831 1757 973 1807 γνώμην
1007 1761 1067 1796 τοῦ
1101 1760 1194 1797 Θεοῦ

164 1823 266 1858 τοῦτο
292 1822 498 1867 ποιοῦντας,
519 1820 589 1856 τῶν
619 1818 814 1868 μεθυόντων
843 1819 904 1857 καὶ
933 1818 1193 1870 παροινούντων

165 1881 224 1919 καὶ
244 1880 478 1932 κωμαζόντων
503 1883 636 1932 μᾶλλον
657 1882 771 1920 ἀποστ
796 1883 876 1933 ε’φου
894 1881 955 1919 καὶ
975 1881 1084 1931 μίσει.
1108 1881 1192 1920 Ἐπὶ

167 1942 202 1982 δὲ
221 1945 284 1990 τῆς
305 1942 468 1989 νηστείας
483 1942 612 1990 ταύτης
631 1943 694 1980 οὐκ
711 1942 824 1981 αἰτίαν
844 1942 913 1995 χρὴ
934 1945 1048 1990 ζητεῖν
1069 1944 1191 1994 μόνον,

166 2003 256 2042 ἀλλὰ
276 2004 337 2042 καὶ
364 2003 468 2042 τόπον
494 2004 554 2042 καὶ
573 2004 706 2055 καιρόν.
729 2005 876 2042 Μᾶλλον
898 2003 934 2041 δὲ
952 2004 1033 2056 πρὶν
1059 2004 1081 2050 ἢ
1106 2004 1192 2056 πρὸς

166 2064 352 2108 Ἰουδαίους
371 2065 646 2114 ἀποτείνασθαι,
664 2071 736 2109 τοῖς
754 2065 938 2117 ἡμετέροις
965 2066 1075 2112 ἡδέως
1091 2068 1191 2104 ’δια-

165 2125 334 2176 λεξόμεθα
362 2125 504 2176 μέλεσι,
535 2133 606 2170 τοῖς
634 2127 775 2165 δοκοῦσι
805 2125 868 2177 μὲν
902 2128 977 2177 μεθ’
996 2130 1098 2177 ἡμῶν
1130 2144 1191 2165 τε-

164 2186 294 2238 τάχθαι
311 2217 321 2235 ,
351 2186 582 2238 θεραπεύουσι
601 2187 637 2225 δὲ
655 2188 699 2226 τὰ
721 2187 861 2226 ἐκείνων
875 2218 884 2234 ,
905 2187 964 2225 καὶ
992 2188 1050 2226 τὸν
1073 2190 1191 2240 ἀγῶνα

164 2248 304 2286 ἅπαντα
329 2247 417 2299 ὑπὲρ
448 2250 560 2286 αὐτῶν
593 2249 846 2300 ἀνῃρημένοις,
869 2248 925 2291 οὒς
957 2249 1016 2286 καὶ
1035 2250 1191 2294 πλείονος

165 2308 256 2346 κατὰ
288 2312 391 2346 τοῦτο
429 2308 669 2359 κατακρίσεως
702 2311 772 2346 τῶν
806 2309 985 2347 Ἰουδαίων
1026 2309 1190 2348 ἁπάντων

165 2369 278 2412 ἀξίους
298 2368 399 2411 ὄντας
417 2370 501 2419 ὁρῶ.
526 2369 596 2407 Καὶ
615 2374 716 2408 τοῦτο
733 2372 798 2421 οὐχ
819 2371 850 2407 οἱ
881 2370 980 2420 σοφοὶ
999 2371 1059 2408 καὶ
1085 2387 1190 2409 συνε-

164 2429 217 2468 τοὶ
238 2429 340 2479 μόνον
355 2458 365 2476 ,
386 2428 477 2467 ἀλλὰ
504 2430 564 2467 καὶ
585 2432 616 2467 οἱ
645 2433 803 2468 ὁπωσοῦν
831 2430 934 2480 λόγου
956 2431 1013 2468 καὶ
1040 2432 1190 2476 διανοίας

167 2491 369 2542 μετέχοντες
388 2489 706 2541 συνομολογήσαιεν
738 2491 777 2527 ἂν
797 2494 896 2541 ἡμῖν.
926 2493 978 2528 Οὐ
1000 2491 1067 2542 γὰρ
1087 2492 1190 2543 χρεία

165 2551 394 2603 σοφισμάτων
431 2551 490 2589 καὶ
529 2554 748 2597 κατασκευῆς
786 2553 845 2591 καὶ
888 2555 1031 2605 μακρῶν
1071 2554 1189 2605 περιό-

165 2614 233 2651 δων
266 2612 356 2651 ὥστε
385 2611 564 2655 ἀποδεῖξαι
593 2618 714 2660 τοῦτο,
736 2615 813 2651 ἀλλ’
847 2616 947 2665 ἀρκεῖ
978 2614 1084 2665 ψιλήν
1113 2631 1190 2652 τινα

165 2673 337 2724 ἐρώτησιν
354 2673 514 2724 ἐρόμενον
536 2676 626 2712 ἑλεῖν
647 2674 768 2717 αὐτοὺς
789 2675 857 2713 ἀπὸ
879 2678 940 2721 τῆς
957 2675 1188 2724 ἀποκρίσεως.

165 2735 213 2773 Τί
245 2730 324 2783 οῧν;
359 2735 504 2774 ἕκαστον
534 2737 602 2773 τῶν
633 2739 735 2774 τοῦτο
771 2736 963 2775 νοσούντων
998 2737 1190 2788 ἐρήσομαι,

167 2797 375 2847 Χριστιανὸς
394 2792 448 2851 εἶ;
469 2798 559 2843 τίνος
581 2793 639 2837 οῦν
659 2801 776 2837 ἕνεκεν
795 2800 839 2838 τὰ
861 2799 1037 2838 Ἰουδαίων
1057 2801 1190 2846 ζηλοῐς;

167 2858 272 2897 Ἀλλὰ
287 2858 455 2903 Ἰουδαῖος
471 2854 502 2897 εἷ
517 2875 526 2908 ;
546 2860 638 2903 τίνος
655 2855 712 2898 οὖν
729 2861 844 2898 ἕνεκεν
872 2863 1024 2913 ἐνοχλεῖς
1044 2863 1086 2911 τῇ
1107 2863 1190 2899 Ἐκ-

167 2919 316 2971 κλησίᾳ;
339 2919 384 2956 ‘O
414 2920 554 2972 Πέρσης
585 2923 623 2959 οὐ
651 2922 693 2959 τὰ
718 2923 864 2974 Περσῶν
897 2928 1034 2974 φρονεῖ;
1053 2925 1071 2958 ὃ
1104 2922 1191 2972 βαρ·

168 2980 273 3033 δαρος
292 2982 330 3019 οὐ
355 2980 398 3019 τὰ
420 2981 606 3033 βαρὸάρων
636 2984 752 3030 ζηλοῖ,
772 2987 790 3021 ὁ
814 2983 877 3030 τὴν
898 2981 1088 3032 Ῥωμαίων
1114 2982 1188 3033 χώ-

171 3058 231 3094 ραν
251 3044 354 3080 οἰκῶν
377 3044 414 3080 οὐ
446 3043 510 3089 τὴν
539 3043 714 3094 ἡμετέραν
746 3045 882 3094 μέτεισι
912 3044 1109 3086 πολιτείαν;
1129 3042 1189 3080 Ἂν

169 3104 243 3154 ἁλῷ
275 3119 344 3148 τις,
376 3104 451 3142 εἶπέ
485 3120 566 3155 μοι,
594 3107 664 3143 τῶν
697 3105 783 3157 παρ’
811 3109 896 3151 ἡμῖν
927 3104 1111 3142 οἰκούντων
1145 3104 1188 3141 τὰ

170 3163 310 3202 ἐκείνων
330 3167 460 3215 φρονῶν
473 3194 482 3211 ,
502 3168 563 3203 οὐκ
584 3167 710 3210 εὐθέως
737 3167 845 3218 χωρὶς
862 3166 964 3216 λόγου
993 3165 1051 3202 καὶ
1070 3164 1190 3208 ἐξετά-

172 3238 259 3266 σεως
291 3224 496 3271 κολάζεται,
528 3226 591 3264 κᾶν
624 3227 730 3280 μυρία
761 3229 1007 3278 ἀπολογεῖσθαι
1039 3227 1123 3277 ἔχῃς
1150 3226 1190 3262 ἂν

171 3286 262 3335 φανῇ
306 3300 356 3327 τις
388 3285 473 3337 παρ’
510 3286 654 3330 ἐκείνοις
688 3294 756 3330 τοῖς
787 3287 976 3336 Ῥωμαία-»ν
1012 3287 1191 3337 χρώμενος

172 3345 310 3394 νόμοις,
340 3346 378 3382 οὖ
407 3350 508 3384 τοῦτο
527 3347 610 3385 αὐτὸ
640 3348 798 3386 πείσεται
827 3349 951 3392 πάλινς
973 3349 1052 3389 nm<
1072 3343 1129 3385 οὖν
1151 3347 1191 3384 σὺ

218 3461 230 3472 ··
257 3450 330 3481 Mss.
353 3448 486 3492 plurimi
506 3453 713 3494 διαλιξόμιθι,
735 3451 939 3494 {Low-bunut
953 3455 1165 3495 &diffugimus
1185 3455 1191 3491 l

1218 1462 1243 1486 A
1270 1459 1444 1502 martyres
1471 1465 1630 1489 amamus
1648 1482 1656 1497 ,
1673 1465 1741 1489 non
1773 1451 1870 1502 quod
1905 1452 2111 1489 crucientur
2131 1483 2140 1499 ‚
2164 1453 2226 1490 sed

1269 1512 1364 1562 quod
1384 1512 1430 1550 ob
1452 1513 1636 1551 Christum
1658 1513 1836 1550 cruciatus
1864 1513 2002 1561 ferant3
2023 1522 2144 1550 contra
2173 1514 2226 1551 la-

1268 1582 1385 1611 trones
1402 1573 1713 1618 detestamur,non
1724 1574 1806 1625 quia
1826 1574 2036 1625 puniuntur,
2054 1573 2112 1612 sed
2126 1574 2225 1625 quod

1269 1634 1314 1671 ob
1336 1635 1519 1673 malefacta
1536 1636 1736 1687 puniuntur
1757 1652 1765 1672 :
1783 1636 1909 1674 eodem
1929 1635 2036 1673 modo
2048 1635 2117 1674 hac
2137 1637 2172 1673 in
2187 1650 2225 1674 re

1268 1696 1448 1734 calculum
1468 1711 1578 1748 ponas
1593 1713 1600 1733 :
1618 1697 1647 1734 si
1664 1696 1802 1735 videris
1820 1697 1898 1735 illos
1912 1711 2034 1735 amore
2050 1698 2226 1750 Deijeju-

1267 1766 1402 1803 nantes,
1426 1759 1641 1810 amplectere
1665 1758 1762 1809 quod
1787 1758 1847 1805 fit;
1881 1768 1917 1795 at
1945 1760 1973 1796 si
1999 1760 2224 1811 perspexeris

1265 1818 1347 1856 illos
1367 1818 1435 1857 hoc
1455 1829 1582 1871 praeter
1600 1819 1761 1857 divinam
1786 1819 2010 1857 voluntatem
2031 1821 2197 1859 facientes
2211 1851 2221 1869 ‚

1265 1880 1378 1932 magis
1393 1894 1450 1918 eos
1465 1880 1653 1929 detestare,
1673 1881 1875 1932 majoreque
1890 1881 1971 1919 odio
1987 1896 2196 1934 persequere
2213 1913 2223 1928 ‚

1265 1954 1375 1991 quam
1392 1941 1524 1987 ebrios,
1541 1955 1649 1992 quam
1673 1941 1889 1980 temulentiae
1908 1952 1941 1980 et
1955 1945 2226 1981 comessationi-

1266 2001 1332 2040 bus
1351 2002 1590 2054 indulgentes.
1611 2004 1649 2040 In
1678 2003 1746 2041 hoc
1765 2013 1884 2040 aurem
1900 2004 2038 2056 jejunio
2056 2018 2124 2042 non
2141 2006 2225 2043 satis

1264 2072 1315 2101 est
1331 2077 1473 2102 causam
1494 2064 1688 2115 inquirere,
1706 2064 1768 2102 sed
1785 2073 1817 2102 et
1832 2064 1930 2102 locus
1945 2075 1978 2102 et
1990 2074 2130 2117 tempus
2145 2080 2226 2104 con·

1263 2124 1449 2162 sideranda
1483 2134 1578 2163 sunt.
1603 2127 1740 2164 Verum
1774 2126 1983 2178 priusquam
2015 2141 2224 2166 moveamus

1263 2186 1374 2224 aciem
1389 2187 1563 2224 adversus
1577 2186 1733 2234 Judaeos,
1748 2187 1875 2225 lubens
1895 2189 2090 2226 orationem
2107 2199 2223 2228 verto-

1217 2261 1238 2290 n
1264 2247 1332 2284 rim
1352 2246 1397 2284 ad
1410 2261 1468 2285 eos
1481 2248 1543 2298 qui
1565 2257 1644 2285 sunt
1665 2248 1775 2286 nostri
1800 2248 1956 2300 corporis
1976 2250 2137 2287 membra
2155 2280 2164 2292 ,
2180 2265 2220 2288 ac

1264 2309 1376 2346 nostri
1405 2308 1549 2359 quidem
1577 2308 1712 2346 ordinis
1742 2322 1815 2346 esse
1842 2308 2034 2354 videntur,
2055 2320 2218 2348 caeterum

1265 2370 1407 2408 illorum
1431 2371 1570 2407 cultum
1590 2379 1787 2421 sequuntur
1803 2401 1812 2414 ,
1831 2385 1966 2422 proque
1996 2372 2067 2409 illis
2099 2373 2219 2410 defen-

1263 2430 1388 2468 dendis
1404 2431 1493 2469 nihil
1510 2430 1642 2468 laboris
1661 2445 1727 2468 non
1743 2432 1951 2482 suscipiunt,
1976 2446 2042 2481 qua
2065 2433 2098 2469 in
2123 2443 2219 2484 parte

1262 2492 1388 2542 dignos
1405 2507 1479 2530 cssc
1495 2493 1598 2529 video
1613 2493 1776 2542 graviore
1795 2492 2098 2533 condemn-itione,
2110 2508 2216 2544 quani

1263 2554 1409 2592 ludaros
1428 2554 1621 2592 universos.
1642 2553 1680 2591 ld
1703 2567 1776 2590 esse
1792 2567 1932 2594 verum,
1946 2567 2012 2590 non
2034 2554 2139 2590 nimio
2158 2569 2216 2591 sa—

1264 2616 1398 2665 pientes
1417 2624 1449 2652 ct
1467 2615 1601 2652 cordati
1622 2646 1630 2657 ,
1658 2629 1783 2652 vri-uin
1801 2616 1906 2652 ctiam
1926 2615 2144 2665 quicumque
2161 2616 2216 2652 vel

1262 2676 1409 2727 paulum
1427 2676 1555 2713 liabent
1577 2676 1703 2713 incutis
1723 2685 1754 2712 ct
1777 2675 1943 2717 rationis,
1971 2690 2107 2713 nicrum
2132 2677 2218 2714 sate-

1264 2736 1407 2774 buntur.
1428 2739 1498 2774 Nec
1513 2738 1605 2774 cuim
1631 2750 1720 2788 opus
1751 2746 1799 2774 cst
1826 2737 2106 2788 sophismatibus
2127 2768 2136 2779 ,
2155 2752 2217 2776 nec

1261 2807 1433 2849 apparatu
1456 2798 1642 2840 sermonis,
1660 2812 1721 2835 nec
1739 2798 1886 2850 prolixis
1907 2799 2062 2849 pei-indis
2078 2798 2122 2836 ml
2150 2799 2216 2838 hoc

1261 2858 1686 2900 ‹lcinoustiuiminin,cum
1705 2860 1789 2896 satis
1806 2860 1847 2897 sit
1868 2860 1947 2896 illus
1962 2860 2114 2911 simplici
2136 2876 2216 2913 pcr-

1214 2937 1236 2964 ι·,
1263 2921 1460 2957 counitione
1487 2921 1718 2970 interrogatos
1737 2935 1779 2958 cx
1811 2921 1884 2972 ipssi
1906 2921 2132 2971 responsione
2151 2938 2215 2960 ca-

1265 2996 1357 3034 pere,
1388 2982 1484 3027 Quid
1510 2982 1618 3032 igitur
1633 2983 1650 3018 '.‘
1686 2996 1971 3032 ununupwunpw
2001 2983 2065 3020 isio
2092 2985 2216 3022 inorbo

1263 3044 1425 3080 assi-ctum
1448 3043 1680 3094 p‹·1·‹·0ut.·lwr
1697 3058 1703 3078 :
1720 3043 1945 3079 (Itu-istinms
1963 3057 1999 3078 cs
2014 3045 2030 3081 ἶ*
2047 3059 2110 3082 cur
2131 3060 2216 3096 crgo

1263 3104 1442 3141 annularis
1461 3103 1609 3142 judaica
1623 3104 1640 3140 ἶ)
1666 3108 1705 3140 Μ
1731 3103 1877 3142 ,iudanis
1897 3118 1932 3141 cs
1947 3105 1964 3140 ἶ*
1983 3118 2089 3154 «piam
2107 3106 2215 3156 igitur

1263 3165 1310 3201 ‹nl›
1330 3178 1472 3201 cunisam
1491 3164 1659 3200 unuh-sius
1679 3179 1715 3201 rs
1728 3164 1918 3201 Erotem-3*
1937 3166 2007 3210 Qui
2031 3168 2134 3203 Persa
2151 3178 2214 3210 est.

1266 3239 1379 3262 unnut-
1411 3239 1487 3274 ‹pm-
1521 3227 1706 3262 l‘crsaruni
1738 3234 1818 3261 sunt
1852 3235 1948 3262 curat
1970 3226 1987 3263 ?
2010 3227 2180 3266 ltu-lmus
2203 3260 2211 3271 ‚

1264 3300 1378 3324 noune
1400 3287 1634 3323 Ιι.ιι·ἱι;ιι·ιιι·ιιιιι
1657 3287 1744 3323 ritus
1764 3287 1980 3324 annulatur?
1997 3289 2057 3338 ‹pii
2080 3288 2216 3328 habim

1266 3349 1299 3384 iu
1313 3347 1449 3384 ‹litium-
1469 3349 1709 3384 liminium-uui
1728 3378 1736 3389 ,
1757 3362 1823 3384 uon
1847 3349 1958 3385 utitur
1978 3350 2106 3387 nustris
2127 3350 2218 3399 legi-

1944 3497 2004 3533 ⁴3.
