2513 3871
171 1111 244 1140 tien.

374 221 466 268 282

794 229 834 260 S.
871 226 1060 260 sommis
1092 223 1318 257 ctntvsosr
1375 223 1579 255 Ancum».
1620 221 1980 255 cousrANTtnor.

370 317 469 355 illam
490 319 688 365 exasperat.
704 313 848 360 Quanto
873 309 970 348 enim
999 307 1115 359 magis
1144 305 1323 358 concupi·
1348 309 1372 339 C
1401 304 1514 345 Ὅσον
1528 305 1597 358 γᾴρ
1613 306 1654 344 ἂν
1676 306 1834 356 αὔξοιμεν
1854 305 1899 344 τὰ
1923 306 1986 351 τῆς
2013 303 2212 354 ἐπιθυμίας,
2231 303 2291 341 καὶ
2316 304 2422 355 ἰσχυ-

369 376 518 414 scentias
531 385 703 426 augemus
713 402 724 419 ,
739 380 775 410 et
789 370 944 424 plurima
959 370 1011 408 eis
1024 369 1178 407 fomenta
1193 379 1324 419 suppo·

369 437 542 482 ditamus,
558 442 656 472 tanto
668 441 702 471 et
717 431 860 470 dolores
875 430 986 469 nostri
1003 430 1116 482 magis
1132 428 1322 466 intendun-

369 506 443 535 tur.
462 495 507 535 Et
522 492 829 546 quemadmodum
848 492 912 543 qui
929 504 1057 530 mensae
1072 499 1107 529 et
1125 489 1215 529 fonti
1233 489 1323 529 assi-

367 557 441 606 det,
464 570 534 596 non
564 556 616 595 sic
627 593 630 596 Α
642 553 801 595 videndo
828 553 949 600 dolet,
966 562 1006 591 nt
1034 552 1092 590 cui
1110 551 1323 604 permissum

368 626 420 656 est
441 630 548 655 manu
567 615 739 666 attingere
752 643 762 663 ,
776 622 810 652 ct
827 623 942 669 tamen
964 625 1008 650 ne
1019 610 1186 663 degustet
1196 610 1319 664 prohi-

369 677 495 716 betur:
513 676 566 716 sic
590 676 713 727 utique
728 675 788 726 qui
805 673 851 712 ad
868 672 1118 712 contrectanda
1137 672 1321 725 virginum

368 753 518 792 corpora
544 739 804 783 admittuntur,
823 735 1024 786 graviorem
1043 733 1213 773 hauriunt
1233 748 1323 773 cru-

366 800 500 838 ciatum
516 813 562 838 ex
578 807 673 837 tactu
688 811 799 849 quam
818 811 864 835 ex
879 804 1024 849 aspectu
1037 825 1048 842 ‚
1059 794 1146 834 dum
1161 795 1324 834 acerbius

368 861 418 899 rei
432 869 531 900 tactae
546 860 746 914 privatione
761 866 983 910 torquentur.
1002 857 1049 896 Et
1063 856 1151 908 quid
1168 871 1259 909 opus
1271 866 1323 895 est

369 921 613 975 philosophari
632 934 679 960 ex
701 920 808 959 rebus
834 918 1024 958 externis?
1044 918 1107 957 Dei
1127 918 1221 956 enim
1239 931 1323 956 sen-

368 983 491 1031 tentia,
502 982 561 1022 bis
570 982 739 1020 omnibus
752 980 945 1034 potentior,
959 980 1034 1032 ipsa
1049 979 1152 1017 nobis
1171 977 1324 1018 ostendit

369 1057 444 1082 rem
473 1043 520 1082 ita
553 1056 628 1082 sese
654 1041 797 1081 babere.
826 1042 918 1080 Nam
947 1054 1030 1079 cum
1055 1040 1164 1078 vellet
1197 1039 1325 1092 punire

300 1132 306 1139 .
371 1103 503 1153 Adam,
529 1117 597 1143 non
617 1103 744 1156 procul
763 1116 784 1140 a
813 1101 979 1154 paradiso
1011 1101 1130 1153 ipsum
1165 1099 1326 1137 babitare

367 1166 464 1211 fecit,
478 1164 540 1204 sed
552 1178 663 1217 prope
677 1163 899 1216 paradisum,
907 1171 946 1199 ut
962 1162 1168 1200 continuam
1184 1174 1325 1212 poenam

369 1226 515 1264 haberet
531 1238 552 1263 e
572 1223 775 1276 spectaculo
795 1222 863 1260 loci
889 1235 996 1272 quem
1025 1220 1274 1266 desiderabat,
1291 1230 1326 1258 et

366 1299 430 1332 eo,
449 1285 616 1336 quamvis
633 1297 775 1336 semper
796 1282 901 1320 illum
921 1290 1003 1319 ante
1020 1295 1058 1319 se
1074 1280 1233 1329 videret,
1252 1281 1325 1319 frui

365 1359 435 1384 non
451 1345 734 1398 permitteretur.
756 1344 838 1383 Jam
866 1343 955 1380 sorte
968 1340 1100 1393 aliquis
1117 1340 1266 1387 dixerit,
1279 1341 1323 1379 Et

365 1405 545 1457 quomodo
558 1435 568 1454 ,
589 1405 619 1444 si
635 1405 703 1443 hoc
724 1412 849 1442 natura
869 1411 942 1440 tam
962 1415 1125 1440 amarum
1139 1431 1150 1449 ,
1166 1401 1326 1453 plerique

365 1477 462 1506 tanto
492 1466 613 1505 studio
642 1464 854 1504 sectantur?
872 1463 930 1502 Ad
950 1463 1018 1502 hoc
1043 1476 1108 1514 ego
1137 1463 1292 1501 dixerim
1313 1493 1322 1511 ‚

363 1529 462 1568 istud
479 1529 599 1582 ipsum
616 1536 785 1566 extremae
800 1526 947 1564 illorum
960 1524 1186 1576 aegritudinis
1205 1524 1325 1563 maxi-

365 1605 465 1630 mum
484 1604 560 1629 esse
579 1597 844 1641 argumentum.
863 1588 957 1626 Nam
975 1587 1033 1625 hic
1046 1600 1124 1625 mos
1142 1595 1194 1625 est
1213 1599 1323 1638 aegro-

365 1652 516 1691 tantium
527 1683 538 1698 ,
552 1661 590 1690 ut
605 1658 764 1702 quaerant
779 1648 950 1701 frigidam
959 1647 1155 1700 quamdam
1164 1677 1177 1694 ,
1192 1646 1327 1685 brevis·

362 1727 435 1765 que
450 1713 621 1766 temporis
637 1712 858 1765 voluptatem
872 1739 883 1758 ‚
900 1709 995 1748 unde
1008 1709 1243 1762 prolixiorem
1255 1708 1324 1747 sibi

365 1775 556 1813 conciliant
577 1787 731 1828 poenam.
751 1772 829 1811 Hoc
846 1781 880 1810 et
899 1771 935 1809 in
959 1770 1247 1809 febricitantibus
1266 1771 1323 1808 vi-

365 1835 450 1875 dere
462 1837 544 1888 quis
558 1844 685 1888 potest,
695 1833 854 1885 quicum
870 1832 1052 1884 paulisper
1065 1831 1243 1870 abstinere
1262 1845 1325 1869 no-

365 1897 444 1935 lunt
470 1912 490 1935 a
515 1895 773 1935 refocillatione
791 1902 1036 1933 momentanea
1056 1893 1247 1931 vetitorum
1267 1893 1325 1931 vel

364 1957 628 1997 esculentorum
658 1956 714 1995 vel
733 1955 1005 2008 poculentorum
1018 1983 1029 2002 ,
1041 1953 1187 2004 longum
1203 1968 1324 2005 quem·

365 2019 450 2058 dam
481 2028 516 2058 et
550 2018 810 2057 difficillimum
845 2015 1021 2054 invehunt
1057 2015 1125 2053 sibi
1146 2015 1324 2054 morbum.

366 2082 517 2134 Oportet
540 2090 658 2118 autem
678 2089 717 2118 ut
733 2079 757 2117 ii
778 2078 838 2130 qui
860 2078 947 2116 bene
960 2077 1095 2125 vatent,
1113 2090 1180 2114 non
1199 2091 1324 2115 eorum

368 2142 431 2192 qui
459 2141 551 2180 male
571 2141 702 2180 liabent
725 2139 934 2178 sententiam
955 2146 1159 2188 sequantur.
1184 2139 1276 2176 Nam
1295 2138 1324 2176 si

369 2202 450 2241 illos
471 2216 680 2254 sequemur,
701 2211 738 2240 et
756 2216 775 2238 a
798 2199 935 2238 medica
953 2208 1030 2237 arte
1051 2208 1085 2237 et
1122 2212 1141 2236 a
1162 2198 1323 2250 pbiloso-

368 2264 453 2316 phia
471 2262 804 2302 condemnabimur.
826 2262 949 2311 Neque
960 2260 1053 2298 enim
1071 2259 1325 2311 :egrotantibus

368 2325 434 2364 hoc
464 2325 577 2363 solum
601 2324 635 2362 in
663 2323 753 2362 febri
776 2321 976 2372 contingit,
997 2321 1055 2359 vel
1074 2320 1110 2359 in
1131 2320 1324 2359 mulierum

367 2400 510 2431 amore,
532 2386 593 2424 sed
611 2394 646 2423 et
677 2384 712 2423 in
742 2382 883 2422 divitiis
915 2391 949 2420 et
977 2381 1012 2419 in
1045 2381 1213 2420 omnibus
1232 2382 1324 2420 aliis.

369 2446 510 2485 Etenim
529 2445 592 2498 qui
618 2445 653 2483 in
677 2443 846 2497 pecunias
868 2442 1052 2482 insaniunt
1073 2472 1084 2491 ,
1111 2442 1194 2482 licet
1212 2444 1325 2482 sciant

365 2506 461 2558 quod
482 2506 505 2544 ii
527 2507 588 2558 qui
611 2520 722 2559 parva
738 2505 813 2543 haec
830 2503 965 2556 indigis
982 2503 1254 2557 impartiuntur,
1272 2505 1326 2544 in-

366 2567 466 2606 linita
496 2567 573 2606 illic
600 2568 692 2606 bona
725 2565 885 2619 capiant,
904 2565 1066 2604 detinent
1086 2573 1203 2604 tamen
1230 2580 1269 2604 ca
1292 2576 1326 2605 et

364 2627 568 2676 defodiunt,
589 2638 623 2667 et
649 2627 752 2667 bonis
779 2627 946 2666 omnibus
979 2625 1143 2665 excidere
1161 2627 1324 2675 malunt,

366 2689 412 2727 ob
446 2689 614 2741 frigidam
645 2689 865 2739 brevemque
907 2688 1000 2726 hanc
1031 2687 1293 2739 voluptatulam
1309 2718 1321 2737 ,

365 2764 472 2801 quam
493 2759 621 2788 aeterna
642 2763 743 2802 poena
764 2749 908 2787 liberari
923 2780 932 2798 ‚
952 2758 985 2787 et
1002 2749 1242 2787 immortalem
1265 2748 1323 2787 vi-

367 2820 438 2848 tam
460 2810 612 2863 adipisci
634 2811 713 2849 illas
735 2809 780 2848 ad
797 2810 904 2849 breve
922 2820 1061 2862 tempus
1079 2808 1324 2863 despiciendo.

367 2871 442 2909 lloc
459 2872 581 2922 utique
594 2881 627 2910 et
644 2872 716 2910 illis
731 2871 1014 2922 contingit‚dum
1034 2886 1053 2910 a
1078 2886 1188 2925 parva
1207 2871 1328 2911 oculo-

369 2947 448 2971 rum
469 2933 754 2986 concupiscentia
776 2933 910 2986 scipsos
926 2934 1184 2987 aliquantisper
1215 2933 1328 2972 conti·

369 3009 449 3033 ncre
464 2995 622 3034 nolentes
637 2995 896 3034 intolerabilem
910 2995 978 3034 sibi
992 2996 1109 3046 ignem
1120 2996 1298 3046 colligunt
1314 3009 1322 3033 ε

370 3065 401 3091 vt
417 3065 550 3106 quanto
568 3057 701 3095 scilicet
713 3071 749 3095 se
762 3057 874 3107 magis
889 3057 1058 3096 oblectari
1080 3065 1327 3110 putant,tanto

373 3117 485 3166 magis
505 3118 599 3156 malo
631 3118 887 3171 implicantur,
918 3116 1065 3157 diabolo
1096 3117 1172 3156 suis
1188 3116 1329 3156 artibus

370 3175 436 3213 hoc
461 3187 606 3215 curante
639 3177 683 3216 ad
708 3179 963 3218 incrementum
980 3188 1012 3217 ct
1030 3178 1328 3231 perseverantiam

371 3235 545 3282 incendii,
567 3246 606 3274 ut
630 3237 792 3278 ardentes
807 3248 841 3277 ct
870 3239 1090 3278 delectentur
1108 3248 1142 3277 et
1160 3238 1302 3277 doleant
1318 3267 1329 3285 ,

1338 2479 1384 2504 2³1

1401 367 1546 420 ροτέραν
1563 369 1652 419 αὐτῇ
1678 367 1891 420 παρέχωμεν
1914 366 1978 413 τὴν
2009 365 2158 418 τροφὴν,
2173 369 2334 404 τοσοῦτον
2363 364 2423 403 καὶ

1399 428 1446 468 τὰ
1468 431 1531 475 τῆς
1554 428 1677 477 ὀδύνης
1701 429 1788 479 ἡμῖν
1815 428 2036 467 ἐπιτείνεται.
2066 427 2136 466 Καὶ
2162 426 2322 479 καθάπερ
2340 427 2360 464 δ
2378 426 2423 477 τῇ

1399 490 1556 544 τραπέζῃ
1585 490 1645 529 καὶ
1683 491 1726 541 τῇ
1761 492 1859 539 πηγῇ
1899 488 2194 540 παρακαθήμενος
2221 488 2288 539 οὐχ
2314 485 2424 529 οὕτω(

1399 554 1489 603 ὁρῶν
1521 553 1705 597 ὀδυνᾶται,
1724 552 1772 594 ὡς
1798 551 1882 588 ὅταν
1912 549 1973 588 καὶ
2002 551 2047 600 τῇ
2078 548 2172 600 χειρὶ
2204 553 2311 600 θιγεῖν
2341 550 2426 588 ἔπι-

1399 612 1544 664 τραπεὶς
1571 611 1832 664 ἀπογεύσασθαι
1853 611 1993 660 κωλυθῇ
2022 611 2148 649 πάλιν·
2169 609 2262 648 οὕτω
2288 608 2332 656 δὴ
2362 609 2424 648 καὶ

1400 675 1433 712 οἱ
1449 676 1518 712 τῶν
1540 675 1758 725 παρθενικῶν
1785 671 1960 720 σωμάτων
1983 672 2118 722 ψαῦσαι
2136 669 2423 721 ἐπιτριπόμινοι,

1399 734 1645 786 χαλεπώτερον
1677 736 1740 779 τῆς
1766 732 1846 777 θέας
1874 732 1945 771 ἀπὸ
1975 734 2038 778 τῆς
2069 732 2161 784 ἁφῆς
2192 731 2422 779 κολάζονται,

1400 796 1610 847 πικροτέραν
1632 795 1857 847 ἐφελκόμενοι
1878 793 1942 840 τὴν
1966 795 2005 832 ἐκ
2029 796 2093 839 τῆς
2108 798 2122 814 “
2136 791 2330 844 ἀποτυχίας
2344 792 2423 832 ὀδύ-

1400 872 1478 903 νην.
1497 857 1566 896 Καὶ
1587 857 1623 894 τί
1649 857 1700 895 δεῖ
1719 860 1830 895 ταῦτα
1856 854 1926 894 ἀπὸ
1952 857 2020 893 τῶν
2052 853 2174 899 ἔξωθεν
2201 850 2422 905 πραγμάτων

1401 920 1621 970 φιλοσοφεῖη
1653 921 1675 962 ἡ
1695 917 1763 969 γὰρ
1787 921 1847 956 τοῦ
1871 920 1964 956 Θεοῦ
1983 918 2097 968 ψῆφος
2119 919 2140 962 ἡ
2160 914 2292 954 τούτων
2311 912 2423 952 ἁπάν-

1400 996 1468 1018 των
1493 980 1719 1032 ἰσχυροτέρα,
1746 978 1835 1024 αὕτη
1866 979 2018 1017 δείκνυσι
2050 982 2152 1017 τοῦτο
2182 979 2336 1015 τοιοῦτον
2367 975 2422 1015 ἄν.

1399 1041 1472 1080 Τὸν
1497 1040 1565 1092 ’γὰρ
1583 1042 1694 1091 Ἀδὰμ
1722 1040 1873 1079 κολάσαι
1902 1039 2130 1090 βουλόμενος,
2146 1039 2185 1078 οὗ
2214 1038 2337 1090 πόῤῥω
2362 1040 2424 1076 τοῦ

1398 1102 1612 1153 παραδείσου
1643 1102 1856 1154 κατῴκισεν,
1878 1099 1956 1141 ἀλλ’
1973 1101 2078 1139 αὐτοῦ
2096 1099 2246 1146 πλησίον
2262 1098 2396 1139 ἐκείνου
2406 1127 2420 1145 ,

1399 1162 1523 1215 ἵν’ἔχῃ
1555 1164 1697 1210 διηνεκῆ
1725 1163 1887 1208 κόλασιν,
1909 1162 1974 1207 τὴν
2007 1161 2088 1201 θέαν
2114 1165 2176 1200 τοῦ
2206 1159 2422 1211 ποθουμένου

1399 1224 1547 1274 χωρίου,
1565 1226 1704 1273 θεωρῶν
1729 1222 1792 1273 μὲν
1822 1222 1906 1261 αὐτὸ
1931 1223 2138 1270 διαπαντὸς,
2158 1223 2357 1261 ἀπολαῦσαι
2385 1219 2422 1260 δὶ

1399 1284 1462 1321 οὐκ
1499 1283 1786 1335 ἐπιτρεπόμενος.
1814 1282 1910 1321 Ἀλλ’
1943 1282 2028 1325 ἴσως
2060 1282 2152 1321 εἴποι
2181 1297 2235 1326 τις
2262 1283 2325 1322 ἄν·
2360 1282 2423 1321 καὶ

1399 1346 1496 1389 πῶς,
1516 1343 1546 1381 εἰ
1576 1343 1701 1394 πικρὸν
1727 1346 1831 1381 τοῦτο
1862 1342 1971 1386 οὕτως
2000 1343 2075 1382 ἐστὶ
2106 1345 2151 1394 τῇ
2181 1343 2302 1395 φύσει,
2331 1343 2422 1393 μετὰ

1400 1404 1572 1451 τοσαύτης
1610 1404 1693 1442 αὐτὸ
1730 1406 1763 1442 οἱ
1802 1403 1927 1442 πολλοὶ
1961 1403 2126 1442 διώκουσι
2157 1405 2220 1450 τῆς
2250 1404 2422 1451 σπουδῆςς

1399 1464 1496 1516 Ἐγὼ
1515 1465 1551 1503 δὲ
1570 1465 1656 1517 πρὸς
1675 1467 1776 1503 τοῦτο
1794 1467 1905 1503 ἐκεῖνο
1928 1463 1969 1502 ἂν
1995 1463 2152 1515 εἴποιμι,
2170 1464 2227 1504 ὅτι
2245 1463 2331 1504 αὐτὸ
2358 1463 2421 1516 μὶν

1399 1519 1457 1564 οὖν
1487 1530 1590 1565 τοῦτο
1619 1525 1785 1576 μέγιστον
1816 1525 2007 1577 τεκμήριον
2035 1528 2098 1572 τῆς
2126 1525 2280 1578 ἐσχάτης
2309 1527 2423 1566 affin

1400 1586 1597 1640 ἀρρωστίας
1629 1587 1719 1626 ἐστί.
1740 1589 1854 1626 Τοῦτο
1872 1586 1940 1638 γὰρ
1966 1589 2036 1625 τῶν
2054 1586 2246 1626 νοσούντων
2264 1586 2306 1626 τὸ
2326 1586 2423 1635 (θος,

1399 1648 1538 1700 ψυχράν
1571 1663 1648 1687 τινα
1674 1648 1733 1686 καὶ
1759 1647 1996 1700 ὀλιγοχρόνιον
2024 1647 2151 1695 ἡδονὴν
2182 1650 2423 1701 καρποῦσθαι,

1400 1709 1459 1746 καὶ
1483 1709 1622 1760 μακρὰν
1643 1711 1775 1752 ἑαυτοῖς
1796 1711 1950 1747 ἐντεῦθεν
1966 1708 2241 1752 κατασκευάζειν
2263 1708 2420 1747 κόλασιν.

1400 1770 1516 1808 Τοῦτο
1546 1769 1614 1822 γὰρ
1645 1770 1706 1808 καὶ
1731 1770 1788 1808 ἐπὶ
1811 1772 1880 1808 τῶν
1911 1769 2152 1820 πυρεττόντων
2180 1769 2248 1808 ἴδοι
2274 1784 2328 1813 τις
2355 1768 2420 1814 ἂν,

1399 1831 1431 1870 οἳ
1457 1830 1506 1881 μὴ
1532 1831 1736 1882 βουλόμενοι
1758 1832 1974 1884 καρτερῆσαι
1996 1831 2141 1882 μικρὸν,
2162 1830 2206 1869 δι’
2235 1830 2423 1884 ὀλιγοχρό-

1398 1890 1470 1929 νιόν
1495 1906 1573 1929 τινα
1592 1891 1824 1943 ψυχαγωγίαν
1849 1891 1909 1929 καὶ
1940 1891 2056 1928 ποτῶν
2087 1890 2148 1928 καὶ
2168 1889 2288 1928 σιτίων
2308 1904 2423 1928 κεκω-

1398 1951 1556 2002 λυμένων
1578 1952 1791 2002 ἁπτόμενοι,
1811 1951 1950 2004 μακράν
1982 1966 2060 1990 τινα
2086 1950 2146 1989 καὶ
2164 1949 2421 2003 χαλεπωτάτην

1399 2016 1534 2058 ἑαυτοῖς
1564 2015 1768 2066 ἐργάζονται
1797 2015 1909 2052 νόσον.
1937 2016 1998 2052 Δεῖ
2028 2014 2064 2051 δὲ
2093 2012 2172 2057 τοὺς
2203 2012 2423 2064 ὑγιαίνοντας

1399 2076 1463 2113 οὐκ
1494 2075 1565 2114 ἀπὸ
1594 2079 1662 2114 τῶν
1704 2075 1896 2113 νοσούντων
1929 2073 2124 2124 λαμῧάνειν
2150 2072 2212 2117 τὰς
2244 2073 2325 2126 περὶ
2351 2075 2422 2111 τῶν

1399 2136 1618 2188 πραγμάτων
1637 2137 1786 2188 ψήφους·
1811 2136 1907 2183 ἐπεὶ,
1926 2137 1957 2174 εἰ
1977 2135 2109 2178 τούτοις
2135 2134 2290 2186 ἑψόμεθα
2309 2164 2319 2181 ,
2333 2132 2425 2173 1’καὶ

1399 2198 1466 2236 ὑπὸ
1482 2199 1544 2243 τῆς
1572 2200 1730 2249 ἰατρικῆς
1753 2196 1813 2235 καὶ
1831 2197 1900 2235 ὑπὸ
1917 2199 1979 2243 τῆς
2000 2194 2202 2248 φιλοσοφίας
2236 2210 2425 2246 καταγνω-

1399 2258 1649 2308 σόμεθα.οὐδὲ
1682 2259 1750 2311 γὰρ
1765 2289 1774 2302 .
1797 2257 1926 2309 [οὐδὲ]
1945 2257 2004 2296 ἐπὶ
2038 2258 2198 2309 πυρετῶν
2213 2287 2223 2301 .
2251 2255 2331 2296 οὗδὶ
2362 2256 2423 2296 ἐπὶ

1399 2322 1592 2370 γυναικῶν,
1610 2324 1713 2359 τοῦτο
1732 2321 1909 2372 πάσχουσι
1929 2319 2032 2369 μόνον
2044 2347 2054 2365 ,
2073 2319 2164 2357 ἀλλὰ
2183 2318 2244 2356 καὶ
2262 2317 2321 2356 ἰπὶ
2338 2332 2424 2370 χρη-

1401 2383 1522 2432 μάτων
1546 2383 1606 2420 καὶ
1634 2383 1782 2420 ἐπὶτῶν
1813 2382 1929 2419 ἄλλων
1954 2380 2120 2419 ἁπάντων
2155 2380 2187 2418 οἱ
2204 2379 2251 2418 τὰ
2276 2381 2425 2418 τοιαῦτα

1399 2447 1593 2486 νοσοῦντες.
1621 2443 1691 2482 Καὶ
1710 2442 1779 2494 γὰρ
1804 2445 1835 2481 οἱ
1854 2440 1995 2492 περὶτὰ
2019 2440 2190 2494 χρήματα
2208 2439 2402 2491 μεμηνότες
2409 2467 2422 2491 ,

1400 2505 1618 2552 εἰδότες,8τι
1647 2507 1680 2543 οἱ
1711 2503 1755 2542 τὰ
1784 2502 1894 2553 μικρὰ
1922 2505 2035 2540 ταῦτα
2063 2504 2212 2541 ἐνταῦθα
2236 2500 2423 2553 προέμενοι

1399 2572 1470 2610 τοῖς
1487 2568 1663 2616 δεομένοις
1679 2565 1788 2617 μυρία
1807 2567 1878 2603 ἐκεῖ
1897 2563 2068 2615 λήψονται
2089 2562 2225 2614 ἀγαθὰ,
2244 2561 2422 2614 κατέχου-

1399 2642 1453 2665 σιν
1477 2627 1570 2677 ὅμως
1592 2627 1682 2665 αὐτὰ
1711 2627 1771 2665 καὶ
1791 2624 2054 2676 κατορύττουσι,
2071 2623 2130 2661 καὶ
2149 2622 2290 2661 πάντων
2316 2623 2423 2663 lxm-

1399 2694 1472 2726 σεῖν
1495 2690 1672 2740 αἱροῦνται
1700 2690 1770 2724 τῶν
1799 2687 1937 2736 ἀγαθῶν
1959 2684 2093 2733 μᾶλλον
2123 2682 2180 2721 διὰ
2195 2683 2258 2729 τὴν
2278 2683 2420 2736 ψυχρὰν

1398 2748 1527 2796 ταύτην
1547 2749 1605 2786 καὶ
1627 2751 1796 2800 βραχεῖαν
1823 2745 1973 2793 ἡδονὴν,
1997 2744 2019 2790 ἢ
2048 2746 2112 2790 τῆς
2137 2745 2279 2783 αἰωνίου
2310 2744 2422 2785 κολά-

1399 2823 1485 2851 σεως
1513 2809 1779 2858 ἀπαλλαγῆναι,
1800 2805 1859 2844 καὶ
1886 2803 1949 2850 τὴν
1978 2804 2147 2841 ἀθάνατον
2165 2802 2421 2856 καρπώσασθαι

1399 2869 1490 2916 ζωὴν
1503 2899 1513 2916 ,
1533 2869 1590 2907 διὰ
1609 2872 1671 2915 τῆς
1699 2866 1914 2920 προσκαίρου
1935 2866 2063 2904 τούτων
2083 2866 2286 2917 ὑπεροψίας.
2305 2865 2422 2904 Τοῦτο

1399 2931 1441 2978 δὴ
1471 2931 1531 2970 καὶ
1558 2924 1650 2970 οὗτοι
1673 2929 1872 2980 πάσχουσι,
1894 2930 1956 2972 τῆς
1984 2933 2112 2978 μικρᾶς
2141 2926 2272 2973 ταύτης
2303 2926 2422 2966 Imbu-

1400 2993 1482 3041 μίας
1497 3022 1506 3037 ,
1526 2995 1589 3038 τῆς
1608 2989 1665 3029 διὰ
1686 2993 1755 3028 τῶν
1771 2990 1979 3040 ὀφθαλμῶν,
1997 2989 2060 3026 οὐκ
2076 2988 2281 3040 ἀνεχόμενοι
2297 2985 2424 3040 μικρὸν

1399 3054 1539 3096 ἑαυτοὺς
1583 3054 1806 3097 ἀποστῆσαι,
1840 3050 2014 3100 ἀφόρητον
2061 3051 2194 3092 ἑαυτοῖς
2235 3047 2424 3099 συνάγουσι

1399 3120 1486 3166 πῦρ·
1508 3115 1567 3153 καὶ
1607 3113 1747 3164 ὅσῳπερ
1788 3111 1829 3149 ἂν
1857 3111 2043 3159 νομίζωσιν
2079 3109 2248 3155 ἥδεσθαι,
2269 3107 2424 3160 τοσούτῳ

1402 3179 1534 3226 μᾶλλον
1560 3174 1794 3226 ἐμπλέκονται
1824 3175 1873 3222 τῷ
1896 3174 2019 3222 κακῷ,
2041 3175 2100 3209 τοῦ
2131 3169 2294 3208 διαὸόλου
2322 3171 2425 3208 τοῦτο

1401 3236 1662 3289 τεχνασαμίνου
1688 3235 1772 3285 πρὸς
1793 3233 1854 3276 τὴν
1886 3231 2094 3282 παραμονὴν
2122 3234 2183 3276 τῆς
2212 3229 2336 3281 φλογὸς
2362 3227 2423 3267 καὶ

367 3372 379 3387 “
396 3362 475 3393 η’ᾸῩ·
491 3369 608 3405 ὒῗδκῖἕι
635 3364 834 3407 {vani-‚nun-
853 3369 1066 3401 Ὴυιιι1”.ιιι-ἰΙι·
1082 3375 1108 3412 p.
1128 3369 1394 3414 νιποτριποριιιγ.)
1441 3371 1455 3393 ¹·
1483 3365 1583 3400 sunt.
1605 3371 1651 3399 ι-ιὶ
1669 3368 1864 3409 tarsu-3501
1883 3361 2117 3407 μὶ.ζ[“1ιιτιί.1
