2513 3871
165 824 271 852 Olunta.
293 823 343 864 ts..

159 2520 252 2547 ,luel-ai
267 2526 334 2548 ta-rn-

147 2562 229 2596 plum
285 2574 313 2588 ιι·
325 2580 333 2585 .

150 2609 280 2629 *intrare

147 2653 202 2669 uun
227 2650 331 2680 puteu-

148 2693 214 2711 ruint

369 267 459 326 708

363 361 575 399 blimitatem
595 359 695 410 erigi.
717 358 762 396 Et
780 359 847 396 hoc
863 358 1071 397 vaticinium
1083 388 1093 406 ,
1110 359 1206 410 quod
1223 372 1318 397 nunc

360 421 524 460 dicturus
543 434 637 468 sum,
661 418 829 457 idoneum
847 428 899 457 est
918 419 965 457 ad
983 419 1165 458 dictorum
1185 420 1260 459 vim
1281 430 1318 459 et

361 481 544 519 veritatem
561 478 924 518 commonstrandam.
945 479 1140 527 Quodnam
1156 490 1208 519 est
1223 480 1314 519 illud

359 540 598 579 vaticinium?
624 540 716 577 Cum
738 541 918 591 ingressus
943 541 1138 593 aliquando
1162 551 1251 580 esset
1277 542 1314 581 in

359 601 530 654 templum
549 600 764 648 Judaicum,
781 609 865 639 tunc
884 601 1035 649 florens,
1054 617 1141 641 auro
1161 603 1314 654 fulgens,

360 675 494 701 necnon
510 661 780 714 pulchritudine
798 662 1120 715 magnitudineque
1137 663 1314 702 aediflcio-

361 735 454 767 rum,
473 721 543 759 alia
563 734 706 771 quoque
726 719 938 759 instructum
959 722 1054 760 omni
1075 722 1219 762 artificii
1238 735 1314 760 ma-

359 782 526 833 teri-eque
545 781 732 827 varietate,
754 781 967 820 mirantibus
986 782 1177 836 discipulis
1192 813 1201 829 ‚
1222 782 1312 834 qnid

358 841 454 880 dixit
468 841 486 878 3'
499 842 641 880 Nonne
651 840 792 877 vidctis
807 840 888 878 haec
903 843 1032 878 omnia
1047 845 1064 878 Ρ
1080 842 1210 879 Amen
1225 842 1313 878 dico

358 904 487 950 vob1‘5,
509 915 588 939 non
602 902 773 939 manebit
791 900 890 952 Iapis
908 915 1022 949 super
1034 902 1221 953 lapidem,
1236 902 1313 954 ejus

1325 944 1374 969 5⁸0

786 278 824 307 S.
859 279 1045 310 Joauuts
1080 278 1323 309 cumsos‘r.
1365 279 1572 310 Attentet’.
1611 277 1969 311 CONSTANTINOP-

1388 360 1567 412 ταραχὰς,
1581 361 1660 405 τοὺς
1678 360 1844 414 θορύὸους
1863 360 1981 399 καὶτὰ
2000 359 2143 411 κύματα
2161 359 2221 398 καὶ
2239 357 2319 403 τοὺς
2333 372 2412 412 χειή

1387 419 1528 467 μῶνας·
1546 418 1655 466 αὐτὴν
1685 418 1721 458 δὲ
1748 421 1896 471 ὁρῶντες
1920 419 1959 456 οὗ
1989 417 2356 468 καταποντιζομίνην,
2375 419 2415 456 οὐ

1385 479 1599 541 νικωμένηνδ
1624 481 1663 518 οὖ
1691 479 1933 534 κρατουμένην
1947 509 1957 526 ,
1976 481 2015 518 οὗ
2035 478 2271 530 σὸεννυμένην
2284 507 2294 524 ,
2324 478 2417 518 ἀλλὰ

1386 543 1574 588 ἀνθοῦσαν,
1592 540 1828 591 αὐξανομένην
1842 570 1854 589 ,
1873 540 1960 593 πρὸς
1980 542 2096 591 μεῖζον
2122 539 2207 592 ὕψος
2231 539 2416 592 ἐγειρομέ-

1385 619 1462 649 νην.
1483 602 1554 640 Kal
1574 601 1664 648 αὕτη
1684 603 1740 649 δὲ,
1758 602 1802 648 ἣν
1830 601 1950 651 μέλλω
1977 605 2037 639 νῦν
2058 602 2147 655 ἐρεῖν
2162 631 2172 649 ,
2191 600 2336 648 τοιαύτη
2363 600 2416 645 τίς

1384 664 1479 702 ἐστιν
1500 664 1547 707 εἰς
1566 664 1606 702 τὸ
1625 663 1734 708 δεῖξαι
1753 665 1857 702 αὐτοῦ
1882 663 1946 711 τὴν
1967 662 2069 715 ἰσχὺν
2088 663 2149 701 καὶ
2165 662 2229 710 τὴν
2247 663 2414 710 ἀλήθειαν

1383 726 1452 761 τῶν
1484 724 1690 777 εἰρημένων.
1720 725 1754 762 Τ
1758 724 1787 767 ίς
1808 724 1847 764 δέ
1878 726 1971 763 ἐστιν
2001 724 2090 771 αὕτη
2105 740 2115 771 ;
2133 722 2310 763 Εἰσελθὼν
2329 739 2415 763 ποτε

1384 787 1431 828 εἰς
1450 787 1508 824 τὸν
1534 787 1616 824 ναὸν
1635 786 1695 825 τὸν
1710 785 1917 832 Ἰουδαϊκὸν,
1932 787 2102 825 ἀνθοῦντα
2119 786 2198 824 τότε
2216 785 2276 823 καὶ
2294 787 2416 840 πολλῷ

1385 847 1556 886 πάντοθεν
1578 846 1902 897 καταλαμπόμενον
1920 849 1972 899 τῷ
1984 846 2122 899 χρυσίῳ
2139 846 2199 884 καὶ
2218 845 2340 885 κάλλει
2354 845 2415 885 καὶ

1385 908 1523 959 μεγέθει
1545 910 1740 959 οἰκοδομῶν
1755 939 1765 955 ,
1796 909 1923 961 ἔχοντα
1950 909 2009 947 καὶ
2040 908 2103 955 τὴν
2132 907 2241 955 ἄλλην
2273 907 2414 946 ἅπασαν

356 961 632 1002 destructionem
652 962 807 1000 suturam
823 961 1024 1010 declarans,
1043 962 1311 1010 desolationem,
1337 983 1360 1011 Λ
1383 970 1625 1015 πολυτέλειαν,
1639 970 1703 1017 τὴν
1721 970 1792 1009 ἀπὸ
1811 974 1874 1016 τῆς
1892 970 2040 1022 τέχνης,
2061 970 2125 1017 τὴν
2143 968 2214 1008 ἀπὸ
2233 971 2296 1016 τῆς
2310 969 2413 1017 ὕλης,

358 1024 571 1070 vastitatem,
588 1022 742 1068 ruinam,
761 1036 838 1073 qua:
859 1036 952 1060 nunc
974 1023 1211 1076 Jerosolymis
1227 1033 1277 1062 est
1299 1039 1308 1060 :

355 1084 475 1122 omnia
494 1084 589 1122 enim
603 1082 754 1121 aediticia
775 1083 836 1121 illa
858 1084 1026 1135 praeclara
1048 1086 1310 1137 conspicuaque

353 1144 473 1181 diruta
494 1153 592 1182 sunt.
615 1143 728 1182 Vides
750 1143 784 1180 in
807 1153 957 1194 utroque
978 1159 1143 1196 magnam
1162 1154 1195 1183 et
1215 1146 1306 1184 ines·

353 1205 496 1242 sabilem
521 1205 597 1257 ejus
622 1204 829 1256 potentiam,
852 1204 886 1241 in
906 1219 948 1242 eo
968 1205 1064 1256 quod
1089 1219 1125 1243 se
1155 1206 1308 1245 colentes

355 1264 584 1302 {edificaverit
604 1273 638 1301 et
665 1264 827 1311 auxerit,
852 1274 886 1302 et
909 1264 944 1302 in
964 1279 1006 1303 eo
1024 1265 1121 1316 quod
1143 1266 1307 1305 inimicos

353 1340 434 1363 suos
449 1325 707 1370 humiliaverit,
719 1324 954 1372 destruxerit,
970 1326 1212 1379 radicitusque
1227 1342 1307 1366 sus-

354 1384 504 1422 tulerit?
534 1385 716 1435 Nusquam
746 1384 841 1422 enim
872 1383 958 1422 huic
985 1385 1103 1424 simile
1131 1386 1307 1438 templum

352 1455 426 1483 erat
459 1454 529 1483 tam
559 1445 698 1483 celebre
714 1475 724 1493 ‚
757 1454 853 1483 tanto
883 1446 983 1483 cultu
1021 1446 1173 1497 insigne.
1215 1448 1307 1486 Nam

352 1515 526 1557 quotquot
546 1505 680 1556 ubique
700 1520 762 1557 per
782 1505 904 1544 orbem
921 1517 1019 1546 erant
1040 1507 1157 1547 Judaei
1170 1538 1180 1557 ,
1200 1508 1307 1546 etiam

353 1567 388 1604 in
407 1567 539 1604 linibus
560 1576 659 1604 terra:
681 1567 802 1619 positi,
824 1566 916 1605 istuc
931 1569 1016 1607 olim
1031 1570 1309 1622 proficisceban-

354 1636 424 1673 tur,
441 1627 549 1676 dona,
569 1627 712 1674 hostias,
728 1627 940 1672 oblationes,
958 1629 1136 1682 primitias
1148 1638 1182 1669 et
1195 1631 1306 1669 multa

353 1688 420 1726 alia
447 1690 608 1735 serentes,
635 1689 805 1740 orbisque
827 1688 968 1729 divitiis
994 1690 1168 1743 templum
1197 1691 1305 1730 deco-

352 1759 483 1796 rantes,
501 1764 693 1801 omnesque
711 1764 751 1789 eo
767 1751 927 1802 undique
942 1753 1170 1791 confluebant
1189 1752 1306 1792 Judaei

351 1811 497 1849 adven-‘e
515 1828 522 1848 :
544 1811 697 1850 multum
718 1820 793 1849 erat
813 1811 880 1850 loci
901 1826 1050 1860 nomen,
1071 1823 1105 1851 et
1129 1828 1242 1865 usque
1261 1813 1307 1852 ad

350 1881 508 1910 extrema
522 1872 620 1910 orbis
637 1882 859 1924 pervenerat.
873 1874 944 1912 Sed
960 1889 1070 1912 unum
1086 1875 1220 1914 Christi
1235 1890 1308 1914 ver-

351 1933 438 1970 bum
463 1933 522 1970 illa
543 1933 661 1971 omnia
676 1932 853 1971 delevitet
868 1934 1044 1986 perdidit,
1060 1951 1100 1973 ac
1124 1946 1307 1987 tamquam

350 1993 537 2046 pulverem
560 1993 606 2032 de
626 1993 744 2032 medio
767 1996 924 2033 sustulit.
947 1999 997 2034 Ac
1015 2012 1086 2048 quo
1106 2012 1149 2036 nc
1168 1997 1306 2037 ,ludaeis

350 2053 495 2104 quidem
510 2054 689 2101 omnibus,
711 2054 781 2092 imo
804 2070 866 2093 nec
882 2056 1144 2106 sacerdotibus,
1161 2058 1222 2097 sed
1238 2059 1304 2102 soli

349 2129 489 2152 summo
511 2114 682 2154 sacerdoti
701 2115 838 2167 ingredi
860 2118 1002 2166 licebat,
1022 2118 1129 2170 idque
1145 2121 1253 2158 semel
1270 2121 1304 2159 in

348 2190 440 2214 anno
452 2185 603 2222 tantum,
617 2190 698 2214 cum
711 2176 813 2225 stola,
828 2179 968 2217 coronis
980 2189 1012 2217 ct
1027 2181 1148 2225 mitra,
1162 2182 1305 2232 alioque

348 2251 450 2276 sacro
471 2237 698 2285 vestimento;
721 2252 814 2276 nunc
835 2248 867 2277 et
887 2241 1010 2279 scortis
1030 2251 1063 2279 et
1082 2243 1252 2282 mollibus
1271 2253 1304 2282 et

347 2299 559 2336 effeminatis
577 2307 612 2336 et
634 2299 781 2337 moechis
799 2308 894 2351 patet
917 2301 1036 2339 aditus
1057 2304 1198 2342 nemine
1218 2318 1304 2357 pro-

350 2359 504 2399 bibente.
533 2360 623 2397 Nam
647 2369 685 2397 ut
706 2359 855 2398 verbum
882 2361 972 2400 illud
992 2362 1156 2410 advenit,
1184 2366 1301 2404 omnia

349 2420 482 2459 delevit
499 2430 532 2458 et
550 2420 695 2458 sustulit
713 2437 720 2457 :
737 2430 947 2474 tantumque
961 2423 1006 2463 de
1025 2426 1159 2478 templo
1178 2441 1303 2479 super-

351 2491 419 2526 est,
450 2491 621 2533 quantum
647 2482 731 2520 satis
749 2492 800 2520 est
831 2493 868 2522 ut
895 2485 1121 2536 ostendatur,
1154 2487 1302 2526 ubinam

352 2543 523 2595 templum
543 2543 628 2580 olim
649 2552 749 2581 esset.
771 2544 895 2596 Cogita
916 2560 1000 2598 ergo
1019 2557 1160 2598 quanta)
1180 2558 1214 2587 et
1235 2549 1303 2587 hoc

352 2603 395 2641 sit
414 2604 570 2642 virtutis.
590 2604 729 2642 Etenim
744 2605 804 2655 qui
817 2606 903 2644 olim
921 2616 991 2646 tam
1009 2619 1168 2661 potentes
1185 2620 1298 2658 erant,

348 2663 408 2713 qui
431 2672 550 2713 gentes
564 2673 597 2701 et
617 2678 716 2715 reges
730 2666 960 2717 superabant,
983 2668 1045 2720 qui
1063 2670 1198 2721 absque
1216 2685 1301 2709 san—

349 2725 454 2775 guine
465 2725 676 2777 plerumque
688 2725 894 2775 vincebant,
907 2738 1106 2783 troiiaeaque
1117 2731 1300 2771 innumera

349 2799 436 2821 nova
452 2795 483 2822 et
495 2785 722 2824 admirabilia
734 2787 933 2838 erigebant,
949 2790 984 2827 bi
1001 2793 1173 2845 templum
1189 2808 1299 2832 unum

350 2845 394 2881 ab
417 2846 476 2882 illo
497 2861 609 2897 usque
627 2847 674 2886 ad
695 2848 760 2885 boc
781 2858 921 2902 tempus
942 2851 1122 2892 :edificare
1140 2868 1209 2893 non
1229 2869 1298 2907 po-

351 2915 491 2943 tueruut
512 2909 697 2957 :quamvis
716 2918 763 2947 tot
780 2924 877 2960 teges
889 2911 1018 2951 fuerint
1032 2915 1093 2964 qui
1112 2915 1184 2954 illis
1194 2930 1299 2969 opem

351 2968 476 3003 ferrent
490 2997 498 3012 ,
523 2977 686 3019 tantaque
708 2970 902 3010 inultitndo
924 2988 985 3025 per
1005 2975 1128 3014 orbem
1147 2977 1295 3027 diffusa,

352 3036 469 3077 totque
489 3029 716 3078 pecuniarum
741 3046 826 3082 opes
852 3032 1026 3074 adessent.
1049 3036 1178 3075 Viden'
1201 3052 1295 3090 quo-

353 3086 455 3122 modo
477 3101 557 3136 qua:
583 3088 642 3126 ille
667 3089 873 3137 wdilicavit,
905 3107 1007 3134 nemo
1035 3096 1236 3145 destruxit,
1263 3108 1297 3138 et

352 3160 428 3194 qua-
450 3147 510 3184 illc
523 3149 714 3197 destruxit,
731 3166 831 3191 nemo
847 3155 1040 3195 :edificavit
1056 3159 1073 3195 Ξ)
1090 3158 1298 3200 AEdificavit

355 3206 558 3252 l‘Lcclesiam,
581 3219 613 3247 et
635 3225 737 3249 nemo
759 3213 869 3265 ipsam
890 3216 1071 3257 destrucre
1092 3221 1299 3273 possit;de-

354 3268 480 3305 struxit
518 3272 707 3322 templum,
740 3283 773 3312 et
808 3290 909 3315 nemo
945 3280 1062 3331 ipsum
1102 3293 1298 3323 restaurare

354 3327 459 3366 valet.
490 3328 594 3378 idque
620 3340 687 3369 tam
712 3333 883 3375 diuturno
916 3348 1073 3392 tempore
1095 3358 1103 3379 ε
1132 3346 1298 3395 quamvis

354 3388 448 3423 illam
468 3387 646 3427 ‹lesteuere
665 3398 887 3441 tentaverint,
908 3414 976 3438 non
999 3412 1143 3452 potuere
1163 3414 1296 3450 tmueu:

353 3461 514 3494 ‘puatuvts
533 3451 595 3486 lum·
613 3451 728 3489 ‹lc-nna»
747 3457 898 3494 euitare
916 3463 1029 3498 cunm
1051 3464 1134 3507 qm·
1159 3466 1192 3503 Μ
1214 3467 1295 3504 ssu-

1323 3176 1346 3206 1)

1383 1029 1445 1068 καὶ
1477 1033 1548 1069 τῶν
1581 1034 1746 1081 μαθητῶν
1776 1031 2068 1081 ἐκπληττομένων
2082 1061 2092 1078 ,
2111 1029 2147 1068 τί
2176 1045 2282 1082 φησιν
2297 1045 2308 1077 ;
2331 1031 2414 1082 Οὐχ

1381 1094 1483 1141 ὁρᾶτε
1503 1096 1613 1130 ταῦτα
1636 1091 1773 1136 πάντας
1790 1092 1899 1142 Ἀμὴν
1928 1092 2020 1143 λέγω
2049 1095 2152 1143 ὑμῖν,
2173 1094 2212 1130 οὐ
2232 1091 2282 1143 μὴ
2304 1091 2408 1142 μείνῃ

1381 1147 1449 1190 ὧδε
1468 1152 1562 1195 λίθος
1584 1153 1642 1190 ἐπὶ
1656 1153 1764 1191 λίθον·
1784 1153 1848 1199 τὴν
1870 1152 1960 1203 μετὰ
1975 1156 2087 1191 ταῦτα
2108 1155 2213 1191 αὐτοῦ
2232 1167 2416 1191 κατασκα-

1381 1213 1448 1263 φὴν
1465 1214 1582 1259 δηλῶν
1594 1242 1603 1260 ,
1623 1213 1688 1259 τὴν
1714 1213 1976 1265 πανωλεθρίαν,
1994 1214 2058 1260 τὴν
2079 1213 2248 1266 ἐρημίαν,
2265 1213 2306 1252 τὸ
2325 1214 2416 1266 ἐρεί-

1380 1288 1458 1312 πιον
1478 1274 1518 1312 τὸ
1532 1277 1590 1311 νῦν
1609 1275 1644 1310 ἐν
1665 1273 1933 1325 Ἱεροσολύμοις·
1950 1275 2010 1312 καὶ
2030 1274 2098 1326 γὰρ
2120 1273 2273 1326 ἐρείπων
2294 1277 2411 1314 ἐκεῖνα

1380 1333 1424 1372 τὰ
1439 1335 1588 1386 λαμπρὰ
1601 1334 1661 1372 καὶ
1673 1337 1847 1386 περιφανῆ
1861 1336 2000 1386 γέγονεν
2016 1334 2283 1386 οἰκοδομήματα
2301 1335 2414 1373 ἅπαν·

1379 1411 1437 1433 τα.
1458 1389 1559 1438 Εἶδες
1578 1396 1613 1433 ἐν
1635 1394 1793 1447 ἑκατέρῳ
1817 1396 1974 1447 μεγάλην
1996 1398 2100 1434 αὐτοῦ
2119 1396 2180 1433 καὶ
2199 1395 2331 1448 ἄφατον
2346 1395 2412 1443 τὴν

1382 1455 1498 1508 ἰσχὺν,
1515 1458 1551 1494 ἐν
1570 1459 1620 1509 τῷ
1642 1455 1722 1500 τοὺς
1745 1456 2000 1507 θεραπεύοντας
2019 1456 2122 1495 αὐτὸν
2141 1456 2336 1507 οἰκοδομεῖν
2353 1456 2413 1496 καὶ

1383 1517 1497 1562 αὔξειν
1513 1548 1523 1566 ,
1539 1521 1574 1558 ἐν
1594 1521 1645 1571 τῷ
1659 1518 1739 1562 τοὺς
1757 1519 2084 1569 προσκεκρουκότας
2104 1516 2150 1562 εἰς
2165 1518 2270 1557 αὐτὸν
2289 1534 2413 1557 ταπει-

1382 1583 1458 1618 νοῦν
1476 1580 1536 1618 καὶ
1561 1580 1696 1618 ὀλλύειν
1720 1580 1782 1618 καὶ
1802 1579 2007 1632 προῤῥίζους
2029 1580 2214 1633 ἀνασπᾷν;
2233 1580 2325 1619 Οὗδέ
2342 1579 2412 1632 γὰρ

1381 1635 1424 1687 ἦν
1445 1642 1606 1691 οὐδαμῶς
1620 1644 1638 1679 ὁ
1650 1641 1730 1684 ναὸς
1746 1644 1916 1687 τοιοῦτος,
1935 1641 2013 1679 οὐδὲ
2033 1640 2142 1684 οὕτως
2162 1641 2333 1692 ἀοίδιμος,
2350 1641 2411 1680 καὶ

1381 1703 1553 1748 τοσαύτης
1576 1703 1764 1741 ἀπολαύων
1782 1703 1980 1754 θεραπείας.
2000 1706 2047 1742 Οἱ
2063 1703 2133 1757 γὰρ
2148 1706 2329 1756 πανταχοῦ
2344 1706 2411 1755 γῆς

1380 1767 1554 1807 οἰκοῦντες
1566 1764 1741 1812 Ἰουδαῖοι,
1754 1765 1813 1802 καὶ
1834 1765 1919 1815 πρὸς
1940 1764 2030 1803 αὐτὰ
2043 1768 2108 1811 τῆς
2119 1767 2184 1816 γῆς
2203 1763 2246 1803 τὰ
2258 1764 2408 1817 πέρατα,

1380 1827 1493 1864 ἐκεῖσε
1524 1827 1732 1877 ἀφικνοῦντο
1750 1825 1790 1863 τὸ
1809 1826 2088 1879 παλαιὸν,δῶρα
2116 1825 2176 1864 καὶ
2206 1826 2324 1868 θυσίας
2348 1827 2408 1865 καὶ

1380 1886 1583 1938 προσφορὰς
1613 1886 1672 1924 καὶ
1703 1886 1867 1939 ἀπαρχὰς
1887 1887 1946 1925 καὶ
1965 1886 2080 1925 πολλὰ
2100 1887 2202 1938 ἔτερα
2229 1887 2408 1940 φέροντες,

1381 1947 1441 1985 καὶ
1470 1950 1521 1999 τῷ
1550 1950 1613 1994 τῆς
1645 1947 1851 1997 οἰκουμένης
1873 1948 2012 1998 πλούτῳ
2041 1949 2322 1993 καλλωπίζοντες
2349 1949 2408 1988 τὸν

1381 2009 1472 2048 ναόν·
1486 2008 1546 2047 καὶ
1559 2009 1687 2052 πάντες
1699 2011 1770 2048 ἐκεῖ
1787 2009 1966 2062 συνέῤῥεον
1986 2012 2017 2048 οἰ
2031 2009 2252 2062 πανταχόθεν
2263 2009 2410 2049 'husat-

1380 2087 1413 2108 οι
1432 2070 1659 2123 προσήλυτοι,
1673 2070 1733 2108 καὶ
1753 2069 1842 2108 πολὺ
1860 2064 1902 2117 ἧν
1922 2071 1962 2109 τὸ
1978 2071 2089 2121 ὄνομα
2107 2075 2167 2110 τοῦ
2185 2070 2308 2116 τόπου,
2322 2070 2410 2122 πρὸς

1381 2131 1486 2176 αὐτὰς
1507 2134 1570 2177 τῆς
1588 2132 1795 2183 οἰκουμένης
1816 2131 1878 2174 τὰς
1901 2132 2071 2184 ἐσχατιὰς
2103 2132 2243 2185 φθάνον.
2259 2132 2353 2171 Ἀλλ’
2372 2132 2410 2171 ἓν

1381 2194 1477 2243 ῥῆμα
1496 2194 1556 2230 τοῦ
1577 2191 1731 2243 Χριστοῦ
1744 2191 1862 2229 πάντα
1875 2193 1990 2229 ἐκεῖνα
2003 2191 2150 2243 ἠφάνισε
2162 2191 2222 2230 καὶ
2234 2190 2409 2236 ἀπώλεσε,

1379 2253 1439 2290 καὶ
1458 2251 1578 2302 ὥσπερ
1598 2252 1775 2304 κονιορτὸν
1794 2253 1834 2290 ἐκ
1854 2253 1962 2302 μέσου
1990 2253 2150 2303 γενέσθαι
2171 2252 2334 2299 ἐποίησε·
2347 2254 2408 2292 καὶ

1378 2314 1459 2352 ἔνθα
1471 2313 1550 2352 οὐδὲ
1560 2313 1742 2356 Ἰουδαίοις
1755 2313 1882 2358 ἅπασι,
1898 2315 2033 2364 μᾶλλον
2049 2314 2086 2353 δὲ
2103 2313 2180 2353 οὐδὲ
2193 2319 2266 2358 τοῖς
2277 2317 2408 2366 ἱερεῦσι

1377 2382 1500 2422 πᾶσιν,
1515 2376 1592 2414 ἀλλ’
1611 2376 1660 2413 ἑνὶ
1688 2375 1784 2428 μόνῳ
1803 2377 1853 2428 τῷ
1881 2374 1945 2423 τὴν
1967 2376 2229 2429 ἀρχιερωσύνην
2260 2376 2408 2429 λαχόντι

1378 2437 1523 2475 εἰσιέναι
1543 2436 1636 2483 ἐξῆν,
1657 2436 1717 2475 καὶ
1738 2440 1840 2476 τοῦτο
1856 2436 1950 2481 ἅπαξ
1968 2440 2028 2475 τοῦ
2050 2439 2209 2477 ἐνιαυτοῦ
2223 2437 2328 2488 μόνον
2344 2452 2408 2488 με·

1377 2498 1421 2536 τὰ
1439 2499 1565 2544 στολῆς
1585 2498 1644 2536 καὶ
1665 2497 1845 2550 στεφάνων
1866 2498 1926 2536 καὶ
1945 2498 2085 2550 μίτρας,
2100 2498 2160 2537 καὶ
2179 2499 2299 2552 ἑτέρας
2317 2498 2409 2542 τινὸς

1377 2562 1520 2604 ἐσθῆτος
1534 2561 1642 2611 ἱερᾶς,
1658 2561 1718 2596 νῦν
1737 2559 1797 2596 καὶ
1817 2558 1957 2611 πόρνοις
1976 2560 2036 2597 καὶ
2052 2561 2224 2610 μαλακοῖς
2236 2559 2296 2597 καὶ
2308 2562 2407 2606 ἠται·

1379 2621 1503 2672 ρηκόσι
1520 2620 1579 2658 καὶ
1599 2627 1737 2671 μοιχοῖς
1755 2619 1887 2663 ἔξεστιν
1907 2619 2120 2666 ἐπιὸαίνειν,
2137 2620 2197 2658 καὶ
2218 2622 2237 2658 ὁ
2257 2620 2404 2659 κωλύων

1377 2681 1504 2726 οὐδείς·
1529 2682 1568 2719 τὸ
1599 2681 1668 2733 γὰρ
1692 2683 1789 2732 ῥῆμα
1808 2683 1919 2719 ε’κεὶνο
1947 2681 2090 2719 ἐπελθὸν
2119 2681 2237 2720 πάντα
2256 2681 2403 2734 ἠφάνισε

1376 2742 1435 2781 καὶ
1464 2743 1633 2781 κατέλυσε
1645 2757 1653 2765 ·
1684 2742 1743 2779 καὶ
1777 2746 1938 2780 τοσοῦτον
1975 2741 2073 2791 με’νει
2101 2745 2162 2779 τοῦ
2189 2745 2273 2780 ναοῦ
2287 2772 2296 2790 ,
2324 2744 2403 2781 ὅσον

1374 2804 1482 2848 δεῖξαι
1511 2803 1592 2841 ἔνθα
1622 2797 1664 2848 ἦν
1690 2806 1708 2841 ὁ
1731 2802 1810 2845 ναὸς
1830 2802 1869 2841 τὸ
1888 2802 2055 2842 παλαιόν.
2078 2802 2267 2851 Ἐννόησον
2289 2804 2402 2843 τοίνυν

1373 2865 1483 2912 πόσης
1493 2865 1663 2903 καὶτοῦτο
1675 2864 1869 2914 δυνάμεως.
1884 2866 1931 2901 Οἱ
1941 2863 2009 2915 γὰρ
2023 2868 2176 2902 τοσαῦτα
2190 2864 2402 2912 δυνηθέντες,

1372 2926 1430 2966 καὶ
1446 2928 1553 2966 ἐθνῶν
1569 2926 1629 2965 καὶ
1645 2926 1820 2976 βασιλέων
1840 2924 2102 2977 περιγενόμενοι
2116 2953 2126 2970 ,
2142 2926 2203 2964 καὶ
2223 2922 2402 2976 ἀναιμωτὶ

1370 2989 1551 3040 πολλαχοῦ
1575 2987 1739 3037 πολέμων
1759 2986 1997 3038 κρατήσαντες
2011 3015 2020 3032 ,
2038 2986 2097 3024 καὶ
2115 2987 2268 3039 τρόπαια
2289 2987 2399 3038 μυρία

1372 3049 1563 3096 στήσαντες
1595 3049 1698 3087 καινὰ
1724 3048 1784 3086 καὶ
1810 3047 2012 3098 παράδοξα,
2033 3041 2129 3086 οὗτοι
2161 3047 2243 3086 ναὸν
2267 3046 2330 3086 ἵνα
2364 3047 2399 3093 ἐξ

1371 3110 1501 3149 ἐκείνου
1526 3111 1631 3163 μέχρι
1651 3113 1712 3157 τῆς
1732 3109 1886 3160 σήμερον
1902 3109 2132 3158 οἰκοδομῆσαι
2150 3108 2213 3146 οὐκ
2232 3107 2395 3160 ἴσχυσαν·

1371 3173 1551 3211 καὶταῦτα
1563 3172 1736 3211 τοσούτων
1750 3169 1921 3221 βασιλέων
1930 3168 2126 3219 γενομένων
2139 3168 2197 3206 καὶ
2212 3183 2392 3221 συμπρατ·

1370 3233 1500 3271 τόντων
1518 3233 1645 3277 αὐτοῖς,
1661 3231 1722 3270 καὶ
1739 3230 1892 3276 πλήθους
1910 3229 2073 3268 τοσούτου
2087 3228 2178 3267 κατὰ
2197 3229 2262 3275 τὴν
2281 3230 2397 3268 οἰκου’-

1371 3293 1478 3344 με’νην
1494 3292 1770 3346 κεχυμένουααὶ
1788 3290 1985 3344 χρημάτων
2002 3289 2175 3328 τοσούτων
2195 3291 2310 3333 αὐτοῖς
2328 3304 2398 3329 πα-

1372 3355 1514 3406 ρόντων.
1540 3350 1639 3398 Εἶδες
1658 3357 1732 3397 πῶς
1750 3354 1841 3404 ὅπερ
1859 3352 2097 3404 ιξικοδόμησεν,
2115 3352 2223 3395 οὐδεὶς
2244 3352 2395 3394 καθεῖλε,

1371 3415 1430 3454 καὶ
1454 3415 1543 3466 ἅπερ
1576 3417 1732 3454 καθεῖλεν
1745 3445 1754 3460 ,
1771 3414 1880 3456 οὐδεὶς
1902 3413 2151 3464 ᾠκοδόμησεη
2171 3410 2394 3466 ’ῼκοδόμησε

1375 3476 1434 3521 τὴν
1458 3476 1754 3520 ‘linxit-minam
1770 3474 1877 3513 οὐδεὶς
1893 3474 1997 3515 αὐτὴν
2014 3475 2169 3510 καθελεῖν
2189 3473 2319 3510 δύναιτ’
2339 3474 2392 3509 ἅν·
