<?xml version="1.0" encoding="UTF-8"?>
<!DOCTYPE html PUBLIC "-//W3C//DTD XHTML 1.0 Transitional//EN"
    "http://www.w3.org/TR/xhtml1/DTD/xhtml1-transitional.dtd">
<html xmlns="http://www.w3.org/1999/xhtml" xml:lang="en" lang="en">
 <head>
  <title>
</title>
<meta http-equiv="Content-Type" content="text/html;charset=utf-8" />
  <meta name='ocr-system' content='tesseract 3.04.00' />
  <meta name='ocr-capabilities' content='ocr_page ocr_carea ocr_par ocr_line ocrx_word'/>
</head>
<body>
  <div class='ocr_page' id='page_1' title='image "./operaomniaquaeex01johnuoft/operaomniaquaeex01johnuoft_0092.png"; bbox 0 0 2513 3871; ppageno 0'>
   <div class='ocr_carea' id='block_1_1' title="bbox 69 1072 255 1148">
    <p class='ocr_par' dir='ltr' id='par_1_1' title="bbox 69 1072 255 1148">
     <span class='ocr_line' id='line_1_1' title="bbox 70 1072 255 1114; baseline -0.016 -9"><span class='ocrx_word' id='word_1_1' title='bbox 70 1074 185 1105; x_wconf 69' lang='lat' dir='ltr'>nauh.</span> <span class='ocrx_word' id='word_1_2' title='bbox 204 1072 255 1114; x_wconf 56' lang='lat'>²4·</span> 
     </span>
     <span class='ocr_line' id='line_1_2' title="bbox 69 1127 120 1148; baseline -0.039 0"><span class='ocrx_word' id='word_1_3' title='bbox 69 1127 120 1148; x_wconf 67' lang='grc' dir='ltr'>ιιι.</span> 
     </span>
    </p>
   </div>
   <div class='ocr_carea' id='block_1_2' title="bbox 65 1628 256 1791">
    <p class='ocr_par' dir='ltr' id='par_1_2' title="bbox 65 1628 256 1791">
     <span class='ocr_line' id='line_1_3' title="bbox 78 1628 256 1667; baseline 0.006 -11"><span class='ocrx_word' id='word_1_4' title='bbox 78 1628 200 1667; x_wconf 73' lang='lat' dir='ltr'>loseph.</span> <span class='ocrx_word' id='word_1_5' title='bbox 218 1630 256 1657; x_wconf 76' lang='lat' dir='ltr'>&lt;lc</span> 
     </span>
     <span class='ocr_line' id='line_1_4' title="bbox 66 1670 256 1698; baseline -0.005 0"><span class='ocrx_word' id='word_1_6' title='bbox 66 1670 156 1698; x_wconf 71' lang='lat' dir='ltr'>Bello</span> <span class='ocrx_word' id='word_1_7' title='bbox 201 1672 256 1698; x_wconf 84' lang='grc' dir='ltr'>,Ιιι-</span> 
     </span>
     <span class='ocr_line' id='line_1_5' title="bbox 65 1712 252 1743; baseline 0.005 -5"><span class='ocrx_word' id='word_1_8' title='bbox 65 1713 170 1743; x_wconf 66' lang='lat' dir='ltr'>«lazico,</span> <span class='ocrx_word' id='word_1_9' title='bbox 197 1712 252 1739; x_wconf 80' lang='grc' dir='ltr'>ΙιΙι.</span> 
     </span>
     <span class='ocr_line' id='line_1_6' title="bbox 65 1751 252 1791; baseline 0 -9"><span class='ocrx_word' id='word_1_10' title='bbox 65 1753 164 1791; x_wconf 50' lang='lat' dir='ltr'>(lm-7.</span> <span class='ocrx_word' id='word_1_11' title='bbox 181 1751 252 1782; x_wconf 72' lang='grc'><strong>818.</strong></span> 
     </span>
    </p>
   </div>
   <div class='ocr_carea' id='block_1_3' title="bbox 276 190 337 238">
    <p class='ocr_par' dir='ltr' id='par_1_3' title="bbox 276 190 337 238">
     <span class='ocr_line' id='line_1_7' title="bbox 276 190 337 238; baseline 0.033 -2"><span class='ocrx_word' id='word_1_12' title='bbox 276 190 337 238; x_wconf 82' lang='lat'>62</span> 
     </span>
    </p>
   </div>
   <div class='ocr_carea' id='block_1_4' title="bbox 261 285 1235 3148">
    <p class='ocr_par' dir='ltr' id='par_1_4' title="bbox 268 285 1234 1628">
     <span class='ocr_line' id='line_1_8' title="bbox 274 285 1233 336; baseline -0.002 -8"><span class='ocrx_word' id='word_1_13' title='bbox 274 289 440 336; x_wconf 85' lang='lat' dir='ltr'>videatis,</span> <span class='ocrx_word' id='word_1_14' title='bbox 459 296 593 326; x_wconf 76' lang='lat' dir='ltr'>tantam</span> <span class='ocrx_word' id='word_1_15' title='bbox 611 285 812 325; x_wconf 81' lang='lat' dir='ltr'>exhibeatis</span> <span class='ocrx_word' id='word_1_16' title='bbox 826 285 1137 324; x_wconf 76' lang='lat' dir='ltr'><strong>inhumanitatem.</strong></span> <span class='ocrx_word' id='word_1_17' title='bbox 1156 286 1233 326; x_wconf 87' lang='lat' dir='ltr'>Hoc</span> 
     </span>
     <span class='ocr_line' id='line_1_9' title="bbox 273 347 1234 400; baseline -0.005 -9"><span class='ocrx_word' id='word_1_18' title='bbox 273 360 306 390; x_wconf 85' lang='lat' dir='ltr'>et</span> <span class='ocrx_word' id='word_1_19' title='bbox 315 350 430 391; x_wconf 85' lang='lat' dir='ltr'>Judaei</span> <span class='ocrx_word' id='word_1_20' title='bbox 441 350 526 387; x_wconf 89' lang='lat' dir='ltr'>olim</span> <span class='ocrx_word' id='word_1_21' title='bbox 537 349 692 386; x_wconf 86' lang='lat' dir='ltr'>fecerunt</span> <span class='ocrx_word' id='word_1_22' title='bbox 702 361 710 383; x_wconf 90' lang='lat'>:</span> <span class='ocrx_word' id='word_1_23' title='bbox 721 361 802 385; x_wconf 81' lang='lat' dir='ltr'>nam</span> <span class='ocrx_word' id='word_1_24' title='bbox 810 347 988 400; x_wconf 89' lang='lat' dir='ltr'>apostolos</span> <span class='ocrx_word' id='word_1_25' title='bbox 995 347 1234 400; x_wconf 86' lang='lat' dir='ltr'>prohibebant</span> 
     </span>
     <span class='ocr_line' id='line_1_10' title="bbox 274 408 1232 460; baseline -0.002 -9"><span class='ocrx_word' id='word_1_26' title='bbox 274 426 318 451; x_wconf 88' lang='lat' dir='ltr'>ne</span> <span class='ocrx_word' id='word_1_27' title='bbox 331 410 539 449; x_wconf 86' lang='lat' dir='ltr'>hominibus</span> <span class='ocrx_word' id='word_1_28' title='bbox 556 409 725 447; x_wconf 84' lang='lat' dir='ltr'>salutaria</span> <span class='ocrx_word' id='word_1_29' title='bbox 741 408 988 460; x_wconf 83' lang='lat' dir='ltr'>loquerentur.</span> <span class='ocrx_word' id='word_1_30' title='bbox 1012 413 1059 446; x_wconf 82' lang='lat' dir='ltr'>At</span> <span class='ocrx_word' id='word_1_31' title='bbox 1078 423 1143 448; x_wconf 79' lang='lat' dir='ltr'>vos</span> <span class='ocrx_word' id='word_1_32' title='bbox 1160 410 1232 449; x_wconf 90' lang='lat' dir='ltr'>illis</span> 
     </span>
     <span class='ocr_line' id='line_1_11' title="bbox 273 468 1231 511; baseline 0.001 -1"><span class='ocrx_word' id='word_1_33' title='bbox 273 473 379 510; x_wconf 85' lang='lat' dir='ltr'>etiam</span> <span class='ocrx_word' id='word_1_34' title='bbox 399 471 592 509; x_wconf 86' lang='lat' dir='ltr'>deteriores</span> <span class='ocrx_word' id='word_1_35' title='bbox 602 468 699 508; x_wconf 87' lang='lat' dir='ltr'>estis.</span> <span class='ocrx_word' id='word_1_36' title='bbox 713 469 772 507; x_wconf 81' lang='lat' dir='ltr'>Illi</span> <span class='ocrx_word' id='word_1_37' title='bbox 790 470 885 508; x_wconf 89' lang='lat' dir='ltr'>enim</span> <span class='ocrx_word' id='word_1_38' title='bbox 909 483 991 507; x_wconf 90' lang='lat' dir='ltr'>eum</span> <span class='ocrx_word' id='word_1_39' title='bbox 1010 483 1047 508; x_wconf 85' lang='lat' dir='ltr'>se</span> <span class='ocrx_word' id='word_1_40' title='bbox 1068 469 1231 511; x_wconf 88' lang='lat' dir='ltr'>inimicos</span> 
     </span>
     <span class='ocr_line' id='line_1_12' title="bbox 273 530 1232 586; baseline 0.004 -16"><span class='ocrx_word' id='word_1_41' title='bbox 273 533 542 586; x_wconf 85' lang='lat' dir='ltr'>profiterentur,</span> <span class='ocrx_word' id='word_1_42' title='bbox 552 531 604 570; x_wconf 90' lang='lat' dir='ltr'>sic</span> <span class='ocrx_word' id='word_1_43' title='bbox 616 530 735 570; x_wconf 84' lang='lat' dir='ltr'>omnia</span> <span class='ocrx_word' id='word_1_44' title='bbox 750 530 811 569; x_wconf 85' lang='lat' dir='ltr'>illa</span> <span class='ocrx_word' id='word_1_45' title='bbox 826 531 1001 569; x_wconf 80' lang='lat' dir='ltr'>faciebant</span> <span class='ocrx_word' id='word_1_46' title='bbox 1013 547 1022 568; x_wconf 75' lang='grc' dir='ltr'>ε</span> <span class='ocrx_word' id='word_1_47' title='bbox 1035 545 1098 570; x_wconf 91' lang='lat' dir='ltr'>nos</span> <span class='ocrx_word' id='word_1_48' title='bbox 1113 543 1232 574; x_wconf 84' lang='lat' dir='ltr'>autem</span> 
     </span>
     <span class='ocr_line' id='line_1_13' title="bbox 272 592 1232 646; baseline 0.002 -14"><span class='ocrx_word' id='word_1_49' title='bbox 272 594 439 632; x_wconf 77' lang='lat' dir='ltr'>ementita</span> <span class='ocrx_word' id='word_1_50' title='bbox 448 593 647 631; x_wconf 81' lang='lat' dir='ltr'>amicorum</span> <span class='ocrx_word' id='word_1_51' title='bbox 660 606 823 646; x_wconf 81' lang='lat' dir='ltr'>persona,</span> <span class='ocrx_word' id='word_1_52' title='bbox 835 592 998 630; x_wconf 87' lang='lat' dir='ltr'>inimicos</span> <span class='ocrx_word' id='word_1_53' title='bbox 1010 607 1072 632; x_wconf 84' lang='lat' dir='ltr'>vos</span> <span class='ocrx_word' id='word_1_54' title='bbox 1084 594 1232 634; x_wconf 83' lang='lat' dir='ltr'>exbibe-</span> 
     </span>
     <span class='ocr_line' id='line_1_14' title="bbox 272 654 1231 707; baseline 0.003 -14"><span class='ocrx_word' id='word_1_55' title='bbox 272 655 330 694; x_wconf 83' lang='lat' dir='ltr'>tis.</span> <span class='ocrx_word' id='word_1_56' title='bbox 342 655 401 694; x_wconf 85' lang='lat' dir='ltr'>llti</span> <span class='ocrx_word' id='word_1_57' title='bbox 416 664 554 693; x_wconf 82' lang='lat' dir='ltr'>sanctos</span> <span class='ocrx_word' id='word_1_58' title='bbox 568 655 744 707; x_wconf 87' lang='lat' dir='ltr'>apostolos</span> <span class='ocrx_word' id='word_1_59' title='bbox 756 654 980 701; x_wconf 83' lang='lat' dir='ltr'>verberibus,</span> <span class='ocrx_word' id='word_1_60' title='bbox 991 656 1231 706; x_wconf 83' lang='lat' dir='ltr'>contumeliis,</span> 
     </span>
     <span class='ocr_line' id='line_1_15' title="bbox 272 717 1232 770; baseline 0.002 -15"><span class='ocrx_word' id='word_1_61' title='bbox 272 717 466 768; x_wconf 80' lang='lat' dir='ltr'>ignominia</span> <span class='ocrx_word' id='word_1_62' title='bbox 482 717 972 770; x_wconf 79' lang='lat' dir='ltr'>affecerunt‚praestigiatores</span> <span class='ocrx_word' id='word_1_63' title='bbox 985 731 1044 756; x_wconf 89' lang='lat' dir='ltr'>eos</span> <span class='ocrx_word' id='word_1_64' title='bbox 1057 727 1164 770; x_wconf 81' lang='lat' dir='ltr'>atque</span> <span class='ocrx_word' id='word_1_65' title='bbox 1177 733 1232 758; x_wconf 88' lang='lat' dir='ltr'>se·</span> 
     </span>
     <span class='ocr_line' id='line_1_16' title="bbox 273 777 1230 831; baseline 0.002 -14"><span class='ocrx_word' id='word_1_66' title='bbox 273 777 438 817; x_wconf 87' lang='lat' dir='ltr'>ductores</span> <span class='ocrx_word' id='word_1_67' title='bbox 451 779 682 831; x_wconf 75' lang='lat' dir='ltr'>appellantes.</span> <span class='ocrx_word' id='word_1_68' title='bbox 694 780 831 818; x_wconf 87' lang='lat' dir='ltr'>Verum</span> <span class='ocrx_word' id='word_1_69' title='bbox 845 778 925 816; x_wconf 85' lang='lat' dir='ltr'>illos</span> <span class='ocrx_word' id='word_1_70' title='bbox 937 787 1032 817; x_wconf 87' lang='lat' dir='ltr'>tanta</span> <span class='ocrx_word' id='word_1_71' title='bbox 1043 780 1132 819; x_wconf 84' lang='lat' dir='ltr'>ultio</span> <span class='ocrx_word' id='word_1_72' title='bbox 1147 795 1230 819; x_wconf 89' lang='lat' dir='ltr'>cor-</span> 
     </span>
     <span class='ocr_line' id='line_1_17' title="bbox 273 839 1231 893; baseline 0.004 -15"><span class='ocrx_word' id='word_1_73' title='bbox 273 839 385 893; x_wconf 87' lang='lat' dir='ltr'>ripuit</span> <span class='ocrx_word' id='word_1_74' title='bbox 398 870 408 886; x_wconf 92' lang='lat'><em>,</em></span> <span class='ocrx_word' id='word_1_75' title='bbox 428 849 467 878; x_wconf 84' lang='lat' dir='ltr'>ut</span> <span class='ocrx_word' id='word_1_76' title='bbox 482 841 578 878; x_wconf 75' lang='lat' dir='ltr'>nutta</span> <span class='ocrx_word' id='word_1_77' title='bbox 595 840 781 878; x_wconf 77' lang='lat' dir='ltr'>calamitas</span> <span class='ocrx_word' id='word_1_78' title='bbox 798 840 908 893; x_wconf 85' lang='lat' dir='ltr'>possit</span> <span class='ocrx_word' id='word_1_79' title='bbox 924 854 1049 879; x_wconf 86' lang='lat' dir='ltr'>eorum</span> <span class='ocrx_word' id='word_1_80' title='bbox 1065 843 1231 882; x_wconf 78' lang='lat' dir='ltr'>cladibus</span> 
     </span>
     <span class='ocr_line' id='line_1_18' title="bbox 273 901 1231 954; baseline 0.004 -15"><span class='ocrx_word' id='word_1_81' title='bbox 273 902 586 953; x_wconf 80' lang='lat' dir='ltr'>comparari.Nam</span> <span class='ocrx_word' id='word_1_82' title='bbox 604 901 711 954; x_wconf 87' lang='lat' dir='ltr'>primi</span> <span class='ocrx_word' id='word_1_83' title='bbox 731 910 764 939; x_wconf 87' lang='lat' dir='ltr'>et</span> <span class='ocrx_word' id='word_1_84' title='bbox 784 902 848 940; x_wconf 89' lang='lat' dir='ltr'>soli</span> <span class='ocrx_word' id='word_1_85' title='bbox 869 916 913 940; x_wconf 84' lang='lat' dir='ltr'>ex</span> <span class='ocrx_word' id='word_1_86' title='bbox 928 902 1024 940; x_wconf 89' lang='lat' dir='ltr'>omni</span> <span class='ocrx_word' id='word_1_87' title='bbox 1045 904 1231 943; x_wconf 87' lang='lat' dir='ltr'>hominum</span> 
     </span>
     <span class='ocr_line' id='line_1_19' title="bbox 273 963 1232 1018; baseline 0.003 -17"><span class='ocrx_word' id='word_1_88' title='bbox 273 976 398 1015; x_wconf 81' lang='lat' dir='ltr'>genere</span> <span class='ocrx_word' id='word_1_89' title='bbox 420 977 459 1001; x_wconf 85' lang='lat' dir='ltr'>ea</span> <span class='ocrx_word' id='word_1_90' title='bbox 482 963 572 1015; x_wconf 77' lang='lat' dir='ltr'>passi</span> <span class='ocrx_word' id='word_1_91' title='bbox 603 972 704 1008; x_wconf 86' lang='lat' dir='ltr'>sunt,</span> <span class='ocrx_word' id='word_1_92' title='bbox 729 978 807 1014; x_wconf 82' lang='lat' dir='ltr'>quae</span> <span class='ocrx_word' id='word_1_93' title='bbox 826 964 950 1002; x_wconf 92' lang='lat' dir='ltr'>nullus</span> <span class='ocrx_word' id='word_1_94' title='bbox 985 965 1093 1003; x_wconf 84' lang='lat' dir='ltr'>alius.</span> <span class='ocrx_word' id='word_1_95' title='bbox 1119 967 1232 1018; x_wconf 82' lang='lat' dir='ltr'>Atque</span> 
     </span>
     <span class='ocr_line' id='line_1_20' title="bbox 272 1023 1232 1078; baseline 0.005 -16"><span class='ocrx_word' id='word_1_96' title='bbox 272 1023 401 1062; x_wconf 89' lang='lat' dir='ltr'>horum</span> <span class='ocrx_word' id='word_1_97' title='bbox 431 1024 503 1063; x_wconf 81' lang='lat' dir='ltr'>fide</span> <span class='ocrx_word' id='word_1_98' title='bbox 530 1024 662 1074; x_wconf 71' lang='lat' dir='ltr'>dignus</span> <span class='ocrx_word' id='word_1_99' title='bbox 689 1025 787 1063; x_wconf 87' lang='lat' dir='ltr'>testis</span> <span class='ocrx_word' id='word_1_100' title='bbox 806 1034 857 1064; x_wconf 87' lang='lat' dir='ltr'>est</span> <span class='ocrx_word' id='word_1_101' title='bbox 876 1026 1043 1065; x_wconf 87' lang='lat' dir='ltr'>Christus</span> <span class='ocrx_word' id='word_1_102' title='bbox 1064 1057 1074 1074; x_wconf 84' lang='lat'>‚</span> <span class='ocrx_word' id='word_1_103' title='bbox 1097 1028 1159 1078; x_wconf 90' lang='lat' dir='ltr'>qui</span> <span class='ocrx_word' id='word_1_104' title='bbox 1181 1028 1232 1067; x_wconf 85' lang='lat' dir='ltr'>sic</span> 
     </span>
     <span class='ocr_line' id='line_1_21' title="bbox 272 1085 1232 1139; baseline 0.003 -15"><span class='ocrx_word' id='word_1_105' title='bbox 272 1085 442 1124; x_wconf 78' lang='lat' dir='ltr'>aitzE&#39;r-it</span> <span class='ocrx_word' id='word_1_106' title='bbox 467 1086 669 1124; x_wconf 87' lang='lat' dir='ltr'>tribulatio</span> <span class='ocrx_word' id='word_1_107' title='bbox 703 1100 847 1139; x_wconf 78' lang='lat' dir='ltr'>magna</span> <span class='ocrx_word' id='word_1_108' title='bbox 865 1120 874 1135; x_wconf 90' lang='lat'><em>,</em></span> <span class='ocrx_word' id='word_1_109' title='bbox 892 1088 1023 1139; x_wconf 82' lang='lat' dir='ltr'>qualis</span> <span class='ocrx_word' id='word_1_110' title='bbox 1049 1103 1127 1127; x_wconf 89' lang='lat' dir='ltr'>non</span> <span class='ocrx_word' id='word_1_111' title='bbox 1151 1090 1232 1138; x_wconf 80' lang='lat' dir='ltr'>fuit</span> 
     </span>
     <span class='ocr_line' id='line_1_22' title="bbox 272 1147 1232 1202; baseline 0.003 -16"><span class='ocrx_word' id='word_1_112' title='bbox 272 1149 323 1186; x_wconf 88' lang='lat' dir='ltr'>ab</span> <span class='ocrx_word' id='word_1_113' title='bbox 357 1150 469 1186; x_wconf 90' lang='lat' dir='ltr'>initio</span> <span class='ocrx_word' id='word_1_114' title='bbox 494 1147 631 1185; x_wconf 83' lang='lat' dir='ltr'>mundi</span> <span class='ocrx_word' id='word_1_115' title='bbox 659 1161 780 1200; x_wconf 82' lang='lat' dir='ltr'>usque</span> <span class='ocrx_word' id='word_1_116' title='bbox 800 1163 928 1195; x_wconf 81' lang='lat' dir='ltr'>nunc,</span> <span class='ocrx_word' id='word_1_117' title='bbox 947 1164 1073 1202; x_wconf 82' lang='lat' dir='ltr'>neque</span> <span class='ocrx_word' id='word_1_118' title='bbox 1096 1160 1232 1202; x_wconf 85' lang='lat' dir='ltr'>postea</span> 
     </span>
     <span class='ocr_line' id='line_1_23' title="bbox 270 1208 1232 1263; baseline 0.002 -16"><span class='ocrx_word' id='word_1_119' title='bbox 270 1211 354 1247; x_wconf 87' lang='lat' dir='ltr'>erit.</span> <span class='ocrx_word' id='word_1_120' title='bbox 375 1208 426 1246; x_wconf 82' lang='lat' dir='ltr'>Ea</span> <span class='ocrx_word' id='word_1_121' title='bbox 443 1208 589 1259; x_wconf 89' lang='lat' dir='ltr'>quidem</span> <span class='ocrx_word' id='word_1_122' title='bbox 606 1208 738 1255; x_wconf 81' lang='lat' dir='ltr'>omnia,</span> <span class='ocrx_word' id='word_1_123' title='bbox 753 1223 831 1259; x_wconf 79' lang='lat' dir='ltr'>quae</span> <span class='ocrx_word' id='word_1_124' title='bbox 850 1209 902 1247; x_wconf 88' lang='lat' dir='ltr'>illi</span> <span class='ocrx_word' id='word_1_125' title='bbox 919 1210 1014 1262; x_wconf 83' lang='lat' dir='ltr'>passi</span> <span class='ocrx_word' id='word_1_126' title='bbox 1036 1220 1134 1258; x_wconf 87' lang='lat' dir='ltr'>sunt,</span> <span class='ocrx_word' id='word_1_127' title='bbox 1149 1225 1232 1263; x_wconf 86' lang='lat' dir='ltr'>pro-</span> 
     </span>
     <span class='ocr_line' id='line_1_24' title="bbox 270 1269 1233 1322; baseline 0.004 -16"><span class='ocrx_word' id='word_1_128' title='bbox 270 1269 368 1321; x_wconf 89' lang='lat' dir='ltr'>sequi</span> <span class='ocrx_word' id='word_1_129' title='bbox 389 1283 458 1307; x_wconf 92' lang='lat' dir='ltr'>non</span> <span class='ocrx_word' id='word_1_130' title='bbox 488 1270 596 1320; x_wconf 84' lang='lat' dir='ltr'>hujus</span> <span class='ocrx_word' id='word_1_131' title='bbox 622 1278 675 1306; x_wconf 86' lang='lat' dir='ltr'>est</span> <span class='ocrx_word' id='word_1_132' title='bbox 703 1269 872 1321; x_wconf 79' lang='lat' dir='ltr'>temporis</span> <span class='ocrx_word' id='word_1_133' title='bbox 891 1286 898 1306; x_wconf 92' lang='lat'><strong>:</strong></span> <span class='ocrx_word' id='word_1_134' title='bbox 915 1285 1026 1322; x_wconf 80' lang='lat' dir='ltr'>pauca</span> <span class='ocrx_word' id='word_1_135' title='bbox 1048 1280 1163 1309; x_wconf 83' lang='lat' dir='ltr'>tamen</span> <span class='ocrx_word' id='word_1_136' title='bbox 1186 1285 1233 1310; x_wconf 77' lang='lat' dir='ltr'>ex</span> 
     </span>
     <span class='ocr_line' id='line_1_25' title="bbox 269 1329 1234 1371; baseline 0.003 -3"><span class='ocrx_word' id='word_1_137' title='bbox 269 1331 394 1368; x_wconf 89' lang='lat' dir='ltr'>multis</span> <span class='ocrx_word' id='word_1_138' title='bbox 423 1329 620 1368; x_wconf 82' lang='lat' dir='ltr'>necessario</span> <span class='ocrx_word' id='word_1_139' title='bbox 649 1329 800 1367; x_wconf 76' lang='lat' dir='ltr'>dicenda</span> <span class='ocrx_word' id='word_1_140' title='bbox 829 1339 926 1367; x_wconf 85' lang='lat' dir='ltr'>sunt.</span> <span class='ocrx_word' id='word_1_141' title='bbox 954 1331 1086 1370; x_wconf 87' lang='lat' dir='ltr'>Verbis</span> <span class='ocrx_word' id='word_1_142' title='bbox 1114 1341 1234 1371; x_wconf 86' lang='lat' dir='ltr'>autem</span> 
     </span>
     <span class='ocr_line' id='line_1_26' title="bbox 270 1390 1233 1443; baseline 0.004 -15"><span class='ocrx_word' id='word_1_143' title='bbox 270 1399 351 1429; x_wconf 83' lang='lat' dir='ltr'>utar</span> <span class='ocrx_word' id='word_1_144' title='bbox 369 1405 438 1429; x_wconf 90' lang='lat' dir='ltr'>non</span> <span class='ocrx_word' id='word_1_145' title='bbox 457 1391 566 1437; x_wconf 91' lang='lat' dir='ltr'>meis,</span> <span class='ocrx_word' id='word_1_146' title='bbox 584 1390 647 1428; x_wconf 88' lang='lat' dir='ltr'>sed</span> <span class='ocrx_word' id='word_1_147' title='bbox 671 1390 872 1443; x_wconf 81' lang='lat' dir='ltr'>(Josephi)</span> <span class='ocrx_word' id='word_1_148' title='bbox 892 1391 1010 1431; x_wconf 79' lang='lat' dir='ltr'>Judaei</span> <span class='ocrx_word' id='word_1_149' title='bbox 1029 1422 1039 1442; x_wconf 89' lang='lat'><strong>‚</strong></span> <span class='ocrx_word' id='word_1_150' title='bbox 1059 1393 1123 1443; x_wconf 86' lang='lat' dir='ltr'>qui</span> <span class='ocrx_word' id='word_1_151' title='bbox 1155 1407 1233 1432; x_wconf 80' lang='lat' dir='ltr'>eam</span> 
     </span>
     <span class='ocr_line' id='line_1_27' title="bbox 268 1450 1233 1506; baseline 0.004 -17"><span class='ocrx_word' id='word_1_152' title='bbox 268 1451 455 1490; x_wconf 80' lang='lat' dir='ltr'>historiam</span> <span class='ocrx_word' id='word_1_153' title='bbox 478 1451 624 1504; x_wconf 86' lang='lat' dir='ltr'>scripsit</span> <span class='ocrx_word' id='word_1_154' title='bbox 641 1450 843 1503; x_wconf 83' lang='lat' dir='ltr'>diligenter.</span> <span class='ocrx_word' id='word_1_155' title='bbox 865 1452 965 1500; x_wconf 89' lang='lat' dir='ltr'>Quid</span> <span class='ocrx_word' id='word_1_156' title='bbox 979 1467 1063 1506; x_wconf 85' lang='lat' dir='ltr'>ergo</span> <span class='ocrx_word' id='word_1_157' title='bbox 1075 1454 1126 1492; x_wconf 87' lang='lat' dir='ltr'>ait</span> <span class='ocrx_word' id='word_1_158' title='bbox 1144 1453 1233 1493; x_wconf 75' lang='lat' dir='ltr'>ille?</span> 
     </span>
     <span class='ocr_line' id='line_1_28' title="bbox 271 1512 1234 1568; baseline 0.004 -18"><span class='ocrx_word' id='word_1_159' title='bbox 271 1513 361 1551; x_wconf 90' lang='lat' dir='ltr'>Cum</span> <span class='ocrx_word' id='word_1_160' title='bbox 393 1512 588 1551; x_wconf 59' lang='lat' dir='ltr'>enairasset</span> <span class='ocrx_word' id='word_1_161' title='bbox 613 1513 794 1551; x_wconf 86' lang='lat' dir='ltr'>incensum</span> <span class='ocrx_word' id='word_1_162' title='bbox 827 1514 1003 1567; x_wconf 86' lang='lat' dir='ltr'>templum</span> <span class='ocrx_word' id='word_1_163' title='bbox 1019 1546 1029 1563; x_wconf 95' lang='lat'>,</span> <span class='ocrx_word' id='word_1_164' title='bbox 1052 1529 1234 1568; x_wconf 86' lang='lat' dir='ltr'>novasque</span> 
     </span>
     <span class='ocr_line' id='line_1_29' title="bbox 274 1573 1072 1628; baseline 0.004 -17"><span class='ocrx_word' id='word_1_165' title='bbox 274 1573 354 1612; x_wconf 88' lang='lat' dir='ltr'>illas</span> <span class='ocrx_word' id='word_1_166' title='bbox 376 1573 595 1612; x_wconf 76' lang='lat' dir='ltr'>calamitates</span> <span class='ocrx_word' id='word_1_167' title='bbox 614 1573 912 1621; x_wconf 82' lang='lat' dir='ltr'>enuntiasset,sic</span> <span class='ocrx_word' id='word_1_168' title='bbox 931 1576 1072 1628; x_wconf 85' lang='lat' dir='ltr'>pergit:</span> 
     </span>
    </p>

    <p class='ocr_par' dir='ltr' id='par_1_5' title="bbox 261 1635 1235 3148">
     <span class='ocr_line' id='line_1_30' title="bbox 327 1635 1232 1687; baseline 0.004 -14"><span class='ocrx_word' id='word_1_169' title='bbox 327 1636 365 1674; x_wconf 88' lang='lat'>5.</span> <span class='ocrx_word' id='word_1_170' title='bbox 387 1637 441 1673; x_wconf 88' lang='lat' dir='ltr'>Et</span> <span class='ocrx_word' id='word_1_171' title='bbox 457 1635 641 1686; x_wconf 85' lang='lat' dir='ltr'>templum</span> <span class='ocrx_word' id='word_1_172' title='bbox 659 1636 816 1687; x_wconf 85' lang='lat' dir='ltr'>quidem</span> <span class='ocrx_word' id='word_1_173' title='bbox 841 1637 914 1674; x_wconf 83' lang='lat' dir='ltr'>hoc</span> <span class='ocrx_word' id='word_1_174' title='bbox 933 1639 975 1674; x_wconf 90' lang='lat' dir='ltr'>in</span> <span class='ocrx_word' id='word_1_175' title='bbox 993 1646 1099 1676; x_wconf 85' lang='lat' dir='ltr'>statu</span> <span class='ocrx_word' id='word_1_176' title='bbox 1118 1647 1203 1677; x_wconf 87' lang='lat' dir='ltr'>erat</span> <span class='ocrx_word' id='word_1_177' title='bbox 1219 1655 1232 1683; x_wconf 89' lang='lat'><em>;</em></span> 
     </span>
     <span class='ocr_line' id='line_1_31' title="bbox 271 1697 1234 1749; baseline 0.003 -15"><span class='ocrx_word' id='word_1_178' title='bbox 271 1709 404 1734; x_wconf 86' lang='lat' dir='ltr'>eorum</span> <span class='ocrx_word' id='word_1_179' title='bbox 423 1709 518 1734; x_wconf 79' lang='lat' dir='ltr'>vero</span> <span class='ocrx_word' id='word_1_180' title='bbox 536 1697 603 1747; x_wconf 84' lang='lat' dir='ltr'>qui</span> <span class='ocrx_word' id='word_1_181' title='bbox 615 1709 685 1747; x_wconf 84' lang='lat' dir='ltr'>per</span> <span class='ocrx_word' id='word_1_182' title='bbox 700 1697 1017 1749; x_wconf 73' lang='lat' dir='ltr'>civitaternfame</span> <span class='ocrx_word' id='word_1_183' title='bbox 1033 1700 1234 1738; x_wconf 88' lang='lat' dir='ltr'>occumbe-</span> 
     </span>
     <span class='ocr_line' id='line_1_32' title="bbox 272 1758 1233 1812; baseline 0.005 -18"><span class='ocrx_word' id='word_1_184' title='bbox 272 1758 549 1810; x_wconf 76' lang='lat' dir='ltr'>bant‚1&#39;nfinita</span> <span class='ocrx_word' id='word_1_185' title='bbox 562 1772 660 1809; x_wconf 89' lang='lat' dir='ltr'>pene</span> <span class='ocrx_word' id='word_1_186' title='bbox 679 1758 842 1795; x_wconf 79' lang='lat' dir='ltr'>cadebat</span> <span class='ocrx_word' id='word_1_187' title='bbox 859 1759 1069 1797; x_wconf 81' lang='lat' dir='ltr'>multitudo</span> <span class='ocrx_word' id='word_1_188' title='bbox 1085 1790 1094 1804; x_wconf 84' lang='lat'>‚</span> <span class='ocrx_word' id='word_1_189' title='bbox 1115 1769 1233 1812; x_wconf 83' lang='lat' dir='ltr'>atque</span> 
     </span>
     <span class='ocr_line' id='line_1_33' title="bbox 271 1819 1234 1873; baseline 0.003 -17"><span class='ocrx_word' id='word_1_190' title='bbox 271 1819 556 1857; x_wconf 81' lang='lat' dir='ltr'>inenarrabiles</span> <span class='ocrx_word' id='word_1_191' title='bbox 584 1821 860 1870; x_wconf 73' lang='lat' dir='ltr'>contingebant</span> <span class='ocrx_word' id='word_1_192' title='bbox 881 1819 1022 1859; x_wconf 80' lang='lat' dir='ltr'>clades.</span> <span class='ocrx_word' id='word_1_193' title='bbox 1042 1822 1144 1859; x_wconf 86' lang='lat' dir='ltr'>Nam</span> <span class='ocrx_word' id='word_1_194' title='bbox 1163 1835 1234 1873; x_wconf 87' lang='lat' dir='ltr'>per</span> 
     </span>
     <span class='ocr_line' id='line_1_34' title="bbox 271 1880 1232 1932; baseline 0.005 -15"><span class='ocrx_word' id='word_1_195' title='bbox 271 1881 452 1932; x_wconf 79' lang='lat' dir='ltr'>singulas</span> <span class='ocrx_word' id='word_1_196' title='bbox 467 1880 745 1927; x_wconf 58' lang='lat' dir='ltr'>domos-‚sicubi</span> <span class='ocrx_word' id='word_1_197' title='bbox 757 1882 928 1918; x_wconf 86' lang='lat' dir='ltr'>ciborum</span> <span class='ocrx_word' id='word_1_198' title='bbox 942 1882 1010 1919; x_wconf 78' lang='lat' dir='ltr'>vel</span> <span class='ocrx_word' id='word_1_199' title='bbox 1023 1884 1158 1920; x_wconf 80' lang='lat' dir='ltr'>umbra</span> <span class='ocrx_word' id='word_1_200' title='bbox 1175 1897 1232 1922; x_wconf 88' lang='lat' dir='ltr'>es-</span> 
     </span>
     <span class='ocr_line' id='line_1_35' title="bbox 271 1941 1232 1989; baseline 0.005 -11"><span class='ocrx_word' id='word_1_201' title='bbox 271 1950 342 1989; x_wconf 86' lang='lat' dir='ltr'>set,</span> <span class='ocrx_word' id='word_1_202' title='bbox 367 1941 512 1979; x_wconf 87' lang='lat' dir='ltr'>bellum</span> <span class='ocrx_word' id='word_1_203' title='bbox 532 1942 681 1989; x_wconf 86' lang='lat' dir='ltr'>aderat,</span> <span class='ocrx_word' id='word_1_204' title='bbox 698 1955 745 1979; x_wconf 89' lang='lat' dir='ltr'>ac</span> <span class='ocrx_word' id='word_1_205' title='bbox 764 1942 832 1980; x_wconf 82' lang='lat' dir='ltr'>vel</span> <span class='ocrx_word' id='word_1_206' title='bbox 850 1945 1079 1981; x_wconf 79' lang='lat' dir='ltr'>amicissimi</span> <span class='ocrx_word' id='word_1_207' title='bbox 1099 1953 1232 1984; x_wconf 84' lang='lat' dir='ltr'>mutuo</span> 
     </span>
     <span class='ocr_line' id='line_1_36' title="bbox 270 2004 1233 2050; baseline 0.004 -10"><span class='ocrx_word' id='word_1_208' title='bbox 270 2016 410 2040; x_wconf 87' lang='lat' dir='ltr'>manus</span> <span class='ocrx_word' id='word_1_209' title='bbox 424 2004 741 2050; x_wconf 85' lang='lat' dir='ltr'>conserebant,ac</span> <span class='ocrx_word' id='word_1_210' title='bbox 754 2005 897 2041; x_wconf 89' lang='lat' dir='ltr'>misera</span> <span class='ocrx_word' id='word_1_211' title='bbox 909 2005 981 2042; x_wconf 87' lang='lat' dir='ltr'>illa</span> <span class='ocrx_word' id='word_1_212' title='bbox 991 2008 1134 2043; x_wconf 84' lang='lat' dir='ltr'>animoe</span> <span class='ocrx_word' id='word_1_213' title='bbox 1150 2009 1233 2045; x_wconf 88' lang='lat' dir='ltr'>via·</span> 
     </span>
     <span class='ocr_line' id='line_1_37' title="bbox 271 2065 1234 2119; baseline 0.005 -18"><span class='ocrx_word' id='word_1_214' title='bbox 271 2065 350 2101; x_wconf 86' lang='lat' dir='ltr'>tica</span> <span class='ocrx_word' id='word_1_215' title='bbox 361 2065 610 2115; x_wconf 76' lang='lat' dir='ltr'>diripiebant.</span> <span class='ocrx_word' id='word_1_216' title='bbox 623 2065 683 2102; x_wconf 88' lang='lat' dir='ltr'>Ne</span> <span class='ocrx_word' id='word_1_217' title='bbox 695 2067 942 2103; x_wconf 84' lang='lat' dir='ltr'>morientibus</span> <span class='ocrx_word' id='word_1_218' title='bbox 953 2067 1109 2117; x_wconf 83' lang='lat' dir='ltr'>quidem</span> <span class='ocrx_word' id='word_1_219' title='bbox 1127 2070 1234 2119; x_wconf 83' lang='lat' dir='ltr'>quod</span> 
     </span>
     <span class='ocr_line' id='line_1_38' title="bbox 269 2123 1232 2177; baseline 0.006 -15"><span class='ocrx_word' id='word_1_220' title='bbox 269 2125 354 2162; x_wconf 78' lang='lat' dir='ltr'>cibo</span> <span class='ocrx_word' id='word_1_221' title='bbox 372 2123 587 2176; x_wconf 83' lang='lat' dir='ltr'>indigerent</span> <span class='ocrx_word' id='word_1_222' title='bbox 592 2125 698 2176; x_wconf 80' lang='lat' dir='ltr'>sides</span> <span class='ocrx_word' id='word_1_223' title='bbox 717 2126 953 2166; x_wconf 82' lang='lat' dir='ltr'>habebatur:</span> <span class='ocrx_word' id='word_1_224' title='bbox 965 2128 1034 2164; x_wconf 86' lang='lat' dir='ltr'>sed</span> <span class='ocrx_word' id='word_1_225' title='bbox 1058 2142 1122 2167; x_wconf 91' lang='lat' dir='ltr'>eos</span> <span class='ocrx_word' id='word_1_226' title='bbox 1139 2142 1232 2177; x_wconf 79' lang='lat' dir='ltr'>quo-</span> 
     </span>
     <span class='ocr_line' id='line_1_39' title="bbox 269 2187 1232 2238; baseline 0.007 -16"><span class='ocrx_word' id='word_1_227' title='bbox 269 2198 345 2236; x_wconf 86' lang='lat' dir='ltr'>que</span> <span class='ocrx_word' id='word_1_228' title='bbox 363 2189 431 2237; x_wconf 85' lang='lat' dir='ltr'>qui</span> <span class='ocrx_word' id='word_1_229' title='bbox 449 2188 717 2236; x_wconf 80' lang='lat' dir='ltr'>erspirabant,</span> <span class='ocrx_word' id='word_1_230' title='bbox 737 2187 908 2224; x_wconf 84' lang='lat' dir='ltr'>latrones</span> <span class='ocrx_word' id='word_1_231' title='bbox 926 2192 1232 2238; x_wconf 84' lang='lat' dir='ltr'>perscrutaban-</span> 
     </span>
     <span class='ocr_line' id='line_1_40' title="bbox 271 2247 1233 2298; baseline 0.006 -14"><span class='ocrx_word' id='word_1_232' title='bbox 271 2254 336 2284; x_wconf 85' lang='lat' dir='ltr'>tur</span> <span class='ocrx_word' id='word_1_233' title='bbox 347 2275 357 2295; x_wconf 90' lang='lat'><em>‚</em></span> <span class='ocrx_word' id='word_1_234' title='bbox 382 2261 428 2283; x_wconf 88' lang='lat' dir='ltr'>ne</span> <span class='ocrx_word' id='word_1_235' title='bbox 443 2249 529 2298; x_wconf 85' lang='lat' dir='ltr'>quis</span> <span class='ocrx_word' id='word_1_236' title='bbox 543 2247 647 2297; x_wconf 85' lang='lat' dir='ltr'>sorte</span> <span class='ocrx_word' id='word_1_237' title='bbox 665 2248 852 2285; x_wconf 86' lang='lat' dir='ltr'>simulata</span> <span class='ocrx_word' id='word_1_238' title='bbox 867 2257 989 2286; x_wconf 84' lang='lat' dir='ltr'>morte</span> <span class='ocrx_word' id='word_1_239' title='bbox 1003 2252 1130 2288; x_wconf 89' lang='lat' dir='ltr'>cibum</span> <span class='ocrx_word' id='word_1_240' title='bbox 1144 2254 1233 2290; x_wconf 83' lang='lat' dir='ltr'>sinu</span> 
     </span>
     <span class='ocr_line' id='line_1_41' title="bbox 269 2306 1235 2363; baseline 0.007 -19"><span class='ocrx_word' id='word_1_241' title='bbox 269 2306 494 2345; x_wconf 82' lang='lat' dir='ltr'>occultaret.</span> <span class='ocrx_word' id='word_1_242' title='bbox 515 2307 604 2345; x_wconf 86' lang='lat' dir='ltr'>Alii</span> <span class='ocrx_word' id='word_1_243' title='bbox 621 2309 838 2360; x_wconf 84' lang='lat' dir='ltr'>verosame</span> <span class='ocrx_word' id='word_1_244' title='bbox 852 2310 1016 2355; x_wconf 79' lang='lat' dir='ltr'>hiantes,</span> <span class='ocrx_word' id='word_1_245' title='bbox 1032 2319 1235 2363; x_wconf 84' lang='lat' dir='ltr'>tamquam</span> 
     </span>
     <span class='ocr_line' id='line_1_42' title="bbox 269 2367 1232 2423; baseline 0.007 -19"><span class='ocrx_word' id='word_1_246' title='bbox 269 2367 400 2405; x_wconf 87' lang='lat' dir='ltr'>rabidi</span> <span class='ocrx_word' id='word_1_247' title='bbox 419 2381 535 2406; x_wconf 88' lang='lat' dir='ltr'>canes</span> <span class='ocrx_word' id='word_1_248' title='bbox 549 2376 675 2406; x_wconf 90' lang='lat' dir='ltr'>mente</span> <span class='ocrx_word' id='word_1_249' title='bbox 693 2369 885 2418; x_wconf 79' lang='lat' dir='ltr'>destituti,</span> <span class='ocrx_word' id='word_1_250' title='bbox 901 2372 1135 2423; x_wconf 81' lang='lat' dir='ltr'>insaniaque</span> <span class='ocrx_word' id='word_1_251' title='bbox 1148 2386 1232 2412; x_wconf 91' lang='lat' dir='ltr'>cor-</span> 
     </span>
     <span class='ocr_line' id='line_1_43' title="bbox 269 2430 1231 2485; baseline 0.005 -20"><span class='ocrx_word' id='word_1_252' title='bbox 269 2430 379 2479; x_wconf 82' lang='lat' dir='ltr'>repti,</span> <span class='ocrx_word' id='word_1_253' title='bbox 401 2430 591 2466; x_wconf 82' lang='lat' dir='ltr'>ebriorum</span> <span class='ocrx_word' id='word_1_254' title='bbox 619 2443 724 2467; x_wconf 87' lang='lat' dir='ltr'>more</span> <span class='ocrx_word' id='word_1_255' title='bbox 737 2431 777 2466; x_wconf 88' lang='lat' dir='ltr'>in</span> <span class='ocrx_word' id='word_1_256' title='bbox 805 2432 909 2468; x_wconf 85' lang='lat' dir='ltr'>ostia</span> <span class='ocrx_word' id='word_1_257' title='bbox 937 2433 1202 2485; x_wconf 77' lang='lat' dir='ltr'>impingebant</span> <span class='ocrx_word' id='word_1_258' title='bbox 1220 2450 1231 2470; x_wconf 92' lang='lat'>.·</span> 
     </span>
     <span class='ocr_line' id='line_1_44' title="bbox 269 2490 1234 2540; baseline 0.008 -14"><span class='ocrx_word' id='word_1_259' title='bbox 269 2501 315 2526; x_wconf 89' lang='lat' dir='ltr'>ac</span> <span class='ocrx_word' id='word_1_260' title='bbox 328 2490 597 2540; x_wconf 83' lang='lat' dir='ltr'>desperatione</span> <span class='ocrx_word' id='word_1_261' title='bbox 613 2491 720 2528; x_wconf 83' lang='lat' dir='ltr'>ducti</span> <span class='ocrx_word' id='word_1_262' title='bbox 733 2521 744 2537; x_wconf 93' lang='lat'><em>,</em></span> <span class='ocrx_word' id='word_1_263' title='bbox 769 2491 866 2530; x_wconf 82' lang='lat' dir='ltr'>hora</span> <span class='ocrx_word' id='word_1_264' title='bbox 894 2507 974 2531; x_wconf 80' lang='lat' dir='ltr'>nna</span> <span class='ocrx_word' id='word_1_265' title='bbox 996 2495 1053 2532; x_wconf 87' lang='lat' dir='ltr'>bis</span> <span class='ocrx_word' id='word_1_266' title='bbox 1072 2503 1176 2534; x_wconf 75' lang='lat' dir='ltr'>terve</span> <span class='ocrx_word' id='word_1_267' title='bbox 1192 2499 1234 2534; x_wconf 88' lang='lat' dir='ltr'>in</span> 
     </span>
     <span class='ocr_line' id='line_1_45' title="bbox 269 2549 1234 2602; baseline 0.009 -17"><span class='ocrx_word' id='word_1_268' title='bbox 269 2549 444 2585; x_wconf 86' lang='lat' dir='ltr'>eamdem</span> <span class='ocrx_word' id='word_1_269' title='bbox 471 2550 628 2587; x_wconf 85' lang='lat' dir='ltr'>domum</span> <span class='ocrx_word' id='word_1_270' title='bbox 658 2552 935 2602; x_wconf 84' lang='lat' dir='ltr'>irrumpebant.</span> <span class='ocrx_word' id='word_1_271' title='bbox 969 2554 1112 2592; x_wconf 89' lang='lat' dir='ltr'>Omnia</span> <span class='ocrx_word' id='word_1_272' title='bbox 1139 2569 1234 2594; x_wconf 81' lang='lat' dir='ltr'>vero</span> 
     </span>
     <span class='ocr_line' id='line_1_46' title="bbox 271 2608 1235 2663; baseline 0.01 -18"><span class='ocrx_word' id='word_1_273' title='bbox 271 2608 449 2647; x_wconf 80' lang='lat' dir='ltr'>dentibus</span> <span class='ocrx_word' id='word_1_274' title='bbox 476 2612 677 2662; x_wconf 79' lang='lat' dir='ltr'>subigebat</span> <span class='ocrx_word' id='word_1_275' title='bbox 709 2613 895 2662; x_wconf 83' lang='lat' dir='ltr'>penuria,</span> <span class='ocrx_word' id='word_1_276' title='bbox 922 2621 958 2651; x_wconf 90' lang='lat' dir='ltr'>et</span> <span class='ocrx_word' id='word_1_277' title='bbox 983 2628 1031 2652; x_wconf 87' lang='lat' dir='ltr'>ea</span> <span class='ocrx_word' id='word_1_278' title='bbox 1062 2629 1148 2663; x_wconf 85' lang='lat' dir='ltr'>quoe</span> <span class='ocrx_word' id='word_1_279' title='bbox 1187 2630 1235 2654; x_wconf 87' lang='lat' dir='ltr'>ne</span> 
     </span>
     <span class='ocr_line' id='line_1_47' title="bbox 270 2668 1234 2721; baseline 0.01 -17"><span class='ocrx_word' id='word_1_280' title='bbox 270 2668 548 2707; x_wconf 79' lang='lat' dir='ltr'>sordidissimis</span> <span class='ocrx_word' id='word_1_281' title='bbox 569 2670 723 2721; x_wconf 85' lang='lat' dir='ltr'>quidem</span> <span class='ocrx_word' id='word_1_282' title='bbox 746 2672 944 2710; x_wconf 85' lang='lat' dir='ltr'>brutorum</span> <span class='ocrx_word' id='word_1_283' title='bbox 971 2676 1234 2714; x_wconf 86' lang='lat' dir='ltr'>animantium</span> 
     </span>
     <span class='ocr_line' id='line_1_48' title="bbox 272 2730 1230 2778; baseline 0.01 -14"><span class='ocrx_word' id='word_1_284' title='bbox 272 2730 477 2766; x_wconf 85' lang='lat' dir='ltr'>usuierant</span> <span class='ocrx_word' id='word_1_285' title='bbox 497 2730 738 2778; x_wconf 74' lang='lat' dir='ltr'>colligentes,</span> <span class='ocrx_word' id='word_1_286' title='bbox 754 2732 866 2770; x_wconf 81' lang='lat' dir='ltr'>edere</span> <span class='ocrx_word' id='word_1_287' title='bbox 885 2747 964 2771; x_wconf 88' lang='lat' dir='ltr'>non</span> <span class='ocrx_word' id='word_1_288' title='bbox 980 2735 1230 2774; x_wconf 85' lang='lat' dir='ltr'>dubitabant.</span> 
     </span>
     <span class='ocr_line' id='line_1_49' title="bbox 273 2788 1230 2846; baseline 0.01 -21"><span class='ocrx_word' id='word_1_289' title='bbox 273 2788 313 2825; x_wconf 90' lang='lat' dir='ltr'><em>A</em></span> <span class='ocrx_word' id='word_1_290' title='bbox 335 2790 502 2840; x_wconf 77' lang='lat' dir='ltr'>cingulis</span> <span class='ocrx_word' id='word_1_291' title='bbox 521 2793 640 2841; x_wconf 72' lang='lat' dir='ltr'>igitur·</span> <span class='ocrx_word' id='word_1_292' title='bbox 655 2800 730 2830; x_wconf 89' lang='lat' dir='ltr'>eta</span> <span class='ocrx_word' id='word_1_293' title='bbox 748 2793 1027 2833; x_wconf 75' lang='lat' dir='ltr'>calceamentis</span> <span class='ocrx_word' id='word_1_294' title='bbox 1037 2805 1230 2846; x_wconf 87' lang='lat' dir='ltr'>postremo</span> 
     </span>
     <span class='ocr_line' id='line_1_50' title="bbox 274 2851 1230 2904; baseline 0.01 -18"><span class='ocrx_word' id='word_1_295' title='bbox 274 2862 352 2886; x_wconf 91' lang='lat' dir='ltr'>non.</span> <span class='ocrx_word' id='word_1_296' title='bbox 382 2851 652 2900; x_wconf 85' lang='lat' dir='ltr'>abstinebant,</span> <span class='ocrx_word' id='word_1_297' title='bbox 675 2855 871 2904; x_wconf 83' lang='lat' dir='ltr'>scutisque</span> <span class='ocrx_word' id='word_1_298' title='bbox 906 2857 1084 2895; x_wconf 85' lang='lat' dir='ltr'>detracta</span> <span class='ocrx_word' id='word_1_299' title='bbox 1124 2861 1230 2896; x_wconf 87' lang='lat' dir='ltr'>coria</span> 
     </span>
     <span class='ocr_line' id='line_1_51' title="bbox 273 2910 1231 2966; baseline 0.009 -19"><span class='ocrx_word' id='word_1_300' title='bbox 273 2910 528 2949; x_wconf 80' lang='lat' dir='ltr'>mandebant.</span> <span class='ocrx_word' id='word_1_301' title='bbox 559 2913 662 2949; x_wconf 83' lang='lat' dir='ltr'>Esca</span> <span class='ocrx_word' id='word_1_302' title='bbox 696 2923 825 2951; x_wconf 81' lang='lat' dir='ltr'>aulem</span> <span class='ocrx_word' id='word_1_303' title='bbox 853 2917 1087 2966; x_wconf 82' lang='lat' dir='ltr'>quibusdam</span> <span class='ocrx_word' id='word_1_304' title='bbox 1117 2927 1231 2957; x_wconf 84' lang='lat' dir='ltr'>erant</span> 
     </span>
     <span class='ocr_line' id='line_1_52' title="bbox 261 2971 1231 3026; baseline 0.01 -19"><span class='ocrx_word' id='word_1_305' title='bbox 261 2971 366 3022; x_wconf 76' lang='grc' dir='ltr'>[(εηί</span> <span class='ocrx_word' id='word_1_306' title='bbox 387 2971 508 3009; x_wconf 87' lang='lat' dir='ltr'>laceri</span> <span class='ocrx_word' id='word_1_307' title='bbox 525 2972 699 3024; x_wconf 64' lang='lat' dir='ltr'>reliquia*</span> <span class='ocrx_word' id='word_1_308' title='bbox 716 2986 1000 3026; x_wconf 74' lang='lat' dir='ltr'>:purgamenta</span> <span class='ocrx_word' id='word_1_309' title='bbox 1024 2982 1113 3016; x_wconf 87' lang='lat' dir='ltr'>item</span> <span class='ocrx_word' id='word_1_310' title='bbox 1133 2992 1231 3016; x_wconf 81' lang='lat' dir='ltr'>non-</span> 
     </span>
     <span class='ocr_line' id='line_1_53' title="bbox 275 3030 1230 3087; baseline 0.009 -21"><span class='ocrx_word' id='word_1_311' title='bbox 275 3030 372 3067; x_wconf 79' lang='lat' dir='ltr'>nulli</span> <span class='ocrx_word' id='word_1_312' title='bbox 413 3030 640 3078; x_wconf 70' lang='lat' dir='ltr'>colligentes</span> <span class='ocrx_word' id='word_1_313' title='bbox 662 3061 670 3079; x_wconf 92' lang='lat'>,</span> <span class='ocrx_word' id='word_1_314' title='bbox 702 3034 903 3072; x_wconf 86' lang='lat' dir='ltr'>minimum</span> <span class='ocrx_word' id='word_1_315' title='bbox 935 3049 1066 3074; x_wconf 89' lang='lat' dir='ltr'>eorum</span> <span class='ocrx_word' id='word_1_316' title='bbox 1101 3037 1230 3087; x_wconf 86' lang='lat' dir='ltr'>pondo</span> 
     </span>
     <span class='ocr_line' id='line_1_54' title="bbox 273 3093 1229 3148; baseline 0.008 -21"><span class='ocrx_word' id='word_1_317' title='bbox 273 3099 441 3142; x_wconf 82' lang='lat' dir='ltr'>quatuor</span> <span class='ocrx_word' id='word_1_318' title='bbox 459 3094 587 3130; x_wconf 87' lang='lat' dir='ltr'>atticis</span> <span class='ocrx_word' id='word_1_319' title='bbox 609 3093 846 3132; x_wconf 85' lang='lat' dir='ltr'>vendebant.</span> <span class='ocrx_word' id='word_1_320' title='bbox 872 3095 923 3132; x_wconf 87' lang='lat' dir='ltr'>Et</span> <span class='ocrx_word' id='word_1_321' title='bbox 945 3097 1042 3147; x_wconf 84' lang='lat' dir='ltr'>quid</span> <span class='ocrx_word' id='word_1_322' title='bbox 1059 3110 1153 3148; x_wconf 85' lang='lat' dir='ltr'>opus</span> <span class='ocrx_word' id='word_1_323' title='bbox 1172 3105 1229 3135; x_wconf 89' lang='lat' dir='ltr'>est</span> 
     </span>
    </p>
   </div>
   <div class='ocr_carea' id='block_1_5' title="bbox 1253 754 1283 779">
    <p class='ocr_par' dir='ltr' id='par_1_6' title="bbox 1253 754 1283 779">
     <span class='ocr_line' id='line_1_55' title="bbox 1253 754 1283 779; baseline 0 0"><span class='ocrx_word' id='word_1_324' title='bbox 1253 754 1283 779; x_wconf 77' lang='lat'>51</span> 
     </span>
    </p>
   </div>
   <div class='ocr_carea' id='block_1_6' title="bbox 275 3212 1288 3462">
    <p class='ocr_par' dir='ltr' id='par_1_7' title="bbox 275 3212 747 3309">
     <span class='ocr_line' id='line_1_56' title="bbox 319 3212 747 3256; baseline 0.009 -13"><span class='ocrx_word' id='word_1_325' title='bbox 319 3222 332 3243; x_wconf 76' lang='grc'><strong><em>6</em></strong></span> <span class='ocrx_word' id='word_1_326' title='bbox 360 3212 432 3243; x_wconf 84' lang='lat' dir='ltr'>Duo</span> <span class='ocrx_word' id='word_1_327' title='bbox 461 3212 536 3245; x_wconf 70' lang='lat' dir='ltr'>MSS.</span> <span class='ocrx_word' id='word_1_328' title='bbox 569 3216 747 3256; x_wconf 66' lang='grc' dir='ltr'>μηῖιιμίᾳ..,</span> 
     </span>
     <span class='ocr_line' id='line_1_57' title="bbox 275 3265 736 3309; baseline 0.002 -14"><span class='ocrx_word' id='word_1_329' title='bbox 275 3265 437 3296; x_wconf 81' lang='lat' dir='ltr'>omittunt</span> <span class='ocrx_word' id='word_1_330' title='bbox 455 3266 502 3297; x_wconf 68' lang='grc' dir='ltr'>οἶα</span> <span class='ocrx_word' id='word_1_331' title='bbox 518 3267 609 3301; x_wconf 66' lang='grc' dir='ltr'>οᾶὅιὶς</span> <span class='ocrx_word' id='word_1_332' title='bbox 625 3268 736 3309; x_wconf 73' lang='grc' dir='ltr'>ῐτιρος.</span> 
     </span>
    </p>

    <p class='ocr_par' dir='ltr' id='par_1_8' title="bbox 319 3314 1149 3361">
     <span class='ocr_line' id='line_1_58' title="bbox 319 3314 1149 3361; baseline 0.005 -13"><span class='ocrx_word' id='word_1_333' title='bbox 319 3323 333 3338; x_wconf 84' lang='grc'><em>·</em></span> <span class='ocrx_word' id='word_1_334' title='bbox 358 3317 413 3349; x_wconf 80' lang='lat' dir='ltr'>Sic</span> <span class='ocrx_word' id='word_1_335' title='bbox 429 3314 530 3349; x_wconf 40' lang='lat' dir='ltr'>va&#39;tl.</span> <span class='ocrx_word' id='word_1_336' title='bbox 545 3323 578 3348; x_wconf 81' lang='lat' dir='ltr'>et.</span> <span class='ocrx_word' id='word_1_337' title='bbox 594 3317 670 3348; x_wconf 70' lang='lat' dir='ltr'>mss.</span> <span class='ocrx_word' id='word_1_338' title='bbox 693 3318 731 3349; x_wconf 82' lang='lat' dir='ltr'>ln</span> <span class='ocrx_word' id='word_1_339' title='bbox 748 3317 862 3352; x_wconf 65' lang='lat' dir='ltr'>noret.</span> <span class='ocrx_word' id='word_1_340' title='bbox 882 3321 927 3352; x_wconf 72' lang='grc' dir='ltr'>οἶα</span> <span class='ocrx_word' id='word_1_341' title='bbox 945 3323 975 3353; x_wconf 75' lang='grc' dir='ltr'>ὁῗι</span> <span class='ocrx_word' id='word_1_342' title='bbox 993 3325 1036 3361; x_wconf 69' lang='grc' dir='ltr'>ἐκ,</span> <span class='ocrx_word' id='word_1_343' title='bbox 1052 3319 1149 3353; x_wconf 79' lang='lat' dir='ltr'>male.</span> 
     </span>
    </p>

    <p class='ocr_par' dir='ltr' id='par_1_9' title="bbox 277 3367 1288 3462">
     <span class='ocr_line' id='line_1_59' title="bbox 321 3367 1288 3412; baseline 0.006 -13"><span class='ocrx_word' id='word_1_344' title='bbox 321 3367 336 3384; x_wconf 64' lang='lat'><strong><em>⁶</em></strong></span> <span class='ocrx_word' id='word_1_345' title='bbox 363 3367 442 3412; x_wconf 84' lang='lat' dir='ltr'>[Sic</span> <span class='ocrx_word' id='word_1_346' title='bbox 463 3367 654 3410; x_wconf 75' lang='lat' dir='ltr'>scripsimus</span> <span class='ocrx_word' id='word_1_347' title='bbox 676 3379 692 3399; x_wconf 85' lang='lat' dir='ltr'>c</span> <span class='ocrx_word' id='word_1_348' title='bbox 729 3367 867 3401; x_wconf 80' lang='lat' dir='ltr'>savilio.</span> <span class='ocrx_word' id='word_1_349' title='bbox 896 3370 1015 3403; x_wconf 60' lang='lat' dir='ltr'>atonis.</span> <span class='ocrx_word' id='word_1_350' title='bbox 1037 3377 1085 3406; x_wconf 73' lang='grc' dir='ltr'>καὶ</span> <span class='ocrx_word' id='word_1_351' title='bbox 1114 3377 1167 3411; x_wconf 77' lang='grc' dir='ltr'>τὰς</span> <span class='ocrx_word' id='word_1_352' title='bbox 1193 3377 1288 3409; x_wconf 71' lang='grc' dir='ltr'>κοινὰ,-</span> 
     </span>
     <span class='ocr_line' id='line_1_60' title="bbox 277 3420 463 3462; baseline -0.005 -8"><span class='ocrx_word' id='word_1_353' title='bbox 277 3420 463 3462; x_wconf 56' lang='grc' dir='ltr'>ἐπήγγειλε]</span> 
     </span>
    </p>
   </div>
   <div class='ocr_carea' id='block_1_7' title="bbox 779 3215 1287 3261">
    <p class='ocr_par' dir='ltr' id='par_1_10' title="bbox 779 3215 1287 3261">
     <span class='ocr_line' id='line_1_61' title="bbox 779 3215 1287 3261; baseline -0.002 -12"><span class='ocrx_word' id='word_1_354' title='bbox 779 3225 929 3261; x_wconf 68' lang='grc' dir='ltr'>συμρορᾷ.</span> <span class='ocrx_word' id='word_1_355' title='bbox 963 3215 1070 3249; x_wconf 84' lang='lat' dir='ltr'>Iidem</span> <span class='ocrx_word' id='word_1_356' title='bbox 1101 3216 1187 3249; x_wconf 75' lang='lat' dir='ltr'>infra</span> <span class='ocrx_word' id='word_1_357' title='bbox 1218 3215 1287 3248; x_wconf 74' lang='lat' dir='ltr'>haec</span> 
     </span>
    </p>
   </div>
   <div class='ocr_carea' id='block_1_8' title="bbox 711 204 1900 241">
    <p class='ocr_par' dir='ltr' id='par_1_11' title="bbox 711 204 1900 241">
     <span class='ocr_line' id='line_1_62' title="bbox 711 204 1900 241; baseline 0.004 -5"><span class='ocrx_word' id='word_1_358' title='bbox 711 205 750 236; x_wconf 90' lang='lat' dir='ltr'>S.</span> <span class='ocrx_word' id='word_1_359' title='bbox 788 204 977 236; x_wconf 71' lang='lat' dir='ltr'><strong>JOANMS</strong></span> <span class='ocrx_word' id='word_1_360' title='bbox 1012 205 1256 237; x_wconf 74' lang='lat' dir='ltr'>CHRYSOST.</span> <span class='ocrx_word' id='word_1_361' title='bbox 1295 207 1504 239; x_wconf 73' lang='lat' dir='ltr'>Attenuzp,</span> <span class='ocrx_word' id='word_1_362' title='bbox 1543 208 1900 241; x_wconf 66' lang='lat' dir='ltr'>CONSrANTmot‘.</span> 
     </span>
    </p>
   </div>
   <div class='ocr_carea' id='block_1_9' title="bbox 1306 288 2341 1324">
    <p class='ocr_par' dir='ltr' id='par_1_12' title="bbox 1306 288 2341 1324">
     <span class='ocr_line' id='line_1_63' title="bbox 1309 288 2337 344; baseline 0.003 -17"><span class='ocrx_word' id='word_1_363' title='bbox 1309 288 1346 328; x_wconf 83' lang='grc' dir='ltr'>δὲ</span> <span class='ocrx_word' id='word_1_364' title='bbox 1378 289 1419 329; x_wconf 86' lang='grc' dir='ltr'>τὸ</span> <span class='ocrx_word' id='word_1_365' title='bbox 1453 291 1522 328; x_wconf 88' lang='grc' dir='ltr'>τῶν</span> <span class='ocrx_word' id='word_1_366' title='bbox 1553 290 1662 342; x_wconf 83' lang='grc' dir='ltr'>φίλων</span> <span class='ocrx_word' id='word_1_367' title='bbox 1693 291 1878 335; x_wconf 81' lang='grc' dir='ltr'>ὑποδύντες</span> <span class='ocrx_word' id='word_1_368' title='bbox 1910 298 2127 344; x_wconf 84' lang='grc' dir='ltr'>προσωπεῖον</span> <span class='ocrx_word' id='word_1_369' title='bbox 2144 321 2154 339; x_wconf 92' lang='grc'>,</span> <span class='ocrx_word' id='word_1_370' title='bbox 2191 292 2235 330; x_wconf 77' lang='grc' dir='ltr'>τὰ</span> <span class='ocrx_word' id='word_1_371' title='bbox 2268 295 2337 332; x_wconf 84' lang='grc' dir='ltr'>τῶν</span> 
     </span>
     <span class='ocr_line' id='line_1_64' title="bbox 1309 350 2337 404; baseline 0.006 -17"><span class='ocrx_word' id='word_1_372' title='bbox 1309 350 1443 402; x_wconf 80' lang='grc' dir='ltr'>ἐχθρῶν</span> <span class='ocrx_word' id='word_1_373' title='bbox 1463 350 1714 390; x_wconf 80' lang='grc' dir='ltr'>ἐπιδείκνυσθε·</span> <span class='ocrx_word' id='word_1_374' title='bbox 1731 351 1920 403; x_wconf 74' lang='grc' dir='ltr'>ἐμάστιξαν</span> <span class='ocrx_word' id='word_1_375' title='bbox 1942 353 2001 391; x_wconf 82' lang='grc' dir='ltr'>καὶ</span> <span class='ocrx_word' id='word_1_376' title='bbox 2019 352 2167 404; x_wconf 69' lang='grc' dir='ltr'>ὔὸρισαν</span> <span class='ocrx_word' id='word_1_377' title='bbox 2188 355 2248 393; x_wconf 76' lang='grc' dir='ltr'>καὶ</span> <span class='ocrx_word' id='word_1_378' title='bbox 2267 371 2337 393; x_wconf 79' lang='grc' dir='ltr'>πο-</span> 
     </span>
     <span class='ocr_line' id='line_1_65' title="bbox 1308 411 2336 465; baseline 0.005 -17"><span class='ocrx_word' id='word_1_379' title='bbox 1308 419 1399 464; x_wconf 72' lang='grc' dir='ltr'>νηρᾷ</span> <span class='ocrx_word' id='word_1_380' title='bbox 1423 411 1637 465; x_wconf 32' lang='grc' dir='ltr'>,περιέὸαλον</span> <span class='ocrx_word' id='word_1_381' title='bbox 1664 412 1742 465; x_wconf 79' lang='grc' dir='ltr'>δόξῃ</span> <span class='ocrx_word' id='word_1_382' title='bbox 1774 413 1851 457; x_wconf 74' lang='grc' dir='ltr'>τοὺς</span> <span class='ocrx_word' id='word_1_383' title='bbox 1878 413 1994 465; x_wconf 78' lang='grc' dir='ltr'>ἁγίους</span> <span class='ocrx_word' id='word_1_384' title='bbox 2013 415 2227 459; x_wconf 81' lang='grc' dir='ltr'>ἀποστόλους</span> <span class='ocrx_word' id='word_1_385' title='bbox 2258 415 2336 454; x_wconf 89' lang='grc' dir='ltr'>τότε</span> 
     </span>
     <span class='ocr_line' id='line_1_66' title="bbox 1309 465 2337 525; baseline 0.005 -15"><span class='ocrx_word' id='word_1_386' title='bbox 1309 465 1434 512; x_wconf 59' lang='grc' dir='ltr'>ἐκείνοι</span> <span class='ocrx_word' id='word_1_387' title='bbox 1461 474 1590 525; x_wconf 83' lang='grc' dir='ltr'>γόητας</span> <span class='ocrx_word' id='word_1_388' title='bbox 1616 474 1676 512; x_wconf 82' lang='grc' dir='ltr'>καὶ</span> <span class='ocrx_word' id='word_1_389' title='bbox 1708 475 1859 518; x_wconf 73' lang='grc' dir='ltr'>πλάνους</span> <span class='ocrx_word' id='word_1_390' title='bbox 1879 476 2064 519; x_wconf 77' lang='grc' dir='ltr'>καλοῦντες</span> <span class='ocrx_word' id='word_1_391' title='bbox 2084 475 2217 519; x_wconf 76' lang='grc' dir='ltr'>αὐτούς.</span> <span class='ocrx_word' id='word_1_392' title='bbox 2231 475 2337 515; x_wconf 72' lang='grc' dir='ltr'>Ἀλλὰ</span> 
     </span>
     <span class='ocr_line' id='line_1_67' title="bbox 1308 534 2336 587; baseline 0.004 -15"><span class='ocrx_word' id='word_1_393' title='bbox 1308 535 1451 582; x_wconf 77' lang='grc' dir='ltr'>τοιαύτη</span> <span class='ocrx_word' id='word_1_394' title='bbox 1472 535 1646 574; x_wconf 74' lang='grc' dir='ltr'>κατέλαὸε</span> <span class='ocrx_word' id='word_1_395' title='bbox 1679 534 1799 579; x_wconf 78' lang='grc' dir='ltr'>αὐτοὺς</span> <span class='ocrx_word' id='word_1_396' title='bbox 1831 535 1932 583; x_wconf 80' lang='grc' dir='ltr'>δίκη,</span> <span class='ocrx_word' id='word_1_397' title='bbox 1953 538 1999 579; x_wconf 84' lang='grc' dir='ltr'>ὡς</span> <span class='ocrx_word' id='word_1_398' title='bbox 2015 541 2031 563; x_wconf 76' lang='lat'><strong>⁸</strong></span> <span class='ocrx_word' id='word_1_399' title='bbox 2051 537 2228 587; x_wconf 84' lang='grc' dir='ltr'>μηδεμίαν</span> <span class='ocrx_word' id='word_1_400' title='bbox 2259 539 2336 576; x_wconf 90' lang='grc' dir='ltr'>λοι-</span> 
     </span>
     <span class='ocr_line' id='line_1_68' title="bbox 1308 595 2336 648; baseline 0.004 -15"><span class='ocrx_word' id='word_1_401' title='bbox 1308 595 1374 633; x_wconf 87' lang='grc' dir='ltr'>πὸν</span> <span class='ocrx_word' id='word_1_402' title='bbox 1408 597 1596 644; x_wconf 69' lang='grc' dir='ltr'>δυνηθῆναι</span> <span class='ocrx_word' id='word_1_403' title='bbox 1639 602 1709 640; x_wconf 86' lang='grc' dir='ltr'>τοῖς</span> <span class='ocrx_word' id='word_1_404' title='bbox 1752 596 1893 635; x_wconf 79' lang='grc' dir='ltr'>ἐκείνων</span> <span class='ocrx_word' id='word_1_405' title='bbox 1929 597 2051 640; x_wconf 85' lang='grc' dir='ltr'>δεινοῖς</span> <span class='ocrx_word' id='word_1_406' title='bbox 2092 601 2336 648; x_wconf 71' lang='grc' dir='ltr'>παρισωθῆναι</span> 
     </span>
     <span class='ocr_line' id='line_1_69' title="bbox 1309 651 2337 713; baseline 0.001 -17"><span class='ocrx_word' id='word_1_407' title='bbox 1309 658 1502 710; x_wconf 67' lang='grc' dir='ltr'>συμφοράν.</span> <span class='ocrx_word' id='word_1_408' title='bbox 1524 659 1666 710; x_wconf 85' lang='grc' dir='ltr'>Πρῶτοι</span> <span class='ocrx_word' id='word_1_409' title='bbox 1685 657 1752 709; x_wconf 75' lang='grc' dir='ltr'>γὰρ</span> <span class='ocrx_word' id='word_1_410' title='bbox 1773 651 1867 695; x_wconf 66' lang='grc' dir='ltr'>οὗτοι</span> <span class='ocrx_word' id='word_1_411' title='bbox 1888 659 1946 696; x_wconf 76' lang='grc' dir='ltr'>καὶ</span> <span class='ocrx_word' id='word_1_412' title='bbox 1968 659 2065 708; x_wconf 83' lang='grc' dir='ltr'>μόνοι</span> <span class='ocrx_word' id='word_1_413' title='bbox 2085 662 2153 696; x_wconf 87' lang='grc' dir='ltr'>τῶν</span> <span class='ocrx_word' id='word_1_414' title='bbox 2172 661 2229 711; x_wconf 81' lang='grc' dir='ltr'>ὑφ’</span> <span class='ocrx_word' id='word_1_415' title='bbox 2247 660 2337 713; x_wconf 84' lang='grc' dir='ltr'>ἡλίῳ</span> 
     </span>
     <span class='ocr_line' id='line_1_70' title="bbox 1306 714 2335 773; baseline 0.004 -17"><span class='ocrx_word' id='word_1_416' title='bbox 1306 719 1448 757; x_wconf 73' lang='grc' dir='ltr'>πάντων</span> <span class='ocrx_word' id='word_1_417' title='bbox 1469 719 1660 772; x_wconf 81' lang='grc' dir='ltr'>ἀνθρώπων</span> <span class='ocrx_word' id='word_1_418' title='bbox 1681 723 1825 757; x_wconf 74' lang='grc' dir='ltr'>τοιαῦτα</span> <span class='ocrx_word' id='word_1_419' title='bbox 1848 719 1987 766; x_wconf 84' lang='grc' dir='ltr'>ἔπαθον,</span> <span class='ocrx_word' id='word_1_420' title='bbox 2001 714 2056 758; x_wconf 69' lang='grc' dir='ltr'>οἶα</span> <span class='ocrx_word' id='word_1_421' title='bbox 2075 720 2186 764; x_wconf 73' lang='grc' dir='ltr'>οὐδεὶς</span> <span class='ocrx_word' id='word_1_422' title='bbox 2204 720 2335 773; x_wconf 78' lang='grc' dir='ltr'>ἕτερος.</span> 
     </span>
     <span class='ocr_line' id='line_1_71' title="bbox 1308 781 2333 833; baseline 0.001 -13"><span class='ocrx_word' id='word_1_423' title='bbox 1308 781 1377 821; x_wconf 73' lang='grc' dir='ltr'>Καὶ</span> <span class='ocrx_word' id='word_1_424' title='bbox 1400 781 1530 819; x_wconf 88' lang='grc' dir='ltr'>τούτων</span> <span class='ocrx_word' id='word_1_425' title='bbox 1563 781 1696 831; x_wconf 77' lang='grc' dir='ltr'>μάρτυς</span> <span class='ocrx_word' id='word_1_426' title='bbox 1721 781 1917 825; x_wconf 80' lang='grc' dir='ltr'>ἀξιόπιστος</span> <span class='ocrx_word' id='word_1_427' title='bbox 1936 784 1954 819; x_wconf 83' lang='grc' dir='ltr'><strong>ὁ</strong></span> <span class='ocrx_word' id='word_1_428' title='bbox 1974 781 2145 833; x_wconf 77' lang='grc' dir='ltr'>Χριστὸς,</span> <span class='ocrx_word' id='word_1_429' title='bbox 2164 781 2254 821; x_wconf 77' lang='grc' dir='ltr'>οὕτω</span> <span class='ocrx_word' id='word_1_430' title='bbox 2275 781 2333 821; x_wconf 82' lang='grc' dir='ltr'>λέ-</span> 
     </span>
     <span class='ocr_line' id='line_1_72' title="bbox 1306 841 2336 896; baseline 0.001 -16"><span class='ocrx_word' id='word_1_431' title='bbox 1306 858 1390 894; x_wconf 83' lang='grc' dir='ltr'>γων·</span> <span class='ocrx_word' id='word_1_432' title='bbox 1411 843 1542 880; x_wconf 77' lang='grc' dir='ltr'>Ἔσται</span> <span class='ocrx_word' id='word_1_433' title='bbox 1561 844 1675 893; x_wconf 71' lang='grc' dir='ltr'>θλῖψις</span> <span class='ocrx_word' id='word_1_434' title='bbox 1694 843 1845 894; x_wconf 77' lang='grc' dir='ltr'>μεγάλη,</span> <span class='ocrx_word' id='word_1_435' title='bbox 1861 841 1916 880; x_wconf 77' lang='grc' dir='ltr'>οἵα</span> <span class='ocrx_word' id='word_1_436' title='bbox 1932 843 1969 880; x_wconf 81' lang='grc' dir='ltr'>οὗ</span> <span class='ocrx_word' id='word_1_437' title='bbox 1987 843 2126 894; x_wconf 85' lang='grc' dir='ltr'>γέγονεν</span> <span class='ocrx_word' id='word_1_438' title='bbox 2142 845 2203 880; x_wconf 83' lang='grc' dir='ltr'>ἀπ’</span> <span class='ocrx_word' id='word_1_439' title='bbox 2224 845 2336 896; x_wconf 71' lang='grc' dir='ltr'>ἀρχῆς</span> 
     </span>
     <span class='ocr_line' id='line_1_73' title="bbox 1307 902 2337 956; baseline 0.001 -15"><span class='ocrx_word' id='word_1_440' title='bbox 1307 903 1441 954; x_wconf 81' lang='grc' dir='ltr'>κόσμου</span> <span class='ocrx_word' id='word_1_441' title='bbox 1474 902 1539 946; x_wconf 78' lang='grc' dir='ltr'>ἕως</span> <span class='ocrx_word' id='word_1_442' title='bbox 1558 907 1618 941; x_wconf 75' lang='grc' dir='ltr'>τοῦ</span> <span class='ocrx_word' id='word_1_443' title='bbox 1639 907 1697 941; x_wconf 80' lang='grc' dir='ltr'>νῦν</span> <span class='ocrx_word' id='word_1_444' title='bbox 1715 933 1724 950; x_wconf 88' lang='grc'>,</span> <span class='ocrx_word' id='word_1_445' title='bbox 1746 902 1824 942; x_wconf 74' lang='grc' dir='ltr'>οὐδὲ</span> <span class='ocrx_word' id='word_1_446' title='bbox 1857 902 1905 954; x_wconf 75' lang='grc' dir='ltr'>μὴ</span> <span class='ocrx_word' id='word_1_447' title='bbox 1939 903 2097 954; x_wconf 83' lang='grc' dir='ltr'>γένηται.</span> <span class='ocrx_word' id='word_1_448' title='bbox 2129 904 2253 943; x_wconf 83' lang='grc' dir='ltr'>Πάντα</span> <span class='ocrx_word' id='word_1_449' title='bbox 2275 905 2337 956; x_wconf 87' lang='grc' dir='ltr'>μὲν</span> 
     </span>
     <span class='ocr_line' id='line_1_74' title="bbox 1309 959 2341 1018; baseline 0.002 -16"><span class='ocrx_word' id='word_1_450' title='bbox 1309 959 1368 1003; x_wconf 65' lang='grc' dir='ltr'>οὖν</span> <span class='ocrx_word' id='word_1_451' title='bbox 1388 965 1503 1002; x_wconf 82' lang='grc' dir='ltr'>αὐτῶν</span> <span class='ocrx_word' id='word_1_452' title='bbox 1523 963 1567 1002; x_wconf 76' lang='grc' dir='ltr'>τὰ</span> <span class='ocrx_word' id='word_1_453' title='bbox 1587 963 1683 1011; x_wconf 79' lang='grc' dir='ltr'>πάθη</span> <span class='ocrx_word' id='word_1_454' title='bbox 1705 965 1849 1003; x_wconf 73' lang='grc' dir='ltr'>διελθεῖν</span> <span class='ocrx_word' id='word_1_455' title='bbox 1873 966 1910 1003; x_wconf 86' lang='grc' dir='ltr'>οὗ</span> <span class='ocrx_word' id='word_1_456' title='bbox 1932 969 1992 1002; x_wconf 80' lang='grc' dir='ltr'>τοῦ</span> <span class='ocrx_word' id='word_1_457' title='bbox 2013 964 2185 1018; x_wconf 84' lang='grc' dir='ltr'>παρόντος</span> <span class='ocrx_word' id='word_1_458' title='bbox 2204 969 2341 1018; x_wconf 78' lang='grc' dir='ltr'>καιροῦ,</span> 
     </span>
     <span class='ocr_line' id='line_1_75' title="bbox 1308 1025 2339 1077; baseline 0.001 -13"><span class='ocrx_word' id='word_1_459' title='bbox 1308 1026 1436 1077; x_wconf 67' lang='grc' dir='ltr'>ΙΙὀλίγα</span> <span class='ocrx_word' id='word_1_460' title='bbox 1456 1025 1490 1064; x_wconf 79' lang='grc' dir='ltr'>δὲ</span> <span class='ocrx_word' id='word_1_461' title='bbox 1513 1027 1552 1064; x_wconf 80' lang='grc' dir='ltr'>ἐκ</span> <span class='ocrx_word' id='word_1_462' title='bbox 1571 1027 1710 1064; x_wconf 87' lang='grc' dir='ltr'>πολλῶν</span> <span class='ocrx_word' id='word_1_463' title='bbox 1732 1027 1920 1077; x_wconf 85' lang='grc' dir='ltr'>ἀναγκαῖον</span> <span class='ocrx_word' id='word_1_464' title='bbox 1950 1027 2071 1065; x_wconf 83' lang='grc' dir='ltr'>εἰπεῖν.</span> <span class='ocrx_word' id='word_1_465' title='bbox 2089 1026 2184 1077; x_wconf 82' lang='grc' dir='ltr'>Ἐρῶ</span> <span class='ocrx_word' id='word_1_466' title='bbox 2212 1025 2248 1065; x_wconf 84' lang='grc' dir='ltr'>δὲ</span> <span class='ocrx_word' id='word_1_467' title='bbox 2278 1029 2339 1065; x_wconf 86' lang='grc' dir='ltr'>οὐκ</span> 
     </span>
     <span class='ocr_line' id='line_1_76' title="bbox 1309 1087 2337 1140; baseline 0 -14"><span class='ocrx_word' id='word_1_468' title='bbox 1309 1087 1394 1139; x_wconf 82' lang='grc' dir='ltr'>ἐμὸν</span> <span class='ocrx_word' id='word_1_469' title='bbox 1423 1087 1547 1140; x_wconf 77' lang='grc' dir='ltr'>λόγον,</span> <span class='ocrx_word' id='word_1_470' title='bbox 1571 1089 1648 1126; x_wconf 86' lang='grc' dir='ltr'>ἀλλ’</span> <span class='ocrx_word' id='word_1_471' title='bbox 1677 1087 1798 1138; x_wconf 82' lang='grc' dir='ltr'>ἀνδρὸς</span> <span class='ocrx_word' id='word_1_472' title='bbox 1826 1087 1994 1127; x_wconf 87' lang='grc' dir='ltr'>Ἰουδαίου</span> <span class='ocrx_word' id='word_1_473' title='bbox 2027 1090 2087 1126; x_wconf 76' lang='grc' dir='ltr'>τοῦ</span> <span class='ocrx_word' id='word_1_474' title='bbox 2120 1087 2165 1126; x_wconf 78' lang='grc' dir='ltr'>τὰ</span> <span class='ocrx_word' id='word_1_475' title='bbox 2196 1088 2337 1126; x_wconf 81' lang='grc' dir='ltr'>ἐκείνων</span> 
     </span>
     <span class='ocr_line' id='line_1_77' title="bbox 1309 1144 2337 1203; baseline -0.001 -14"><span class='ocrx_word' id='word_1_476' title='bbox 1309 1151 1534 1203; x_wconf 80' lang='grc' dir='ltr'>ἱστορηκότος</span> <span class='ocrx_word' id='word_1_477' title='bbox 1572 1151 1740 1202; x_wconf 68' lang='grc' dir='ltr'>ἀκριὸῶς.</span> <span class='ocrx_word' id='word_1_478' title='bbox 1771 1150 1819 1188; x_wconf 83' lang='grc' dir='ltr'>Τί</span> <span class='ocrx_word' id='word_1_479' title='bbox 1853 1166 1939 1188; x_wconf 90' lang='grc' dir='ltr'>ποτε</span> <span class='ocrx_word' id='word_1_480' title='bbox 1976 1144 2034 1188; x_wconf 61' lang='grc' dir='ltr'>οὖν</span> <span class='ocrx_word' id='word_1_481' title='bbox 2079 1144 2177 1195; x_wconf 63' lang='grc' dir='ltr'>οὗτος</span> <span class='ocrx_word' id='word_1_482' title='bbox 2211 1150 2337 1203; x_wconf 79' lang='grc' dir='ltr'>φησίν;</span> 
     </span>
     <span class='ocr_line' id='line_1_78' title="bbox 1306 1210 2338 1264; baseline 0.002 -16"><span class='ocrx_word' id='word_1_483' title='bbox 1306 1211 1455 1256; x_wconf 82' lang='grc' dir='ltr'>Ἐπειδὴ</span> <span class='ocrx_word' id='word_1_484' title='bbox 1472 1211 1529 1249; x_wconf 86' lang='grc' dir='ltr'>τὸν</span> <span class='ocrx_word' id='word_1_485' title='bbox 1546 1210 1756 1262; x_wconf 81' lang='grc' dir='ltr'>ἐμπρησμὸν</span> <span class='ocrx_word' id='word_1_486' title='bbox 1770 1210 1962 1261; x_wconf 80' lang='grc' dir='ltr'>διηγήσατο</span> <span class='ocrx_word' id='word_1_487' title='bbox 1980 1216 2040 1250; x_wconf 77' lang='grc' dir='ltr'>τοῦ</span> <span class='ocrx_word' id='word_1_488' title='bbox 2053 1213 2158 1264; x_wconf 81' lang='grc' dir='ltr'>ἱεροῦ,</span> <span class='ocrx_word' id='word_1_489' title='bbox 2175 1211 2261 1251; x_wconf 66' lang='grc' dir='ltr'>*καὶ</span> <span class='ocrx_word' id='word_1_490' title='bbox 2275 1210 2338 1256; x_wconf 81' lang='grc' dir='ltr'>τὰς</span> 
     </span>
     <span class='ocr_line' id='line_1_79' title="bbox 1309 1271 2010 1324; baseline 0.001 -16"><span class='ocrx_word' id='word_1_491' title='bbox 1309 1271 1430 1315; x_wconf 85' lang='grc' dir='ltr'>καινὰς</span> <span class='ocrx_word' id='word_1_492' title='bbox 1449 1271 1580 1315; x_wconf 87' lang='grc' dir='ltr'>ἐκείνας</span> <span class='ocrx_word' id='word_1_493' title='bbox 1598 1272 1790 1324; x_wconf 81' lang='grc' dir='ltr'>ἀπήγγειλε</span> <span class='ocrx_word' id='word_1_494' title='bbox 1807 1271 2010 1324; x_wconf 75' lang='grc' dir='ltr'>συμφοράς,</span> 
     </span>
    </p>
   </div>
   <div class='ocr_carea' id='block_1_10' title="bbox 1307 1620 2343 2889">
    <p class='ocr_par' dir='ltr' id='par_1_13' title="bbox 1307 1620 2343 2889">
     <span class='ocr_line' id='line_1_80' title="bbox 1357 1620 2336 1679; baseline 0.003 -16"><span class='ocrx_word' id='word_1_495' title='bbox 1357 1625 1415 1664; x_wconf 80' lang='grc' dir='ltr'>Τὰ</span> <span class='ocrx_word' id='word_1_496' title='bbox 1435 1626 1498 1677; x_wconf 80' lang='grc' dir='ltr'>μὲν</span> <span class='ocrx_word' id='word_1_497' title='bbox 1520 1626 1602 1679; x_wconf 76' lang='grc' dir='ltr'>περὶ</span> <span class='ocrx_word' id='word_1_498' title='bbox 1620 1626 1660 1665; x_wconf 78' lang='grc' dir='ltr'>τὸ</span> <span class='ocrx_word' id='word_1_499' title='bbox 1678 1626 1783 1679; x_wconf 77' lang='grc' dir='ltr'>ἱερὸν,</span> <span class='ocrx_word' id='word_1_500' title='bbox 1805 1627 1925 1679; x_wconf 77' lang='grc' dir='ltr'>φησὶν,</span> <span class='ocrx_word' id='word_1_501' title='bbox 1941 1627 1977 1665; x_wconf 86' lang='grc' dir='ltr'>ἐν</span> <span class='ocrx_word' id='word_1_502' title='bbox 1999 1626 2130 1670; x_wconf 82' lang='grc' dir='ltr'>τούτοις</span> <span class='ocrx_word' id='word_1_503' title='bbox 2147 1620 2202 1674; x_wconf 66' lang='grc' dir='ltr'>ἦν·</span> <span class='ocrx_word' id='word_1_504' title='bbox 2221 1628 2291 1665; x_wconf 86' lang='grc' dir='ltr'>τῶν</span> <span class='ocrx_word' id='word_1_505' title='bbox 2308 1629 2336 1666; x_wconf 81' lang='grc' dir='ltr'>δ’</span> 
     </span>
     <span class='ocr_line' id='line_1_81' title="bbox 1309 1692 2338 1747; baseline 0.003 -18"><span class='ocrx_word' id='word_1_506' title='bbox 1309 1692 1377 1730; x_wconf 79' lang='grc' dir='ltr'>ὑπὸ</span> <span class='ocrx_word' id='word_1_507' title='bbox 1398 1696 1458 1730; x_wconf 81' lang='grc' dir='ltr'>τοῦ</span> <span class='ocrx_word' id='word_1_508' title='bbox 1487 1695 1593 1743; x_wconf 81' lang='grc' dir='ltr'>λιμοῦ</span> <span class='ocrx_word' id='word_1_509' title='bbox 1612 1693 1845 1746; x_wconf 73' lang='grc' dir='ltr'>φθειρομένων</span> <span class='ocrx_word' id='word_1_510' title='bbox 1875 1692 1966 1732; x_wconf 75' lang='grc' dir='ltr'>κατὰ</span> <span class='ocrx_word' id='word_1_511' title='bbox 1993 1693 2056 1740; x_wconf 77' lang='grc' dir='ltr'>τὴν</span> <span class='ocrx_word' id='word_1_512' title='bbox 2076 1693 2178 1732; x_wconf 89' lang='grc' dir='ltr'>πόλιν</span> <span class='ocrx_word' id='word_1_513' title='bbox 2197 1693 2338 1747; x_wconf 85' lang='grc' dir='ltr'>ἄπειρον</span> 
     </span>
     <span class='ocr_line' id='line_1_82' title="bbox 1311 1759 2343 1812; baseline -0.001 -13"><span class='ocrx_word' id='word_1_514' title='bbox 1311 1759 1373 1811; x_wconf 78' lang='grc' dir='ltr'>μὲν</span> <span class='ocrx_word' id='word_1_515' title='bbox 1393 1760 1518 1799; x_wconf 84' lang='grc' dir='ltr'>ἔπιπτε</span> <span class='ocrx_word' id='word_1_516' title='bbox 1538 1761 1578 1800; x_wconf 84' lang='grc' dir='ltr'>τὸ</span> <span class='ocrx_word' id='word_1_517' title='bbox 1596 1762 1727 1807; x_wconf 78' lang='grc' dir='ltr'>πλῆθος</span> <span class='ocrx_word' id='word_1_518' title='bbox 1739 1791 1749 1810; x_wconf 90' lang='grc'>,</span> <span class='ocrx_word' id='word_1_519' title='bbox 1764 1760 1939 1812; x_wconf 73' lang='grc' dir='ltr'>ἀδιήγητα</span> <span class='ocrx_word' id='word_1_520' title='bbox 1960 1760 1995 1800; x_wconf 80' lang='grc' dir='ltr'>δὲ</span> <span class='ocrx_word' id='word_1_521' title='bbox 2012 1761 2192 1800; x_wconf 72' lang='grc' dir='ltr'>συνέέῗαινε</span> <span class='ocrx_word' id='word_1_522' title='bbox 2211 1761 2257 1799; x_wconf 77' lang='grc' dir='ltr'>τὰ</span> <span class='ocrx_word' id='word_1_523' title='bbox 2275 1761 2343 1800; x_wconf 81' lang='grc' dir='ltr'>πά·</span> 
     </span>
     <span class='ocr_line' id='line_1_83' title="bbox 1309 1827 2339 1882; baseline -0.001 -15"><span class='ocrx_word' id='word_1_524' title='bbox 1309 1832 1364 1875; x_wconf 90' lang='grc' dir='ltr'>οη.</span> <span class='ocrx_word' id='word_1_525' title='bbox 1385 1831 1473 1867; x_wconf 86' lang='grc' dir='ltr'>Καθ’</span> <span class='ocrx_word' id='word_1_526' title='bbox 1496 1828 1648 1875; x_wconf 75' lang='grc' dir='ltr'>ἑκάστην</span> <span class='ocrx_word' id='word_1_527' title='bbox 1681 1828 1749 1882; x_wconf 75' lang='grc' dir='ltr'>γὰρ</span> <span class='ocrx_word' id='word_1_528' title='bbox 1772 1827 1884 1866; x_wconf 87' lang='grc' dir='ltr'>οἰκίαν</span> <span class='ocrx_word' id='word_1_529' title='bbox 1898 1859 1907 1876; x_wconf 90' lang='grc'>,</span> <span class='ocrx_word' id='word_1_530' title='bbox 1925 1828 1958 1866; x_wconf 89' lang='grc' dir='ltr'>εἴ</span> <span class='ocrx_word' id='word_1_531' title='bbox 1976 1843 2041 1867; x_wconf 90' lang='grc' dir='ltr'>που</span> <span class='ocrx_word' id='word_1_532' title='bbox 2063 1831 2192 1881; x_wconf 68' lang='grc' dir='ltr'>τροφῆς</span> <span class='ocrx_word' id='word_1_533' title='bbox 2221 1843 2339 1881; x_wconf 88' lang='grc' dir='ltr'>παρα-</span> 
     </span>
     <span class='ocr_line' id='line_1_84' title="bbox 1309 1889 2340 1949; baseline 0 -16"><span class='ocrx_word' id='word_1_534' title='bbox 1309 1895 1432 1948; x_wconf 74' lang='grc' dir='ltr'>φανείη</span> <span class='ocrx_word' id='word_1_535' title='bbox 1453 1895 1546 1944; x_wconf 85' lang='grc' dir='ltr'>σκιὰ,</span> <span class='ocrx_word' id='word_1_536' title='bbox 1564 1895 1716 1946; x_wconf 83' lang='grc' dir='ltr'>πόλεμος</span> <span class='ocrx_word' id='word_1_537' title='bbox 1740 1889 1802 1944; x_wconf 62' lang='grc' dir='ltr'>ἦν,</span> <span class='ocrx_word' id='word_1_538' title='bbox 1824 1895 1883 1933; x_wconf 80' lang='grc' dir='ltr'>καὶ</span> <span class='ocrx_word' id='word_1_539' title='bbox 1904 1895 1960 1934; x_wconf 82' lang='grc' dir='ltr'>διὰ</span> <span class='ocrx_word' id='word_1_540' title='bbox 1979 1898 2108 1948; x_wconf 73' lang='grc' dir='ltr'>χειρῶν</span> <span class='ocrx_word' id='word_1_541' title='bbox 2137 1894 2290 1949; x_wconf 81' lang='grc' dir='ltr'>ἐχώρουν</span> <span class='ocrx_word' id='word_1_542' title='bbox 2309 1897 2340 1933; x_wconf 79' lang='grc' dir='ltr'>οἱ</span> 
     </span>
     <span class='ocr_line' id='line_1_85' title="bbox 1309 1962 2341 2016; baseline 0 -14"><span class='ocrx_word' id='word_1_543' title='bbox 1309 1964 1470 2016; x_wconf 82' lang='grc' dir='ltr'>φίλτατοι</span> <span class='ocrx_word' id='word_1_544' title='bbox 1491 1964 1577 2016; x_wconf 73' lang='grc' dir='ltr'>πρὸς</span> <span class='ocrx_word' id='word_1_545' title='bbox 1602 1963 1794 2011; x_wconf 76' lang='grc' dir='ltr'>ἀλλήλους,</span> <span class='ocrx_word' id='word_1_546' title='bbox 1823 1963 2071 2014; x_wconf 74' lang='grc' dir='ltr'>ἐξαρπάζοντες</span> <span class='ocrx_word' id='word_1_547' title='bbox 2091 1962 2135 2002; x_wconf 78' lang='grc' dir='ltr'>τὰ</span> <span class='ocrx_word' id='word_1_548' title='bbox 2154 1962 2341 2002; x_wconf 88' lang='grc' dir='ltr'>ταλαίπω-</span> 
     </span>
     <span class='ocr_line' id='line_1_86' title="bbox 1312 2029 2341 2084; baseline 0 -16"><span class='ocrx_word' id='word_1_549' title='bbox 1312 2046 1354 2083; x_wconf 88' lang='grc' dir='ltr'>ρα</span> <span class='ocrx_word' id='word_1_550' title='bbox 1384 2034 1447 2078; x_wconf 70' lang='grc' dir='ltr'>τῆς</span> <span class='ocrx_word' id='word_1_551' title='bbox 1475 2032 1591 2084; x_wconf 71' lang='grc' dir='ltr'>ψυχῆς</span> <span class='ocrx_word' id='word_1_552' title='bbox 1623 2030 1755 2080; x_wconf 70' lang='grc' dir='ltr'>ἐφόδια.</span> <span class='ocrx_word' id='word_1_553' title='bbox 1778 2029 1902 2073; x_wconf 81' lang='grc' dir='ltr'>Πίστις</span> <span class='ocrx_word' id='word_1_554' title='bbox 1922 2031 1951 2067; x_wconf 86' lang='grc' dir='ltr'>δ’</span> <span class='ocrx_word' id='word_1_555' title='bbox 1974 2029 2123 2082; x_wconf 79' lang='grc' dir='ltr'>ἀπορίας</span> <span class='ocrx_word' id='word_1_556' title='bbox 2157 2029 2233 2068; x_wconf 78' lang='grc' dir='ltr'>οὐδὲ</span> <span class='ocrx_word' id='word_1_557' title='bbox 2269 2034 2341 2073; x_wconf 87' lang='grc' dir='ltr'>τοῖς</span> 
     </span>
     <span class='ocr_line' id='line_1_87' title="bbox 1310 2093 2341 2149; baseline -0.002 -12"><span class='ocrx_word' id='word_1_558' title='bbox 1310 2098 1517 2146; x_wconf 79' lang='grc' dir='ltr'>θνήσκουσιν</span> <span class='ocrx_word' id='word_1_559' title='bbox 1545 2093 1586 2146; x_wconf 68' lang='grc' dir='ltr'>ἦν</span> <span class='ocrx_word' id='word_1_560' title='bbox 1599 2129 1608 2145; x_wconf 89' lang='lat'><em>,</em></span> <span class='ocrx_word' id='word_1_561' title='bbox 1627 2098 1717 2138; x_wconf 75' lang='grc' dir='ltr'>ἀλλὰ</span> <span class='ocrx_word' id='word_1_562' title='bbox 1738 2098 1799 2138; x_wconf 70' lang='grc' dir='ltr'>καὶ</span> <span class='ocrx_word' id='word_1_563' title='bbox 1825 2097 1902 2141; x_wconf 68' lang='grc' dir='ltr'>τοὺς</span> <span class='ocrx_word' id='word_1_564' title='bbox 1932 2097 2139 2141; x_wconf 85' lang='grc' dir='ltr'>ἐκπνέοντας</span> <span class='ocrx_word' id='word_1_565' title='bbox 2159 2099 2191 2136; x_wconf 82' lang='grc' dir='ltr'>οἱ</span> <span class='ocrx_word' id='word_1_566' title='bbox 2211 2097 2341 2149; x_wconf 72' lang='grc' dir='ltr'>λῃσταὶ</span> 
     </span>
     <span class='ocr_line' id='line_1_88' title="bbox 1307 2163 2338 2219; baseline -0.002 -15"><span class='ocrx_word' id='word_1_567' title='bbox 1307 2165 1510 2219; x_wconf 79' lang='grc' dir='ltr'>διηρεύνων,</span> <span class='ocrx_word' id='word_1_568' title='bbox 1531 2166 1579 2217; x_wconf 85' lang='grc' dir='ltr'>μή</span> <span class='ocrx_word' id='word_1_569' title='bbox 1604 2181 1654 2209; x_wconf 88' lang='grc' dir='ltr'>τις</span> <span class='ocrx_word' id='word_1_570' title='bbox 1673 2165 1740 2204; x_wconf 77' lang='grc' dir='ltr'>ὑπὸ</span> <span class='ocrx_word' id='word_1_571' title='bbox 1760 2166 1818 2204; x_wconf 84' lang='grc' dir='ltr'>τὸν</span> <span class='ocrx_word' id='word_1_572' title='bbox 1836 2164 1964 2204; x_wconf 84' lang='grc' dir='ltr'>κόλπον</span> <span class='ocrx_word' id='word_1_573' title='bbox 1983 2163 2073 2216; x_wconf 70' lang='grc' dir='ltr'>ἔχων</span> <span class='ocrx_word' id='word_1_574' title='bbox 2088 2163 2234 2215; x_wconf 68' lang='grc' dir='ltr'>τροφὴν,</span> <span class='ocrx_word' id='word_1_575' title='bbox 2247 2163 2338 2211; x_wconf 80' lang='grc' dir='ltr'>σκή-</span> 
     </span>
     <span class='ocr_line' id='line_1_89' title="bbox 1309 2231 2342 2284; baseline -0.001 -13"><span class='ocrx_word' id='word_1_576' title='bbox 1309 2249 1431 2272; x_wconf 83' lang='grc' dir='ltr'>πτοιτο</span> <span class='ocrx_word' id='word_1_577' title='bbox 1455 2234 1513 2272; x_wconf 84' lang='grc' dir='ltr'>τὸν</span> <span class='ocrx_word' id='word_1_578' title='bbox 1545 2231 1716 2272; x_wconf 71' lang='grc' dir='ltr'>θάνατον“’</span> <span class='ocrx_word' id='word_1_579' title='bbox 1739 2235 1864 2284; x_wconf 80' lang='grc' dir='ltr'>ἑαυτῷ.</span> <span class='ocrx_word' id='word_1_580' title='bbox 1883 2234 1929 2270; x_wconf 82' lang='grc' dir='ltr'>Οἱ</span> <span class='ocrx_word' id='word_1_581' title='bbox 1964 2231 2000 2270; x_wconf 78' lang='grc' dir='ltr'>δὲ</span> <span class='ocrx_word' id='word_1_582' title='bbox 2028 2231 2090 2269; x_wconf 80' lang='grc' dir='ltr'>ὑπ’</span> <span class='ocrx_word' id='word_1_583' title='bbox 2121 2232 2253 2275; x_wconf 87' lang='grc' dir='ltr'>ἐνδείας</span> <span class='ocrx_word' id='word_1_584' title='bbox 2285 2247 2342 2270; x_wconf 90' lang='grc' dir='ltr'>κε-</span> 
     </span>
     <span class='ocr_line' id='line_1_90' title="bbox 1311 2297 2343 2352; baseline -0.002 -15"><span class='ocrx_word' id='word_1_585' title='bbox 1311 2300 1458 2352; x_wconf 74' lang='grc' dir='ltr'>χηνότες</span> <span class='ocrx_word' id='word_1_586' title='bbox 1477 2300 1598 2351; x_wconf 85' lang='grc' dir='ltr'>ὥσπερ</span> <span class='ocrx_word' id='word_1_587' title='bbox 1622 2302 1819 2342; x_wconf 86' lang='grc' dir='ltr'>λυσσῶντες</span> <span class='ocrx_word' id='word_1_588' title='bbox 1843 2298 1940 2342; x_wconf 83' lang='grc' dir='ltr'>κύνες</span> <span class='ocrx_word' id='word_1_589' title='bbox 1960 2298 2173 2350; x_wconf 80' lang='grc' dir='ltr'>ἐσφάλλοντο</span> <span class='ocrx_word' id='word_1_590' title='bbox 2198 2297 2259 2336; x_wconf 71' lang='grc' dir='ltr'>καὶ</span> <span class='ocrx_word' id='word_1_591' title='bbox 2275 2313 2343 2337; x_wconf 86' lang='grc' dir='ltr'>ποι-</span> 
     </span>
     <span class='ocr_line' id='line_1_91' title="bbox 1312 2363 2341 2421; baseline -0.002 -16"><span class='ocrx_word' id='word_1_592' title='bbox 1312 2368 1521 2421; x_wconf 73' lang='grc' dir='ltr'>ρεφέροντο,</span> <span class='ocrx_word' id='word_1_593' title='bbox 1546 2372 1623 2411; x_wconf 85' lang='grc' dir='ltr'>ταῖς</span> <span class='ocrx_word' id='word_1_594' title='bbox 1657 2367 1724 2418; x_wconf 88' lang='grc' dir='ltr'>[τε]</span> <span class='ocrx_word' id='word_1_595' title='bbox 1756 2366 1874 2419; x_wconf 87' lang='grc' dir='ltr'>θύραις</span> <span class='ocrx_word' id='word_1_596' title='bbox 1900 2364 2112 2416; x_wconf 85' lang='grc' dir='ltr'>ἐνσειόμενοι</span> <span class='ocrx_word' id='word_1_597' title='bbox 2145 2363 2341 2415; x_wconf 83' lang='grc' dir='ltr'>μεθυόντων</span> 
     </span>
     <span class='ocr_line' id='line_1_92' title="bbox 1310 2430 2343 2487; baseline -0.003 -14"><span class='ocrx_word' id='word_1_598' title='bbox 1310 2435 1476 2487; x_wconf 62' lang='grc' dir='ltr'>τρόπον,“</span> <span class='ocrx_word' id='word_1_599' title='bbox 1495 2435 1561 2474; x_wconf 84' lang='grc' dir='ltr'>ὑπὸ</span> <span class='ocrx_word' id='word_1_600' title='bbox 1594 2433 1796 2487; x_wconf 78' lang='grc' dir='ltr'>ἀμηχανίας</span> <span class='ocrx_word' id='word_1_601' title='bbox 1831 2432 1866 2470; x_wconf 80' lang='grc' dir='ltr'>δὲ</span> <span class='ocrx_word' id='word_1_602' title='bbox 1899 2433 1947 2476; x_wconf 84' lang='grc' dir='ltr'>εἷς</span> <span class='ocrx_word' id='word_1_603' title='bbox 1979 2430 2058 2475; x_wconf 71' lang='grc' dir='ltr'>τοὺς</span> <span class='ocrx_word' id='word_1_604' title='bbox 2085 2430 2208 2475; x_wconf 75' lang='grc' dir='ltr'>αὖτοὺς</span> <span class='ocrx_word' id='word_1_605' title='bbox 2231 2430 2343 2476; x_wconf 87' lang='grc' dir='ltr'>οἴκους</span> 
     </span>
     <span class='ocr_line' id='line_1_93' title="bbox 1312 2497 2343 2553; baseline -0.006 -12"><span class='ocrx_word' id='word_1_606' title='bbox 1312 2501 1505 2549; x_wconf 80' lang='grc' dir='ltr'>εἰσεπήδων</span> <span class='ocrx_word' id='word_1_607' title='bbox 1526 2501 1578 2545; x_wconf 71' lang='grc' dir='ltr'>δὶς</span> <span class='ocrx_word' id='word_1_608' title='bbox 1596 2501 1618 2548; x_wconf 77' lang='grc' dir='ltr'>ἢ</span> <span class='ocrx_word' id='word_1_609' title='bbox 1637 2501 1714 2553; x_wconf 75' lang='grc' dir='ltr'>τρὶς</span> <span class='ocrx_word' id='word_1_610' title='bbox 1730 2500 1807 2552; x_wconf 73' lang='grc' dir='ltr'>ὥρα</span> <span class='ocrx_word' id='word_1_611' title='bbox 1827 2505 1906 2551; x_wconf 74' lang='grc' dir='ltr'>μιᾷ.</span> <span class='ocrx_word' id='word_1_612' title='bbox 1928 2497 2054 2536; x_wconf 79' lang='grc' dir='ltr'>Πάντα</span> <span class='ocrx_word' id='word_1_613' title='bbox 2073 2497 2108 2536; x_wconf 82' lang='grc' dir='ltr'>δὲ</span> <span class='ocrx_word' id='word_1_614' title='bbox 2129 2499 2188 2535; x_wconf 76' lang='grc' dir='ltr'>ὑπ’</span> <span class='ocrx_word' id='word_1_615' title='bbox 2201 2497 2343 2541; x_wconf 83' lang='grc' dir='ltr'>ὀδόντας</span> 
     </span>
     <span class='ocr_line' id='line_1_94' title="bbox 1311 2563 2341 2622; baseline -0.005 -14"><span class='ocrx_word' id='word_1_616' title='bbox 1311 2565 1394 2622; x_wconf 66' lang='grc' dir='ltr'>ἦγεν</span> <span class='ocrx_word' id='word_1_617' title='bbox 1410 2573 1432 2617; x_wconf 87' lang='grc' dir='ltr'>ἡ</span> <span class='ocrx_word' id='word_1_618' title='bbox 1456 2569 1612 2620; x_wconf 82' lang='grc' dir='ltr'>ἀνάγκη,</span> <span class='ocrx_word' id='word_1_619' title='bbox 1633 2568 1694 2607; x_wconf 78' lang='grc' dir='ltr'>καὶ</span> <span class='ocrx_word' id='word_1_620' title='bbox 1712 2566 1756 2605; x_wconf 74' lang='grc' dir='ltr'>τὰ</span> <span class='ocrx_word' id='word_1_621' title='bbox 1777 2565 1865 2617; x_wconf 78' lang='grc' dir='ltr'>μηδὲ</span> <span class='ocrx_word' id='word_1_622' title='bbox 1890 2570 1961 2608; x_wconf 86' lang='grc' dir='ltr'>τοῖς</span> <span class='ocrx_word' id='word_1_623' title='bbox 1991 2563 2253 2617; x_wconf 81' lang='grc' dir='ltr'>ῥυπαρωτάτοις</span> <span class='ocrx_word' id='word_1_624' title='bbox 2273 2567 2341 2603; x_wconf 88' lang='grc' dir='ltr'>τῶν</span> 
     </span>
     <span class='ocr_line' id='line_1_95' title="bbox 1310 2630 2340 2687; baseline -0.006 -11"><span class='ocrx_word' id='word_1_625' title='bbox 1310 2636 1445 2687; x_wconf 81' lang='grc' dir='ltr'>ἀλόγων</span> <span class='ocrx_word' id='word_1_626' title='bbox 1475 2634 1571 2680; x_wconf 80' lang='grc' dir='ltr'>ζώων</span> <span class='ocrx_word' id='word_1_627' title='bbox 1592 2634 1774 2686; x_wconf 75' lang='grc' dir='ltr'>πρόσφορα</span> <span class='ocrx_word' id='word_1_628' title='bbox 1799 2631 2041 2683; x_wconf 82' lang='grc' dir='ltr'>συλλέγοντες,</span> <span class='ocrx_word' id='word_1_629' title='bbox 2061 2630 2185 2670; x_wconf 85' lang='grc' dir='ltr'>ἐσθίειν</span> <span class='ocrx_word' id='word_1_630' title='bbox 2211 2631 2340 2685; x_wconf 76' lang='grc' dir='ltr'>ὑπέφε-</span> 
     </span>
     <span class='ocr_line' id='line_1_96' title="bbox 1313 2697 2338 2756; baseline -0.005 -15"><span class='ocrx_word' id='word_1_631' title='bbox 1313 2716 1382 2756; x_wconf 85' lang='grc' dir='ltr'>ρον·</span> <span class='ocrx_word' id='word_1_632' title='bbox 1412 2701 1600 2754; x_wconf 76' lang='grc' dir='ltr'>ζωστήρων</span> <span class='ocrx_word' id='word_1_633' title='bbox 1632 2704 1712 2752; x_wconf 79' lang='grc' dir='ltr'>γοῦν</span> <span class='ocrx_word' id='word_1_634' title='bbox 1740 2699 1799 2737; x_wconf 76' lang='grc' dir='ltr'>καὶ</span> <span class='ocrx_word' id='word_1_635' title='bbox 1826 2697 2062 2748; x_wconf 73' lang='grc' dir='ltr'>ὑποδημάτων</span> <span class='ocrx_word' id='word_1_636' title='bbox 2085 2697 2125 2735; x_wconf 85' lang='grc' dir='ltr'>τὸ</span> <span class='ocrx_word' id='word_1_637' title='bbox 2143 2699 2338 2738; x_wconf 86' lang='grc' dir='ltr'>τελευταῖον</span> 
     </span>
     <span class='ocr_line' id='line_1_97' title="bbox 1309 2765 2342 2820; baseline -0.005 -11"><span class='ocrx_word' id='word_1_638' title='bbox 1309 2772 1371 2809; x_wconf 82' lang='grc' dir='ltr'>οὐκ</span> <span class='ocrx_word' id='word_1_639' title='bbox 1399 2768 1618 2820; x_wconf 75' lang='grc' dir='ltr'>ἀπέσχοντο,</span> <span class='ocrx_word' id='word_1_640' title='bbox 1641 2766 1701 2804; x_wconf 75' lang='grc' dir='ltr'>καὶ</span> <span class='ocrx_word' id='word_1_641' title='bbox 1720 2766 1763 2804; x_wconf 75' lang='grc' dir='ltr'>τὰ</span> <span class='ocrx_word' id='word_1_642' title='bbox 1790 2765 1947 2817; x_wconf 81' lang='grc' dir='ltr'>δέρματα</span> <span class='ocrx_word' id='word_1_643' title='bbox 1974 2766 2044 2801; x_wconf 82' lang='grc' dir='ltr'>τῶν</span> <span class='ocrx_word' id='word_1_644' title='bbox 2063 2767 2192 2816; x_wconf 83' lang='grc' dir='ltr'>θυρεῶν</span> <span class='ocrx_word' id='word_1_645' title='bbox 2213 2765 2342 2805; x_wconf 80' lang='grc' dir='ltr'>ἀποδέ-</span> 
     </span>
     <span class='ocr_line' id='line_1_98' title="bbox 1311 2825 2342 2889; baseline -0.005 -13"><span class='ocrx_word' id='word_1_646' title='bbox 1311 2852 1425 2889; x_wconf 90' lang='grc' dir='ltr'>ροντες</span> <span class='ocrx_word' id='word_1_647' title='bbox 1451 2836 1669 2886; x_wconf 87' lang='grc' dir='ltr'>ἐμασσῶντο.</span> <span class='ocrx_word' id='word_1_648' title='bbox 1686 2831 1810 2885; x_wconf 63' lang='grc' dir='ltr'>Τροφὴ</span> <span class='ocrx_word' id='word_1_649' title='bbox 1830 2831 1864 2870; x_wconf 78' lang='grc' dir='ltr'>δὲ</span> <span class='ocrx_word' id='word_1_650' title='bbox 1885 2825 1927 2878; x_wconf 68' lang='grc' dir='ltr'>ἦν</span> <span class='ocrx_word' id='word_1_651' title='bbox 1947 2830 2005 2869; x_wconf 78' lang='grc' dir='ltr'>καὶ</span> <span class='ocrx_word' id='word_1_652' title='bbox 2028 2830 2156 2883; x_wconf 72' lang='grc' dir='ltr'>χόρτου</span> <span class='ocrx_word' id='word_1_653' title='bbox 2175 2831 2246 2870; x_wconf 73' lang='grc' dir='ltr'>τισὶ</span> <span class='ocrx_word' id='word_1_654' title='bbox 2270 2849 2342 2872; x_wconf 87' lang='grc' dir='ltr'>πα-</span> 
     </span>
    </p>
   </div>
   <div class='ocr_carea' id='block_1_11' title="bbox 1308 2889 2341 2951">
    <p class='ocr_par' dir='ltr' id='par_1_14' title="bbox 1308 2889 2341 2951">
     <span class='ocr_line' id='line_1_99' title="bbox 1308 2889 2341 2951; baseline -0.002 -11"><span class='ocrx_word' id='word_1_655' title='bbox 1308 2903 1406 2940; x_wconf 69' lang='grc' dir='ltr'>λαιοῦ</span> <span class='ocrx_word' id='word_1_656' title='bbox 1428 2897 1680 2951; x_wconf 77' lang='grc' dir='ltr'>σπαράγματα·</span> <span class='ocrx_word' id='word_1_657' title='bbox 1721 2897 1782 2940; x_wconf 75' lang='grc' dir='ltr'>τὰς</span> <span class='ocrx_word' id='word_1_658' title='bbox 1802 2896 1869 2948; x_wconf 74' lang='grc' dir='ltr'>γὰρ</span> <span class='ocrx_word' id='word_1_659' title='bbox 1883 2889 1963 2940; x_wconf 72' lang='grc' dir='ltr'>’ἶνας</span> <span class='ocrx_word' id='word_1_660' title='bbox 1992 2896 2074 2935; x_wconf 85' lang='grc' dir='ltr'>ἔνιοι</span> <span class='ocrx_word' id='word_1_661' title='bbox 2101 2896 2341 2950; x_wconf 79' lang='grc' dir='ltr'>συλλέγοντες,</span> 
     </span>
    </p>
   </div>
   <div class='ocr_carea' id='block_1_12' title="bbox 1309 2961 2344 3146">
    <p class='ocr_par' dir='ltr' id='par_1_15' title="bbox 1309 2961 2344 3146">
     <span class='ocr_line' id='line_1_100' title="bbox 1309 2961 2344 3017; baseline -0.002 -14"><span class='ocrx_word' id='word_1_662' title='bbox 1309 2965 1494 3017; x_wconf 72' lang='grc' dir='ltr'>ἐλάχιστον</span> <span class='ocrx_word' id='word_1_663' title='bbox 1519 2962 1674 3013; x_wconf 79' lang='grc' dir='ltr'>σταθμὸν</span> <span class='ocrx_word' id='word_1_664' title='bbox 1696 2961 1850 3001; x_wconf 85' lang='grc' dir='ltr'>ἐπώλουν</span> <span class='ocrx_word' id='word_1_665' title='bbox 1880 2963 2030 2999; x_wconf 86' lang='grc' dir='ltr'>ἀττικῶν</span> <span class='ocrx_word' id='word_1_666' title='bbox 2057 2961 2251 3014; x_wconf 79' lang='grc' dir='ltr'>τεσσάρων.</span> <span class='ocrx_word' id='word_1_667' title='bbox 2273 2962 2344 3002; x_wconf 82' lang='grc' dir='ltr'>Καὶ</span> 
     </span>
     <span class='ocr_line' id='line_1_101' title="bbox 1309 3025 2341 3079; baseline -0.003 -10"><span class='ocrx_word' id='word_1_668' title='bbox 1309 3030 1344 3069; x_wconf 89' lang='grc' dir='ltr'>τί</span> <span class='ocrx_word' id='word_1_669' title='bbox 1363 3032 1414 3069; x_wconf 84' lang='grc' dir='ltr'>δεῖ</span> <span class='ocrx_word' id='word_1_670' title='bbox 1433 3028 1498 3076; x_wconf 75' lang='grc' dir='ltr'>τὴν</span> <span class='ocrx_word' id='word_1_671' title='bbox 1525 3029 1579 3067; x_wconf 81' lang='grc' dir='ltr'>ἐπ’</span> <span class='ocrx_word' id='word_1_672' title='bbox 1601 3026 1746 3079; x_wconf 69' lang='grc' dir='ltr'>ἀψύχοις</span> <span class='ocrx_word' id='word_1_673' title='bbox 1777 3025 1955 3064; x_wconf 79' lang='grc' dir='ltr'>ἀναίδειαν</span> <span class='ocrx_word' id='word_1_674' title='bbox 1980 3028 2040 3064; x_wconf 79' lang='grc' dir='ltr'>τοῦ</span> <span class='ocrx_word' id='word_1_675' title='bbox 2075 3027 2180 3077; x_wconf 80' lang='grc' dir='ltr'>λιμοῦ</span> <span class='ocrx_word' id='word_1_676' title='bbox 2207 3026 2341 3078; x_wconf 77' lang='grc' dir='ltr'>λέγεινς</span> 
     </span>
     <span class='ocr_line' id='line_1_102' title="bbox 1311 3083 2342 3146; baseline -0.003 -14"><span class='ocrx_word' id='word_1_677' title='bbox 1311 3087 1398 3146; x_wconf 46' lang='lat' dir='ltr'>ETW</span> <span class='ocrx_word' id='word_1_678' title='bbox 1436 3092 1505 3145; x_wconf 66' lang='grc' dir='ltr'>γὰρ</span> <span class='ocrx_word' id='word_1_679' title='bbox 1536 3093 1641 3130; x_wconf 79' lang='grc' dir='ltr'>αὐτοῦ</span> <span class='ocrx_word' id='word_1_680' title='bbox 1675 3089 1843 3136; x_wconf 83' lang='grc' dir='ltr'>δηλώσων</span> <span class='ocrx_word' id='word_1_681' title='bbox 1875 3089 2015 3141; x_wconf 82' lang='grc' dir='ltr'>ἔργον,““</span> <span class='ocrx_word' id='word_1_682' title='bbox 2034 3083 2103 3129; x_wconf 70' lang='grc' dir='ltr'>οἷον</span> <span class='ocrx_word' id='word_1_683' title='bbox 2137 3089 2229 3141; x_wconf 84' lang='grc' dir='ltr'>μήτε</span> <span class='ocrx_word' id='word_1_684' title='bbox 2258 3091 2342 3143; x_wconf 83' lang='grc' dir='ltr'>παρ’</span> 
     </span>
    </p>
   </div>
   <div class='ocr_carea' id='block_1_13' title="bbox 1325 3209 2340 3455">
    <p class='ocr_par' dir='ltr' id='par_1_16' title="bbox 1366 3209 2210 3253">
     <span class='ocr_line' id='line_1_103' title="bbox 1366 3209 2210 3253; baseline -0.002 -8"><span class='ocrx_word' id='word_1_685' title='bbox 1366 3214 1385 3239; x_wconf 75' lang='lat' dir='ltr'>b</span> <span class='ocrx_word' id='word_1_686' title='bbox 1406 3214 1461 3246; x_wconf 85' lang='lat' dir='ltr'>Sic</span> <span class='ocrx_word' id='word_1_687' title='bbox 1478 3211 1582 3245; x_wconf 76' lang='lat' dir='ltr'>Savii.</span> <span class='ocrx_word' id='word_1_688' title='bbox 1600 3211 1694 3244; x_wconf 75' lang='lat' dir='ltr'>Unus</span> <span class='ocrx_word' id='word_1_689' title='bbox 1706 3209 1819 3242; x_wconf 72' lang='lat' dir='ltr'>Codex</span> <span class='ocrx_word' id='word_1_690' title='bbox 1835 3215 1961 3251; x_wconf 65' lang='grc' dir='ltr'>ἑαυτοῦ,</span> <span class='ocrx_word' id='word_1_691' title='bbox 1977 3211 2093 3243; x_wconf 78' lang='lat' dir='ltr'>Morel.</span> <span class='ocrx_word' id='word_1_692' title='bbox 2116 3214 2210 3253; x_wconf 66' lang='grc' dir='ltr'>αὐτῷ.</span> 
     </span>
    </p>

    <p class='ocr_par' dir='ltr' id='par_1_17' title="bbox 1365 3261 2316 3307">
     <span class='ocr_line' id='line_1_104' title="bbox 1365 3261 2316 3307; baseline -0.003 -10"><span class='ocrx_word' id='word_1_693' title='bbox 1365 3276 1378 3290; x_wconf 77' lang='lat'><strong>⁰</strong></span> <span class='ocrx_word' id='word_1_694' title='bbox 1402 3264 1458 3298; x_wconf 84' lang='lat' dir='ltr'>Sic</span> <span class='ocrx_word' id='word_1_695' title='bbox 1475 3265 1553 3297; x_wconf 86' lang='lat' dir='ltr'>Snv.</span> <span class='ocrx_word' id='word_1_696' title='bbox 1572 3271 1605 3295; x_wconf 85' lang='lat' dir='ltr'>et</span> <span class='ocrx_word' id='word_1_697' title='bbox 1624 3264 1702 3296; x_wconf 78' lang='lat' dir='ltr'>Mss.</span> <span class='ocrx_word' id='word_1_698' title='bbox 1721 3261 1836 3295; x_wconf 66' lang='lat' dir='ltr'>Morot.</span> <span class='ocrx_word' id='word_1_699' title='bbox 1852 3273 1930 3295; x_wconf 77' lang='lat' dir='ltr'>vcro</span> <span class='ocrx_word' id='word_1_700' title='bbox 1947 3268 1994 3296; x_wconf 72' lang='grc' dir='ltr'>καὶ</span> <span class='ocrx_word' id='word_1_701' title='bbox 2012 3266 2062 3298; x_wconf 64' lang='grc' dir='ltr'>ὑπ’</span> <span class='ocrx_word' id='word_1_702' title='bbox 2079 3268 2249 3307; x_wconf 68' lang='grc' dir='ltr'>ἀμηχανίας</span> <span class='ocrx_word' id='word_1_703' title='bbox 2266 3267 2316 3300; x_wconf 77' lang='grc' dir='ltr'>ιΙς.</span> 
     </span>
    </p>

    <p class='ocr_par' dir='ltr' id='par_1_18' title="bbox 1325 3313 2340 3413">
     <span class='ocr_line' id='line_1_105' title="bbox 1363 3313 2340 3359; baseline -0.002 -11"><span class='ocrx_word' id='word_1_704' title='bbox 1363 3318 1379 3343; x_wconf 74' lang='lat' dir='ltr'>tl</span> <span class='ocrx_word' id='word_1_705' title='bbox 1406 3318 1479 3349; x_wconf 89' lang='lat' dir='ltr'>Duo</span> <span class='ocrx_word' id='word_1_706' title='bbox 1512 3317 1591 3351; x_wconf 78' lang='lat' dir='ltr'>Mss.</span> <span class='ocrx_word' id='word_1_707' title='bbox 1614 3321 1667 3355; x_wconf 69' lang='grc' dir='ltr'>τὰς</span> <span class='ocrx_word' id='word_1_708' title='bbox 1697 3322 1755 3359; x_wconf 67' lang='grc' dir='ltr'>γάρ</span> <span class='ocrx_word' id='word_1_709' title='bbox 1781 3321 1874 3354; x_wconf 68' lang='grc' dir='ltr'>ἡνίας.</span> <span class='ocrx_word' id='word_1_710' title='bbox 1900 3313 2026 3359; x_wconf 80' lang='lat' dir='ltr'>[Supt&#39;a</span> <span class='ocrx_word' id='word_1_711' title='bbox 2047 3314 2124 3349; x_wconf 65' lang='grc' dir='ltr'>δαν.</span> <span class='ocrx_word' id='word_1_712' title='bbox 2151 3320 2340 3351; x_wconf 71' lang='grc' dir='ltr'>ἀποσπῶντες</span> 
     </span>
     <span class='ocr_line' id='line_1_106' title="bbox 1325 3366 1532 3413; baseline -0.024 -9"><span class='ocrx_word' id='word_1_713' title='bbox 1325 3374 1502 3413; x_wconf 69' lang='grc' dir='ltr'>ὶμάσσοντο.</span> <span class='ocrx_word' id='word_1_714' title='bbox 1521 3366 1532 3411; x_wconf 67' lang='lat' dir='ltr'>l</span> 
     </span>
    </p>

    <p class='ocr_par' dir='ltr' id='par_1_19' title="bbox 1378 3418 1784 3455">
     <span class='ocr_line' id='line_1_107' title="bbox 1378 3418 1784 3455; baseline -0.007 -2"><span class='ocrx_word' id='word_1_715' title='bbox 1378 3427 1389 3441; x_wconf 87' lang='lat'><strong>·</strong></span> <span class='ocrx_word' id='word_1_716' title='bbox 1412 3418 1514 3455; x_wconf 67' lang='lat' dir='ltr'>savit.</span> <span class='ocrx_word' id='word_1_717' title='bbox 1534 3426 1566 3452; x_wconf 83' lang='lat' dir='ltr'>ct.</span> <span class='ocrx_word' id='word_1_718' title='bbox 1582 3418 1648 3452; x_wconf 87' lang='lat' dir='ltr'>duo</span> <span class='ocrx_word' id='word_1_719' title='bbox 1663 3418 1738 3451; x_wconf 71' lang='lat' dir='ltr'>Mus.</span> <span class='ocrx_word' id='word_1_720' title='bbox 1757 3425 1784 3453; x_wconf 74' lang='grc' dir='ltr'>ὁ.</span> 
     </span>
    </p>
   </div>
  </div>
 </body>
</html>
