2549 3825
419 294 537 332 QUOD
573 292 830 324 REGULARES
865 292 1043 322 FEMlNAE
1078 292 1192 322 vinis
1228 290 1505 322 COHABITARE
1541 289 1631 320 NON
1673 288 1896 318 DEBEANT.

127 376 228 415 αὐτὸν
247 375 399 428 ἀκαίρως
411 378 473 422 τῆς
488 374 598 418 οἰκίας
613 373 873 424 ἀπελαύνομεν,
893 374 953 412 καὶ
973 376 1033 412 οὐκ
1051 377 1147 426 ἀκρι-

127 436 379 487 δολογούμεθα,
397 436 464 474 εἴτε
485 435 641 484 δικαίως,
662 435 732 473 εἴτε
752 434 881 478 ἀδίκως
902 437 1026 473 ἐκεῖνοι
1046 440 1147 473 τοῦτο

124 502 279 536 ποιοῦσιν
293 527 302 544 ,
320 496 410 535 ἀλλὰ
429 496 545 544 πάσης
565 496 686 540 αὐτοὺς
709 495 899 547 ἀπολογίας
915 495 1120 539 ἕκὸαλόντες
1135 524 1145 542 ,

127 558 186 595 καὶ
212 558 344 605 πολλὴν
363 557 474 611 τούτῳ
493 558 608 602 δόντες
635 557 843 610 συγγνώμην
871 557 929 596 διὰ
947 556 1010 604 τὴν
1043 557 1146 595 ἀσθέ-

126 633 242 666 νειαν,
270 618 335 656 κᾶν
370 618 497 662 ἀδίκως
534 618 793 670 παροξύνηται,
830 620 1004 668 ἐλεοῦμεν.
1038 618 1082 655 Εἰ
1111 616 1146 655 δὲ

125 683 227 729 ἡμεῖς
255 679 408 731 τοσαύτῃ
428 680 489 718 καὶ
510 680 591 732 περὶ
619 680 698 723 τοὺς
727 679 862 723 οἰκέτας
889 679 949 717 καὶ
970 679 1051 730 περὶ
1070 677 1148 722 τοὺς

126 741 252 784 παῖδας
296 741 440 794 προνοίᾳ
491 740 694 794 κεχρήμεθα
711 771 721 790 ,
756 741 816 779 καὶ
859 741 930 780 υἱὸν
979 741 1148 784 πολλάκις

126 805 273 840 τοιαῦτα
297 803 573 852 πλημμελοῦντα
598 807 834 854 μαστιγοῦμεν
846 833 856 851 ,
875 797 995 855 πολλῷ
1016 805 1148 853 μᾶλλον

127 868 144 902 ὁ
176 864 304 914 ἀγαθὸς
341 865 430 907 Θεὸς
475 863 534 901 καὶ
569 864 721 916 χρηστὸς
758 863 818 901 καὶ
859 863 1015 909 ἐπιεικὴς
1047 867 1148 900 τοῦτο

128 925 329 977 ἐργάσεται.
347 924 394 963 Τί
412 925 525 976 λέγεις
536 941 547 975 ;
566 925 712 972 ἀσθενής
743 926 836 964 ἐστιν
853 928 871 963 ὃ
887 924 1147 976 πληττόμενος;

127 988 265 1025 ()ὐκοῦν
297 987 446 1038 φειδοῦς,
466 990 504 1025 οὗ
535 988 674 1038 πληγῆς
706 989 799 1025 ἐστιν
826 987 929 1032 ἄξιος.
949 986 1150 1039 Τραύματα

127 1047 222 1099 gypt,
242 1046 303 1094 Μὴ
323 1047 436 1086 τοίνυν
459 1048 709 1101 ἐπιτρίψωμεν,
731 1049 808 1087 ἀλλ’
822 1048 1013 1098 ἷασώμεθα.
1033 1046 1149 1087 ‘1'th-

127 1109 245 1147 πτεύει
277 1111 438 1162 πονηρῶς
467 1110 528 1148 καὶ
560 1110 752 1162 ἀλογίστως
762 1125 772 1158 ;
802 1112 938 1148 Οὐκοῦν
970 1108 1148 1160 ἀνέλωμεν

126 1169 190 1216 τὴν
208 1170 375 1222 ὑποψίαν,
395 1171 444 1221 μὴ
464 1171 703 1222 ἐπιτείνωμεν·
723 1174 770 1216 εἷς
790 1170 858 1223 γὰρ
877 1171 1028 1223 Χριστὸν
1048 1171 1148 1210 αὐτὸν

129 1231 340 1283 ἁμαρτάνεις
375 1236 519 1271 τοιαῦτα
553 1234 810 1285 φιλονεικοῦσα.
834 1233 886 1270 ἌΗ
921 1233 983 1271 οὐκ
1014 1232 1149 1277 ἀκούεις

129 1296 282 1345 συνεχῶς
305 1295 340 1331 ἐν
362 1293 424 1344 μὲν
445 1296 488 1345 τῇ
509 1296 653 1346 Παλαιᾷ
679 1297 738 1332 τοῦ
763 1294 943 1337 Μωῦσέως
967 1293 1145 1345 λέγοντος,

127 1353 181 1391 ὅτι
199 1354 288 1398 Θεός
315 1356 389 1392 ἐστι
412 1355 592 1402 ζηλιι)τής;
610 1357 714 1394 αὐτοῦ
735 1353 790 1402 δὲ,
807 1355 860 1394 ὅτι
880 1354 1066 1401 Ἔζήλωκα
1085 1354 1148 1403 τὴν

129 1414 379 1466 Ἰερουσαλήμ,
402 1419 436 1454 ἐν
463 1417 497 1456 δὲ
518 1420 560 1467 τῇ
584 1417 696 1467 Καινῇ
724 1420 784 1454 τοῦ
810 1415 950 1454 Παύλου
983 1418 1148 1467 βοῶντος·

130 1477 236 1523 Ζηλῶ
255 1476 321 1528 γὰρ
341 1479 431 1527 ὑμᾶς
447 1481 537 1516 Θεοῦ
555 1479 660 1530 ζήλῳ.
674 1480 800 1526 Τοῦτο,
816 1479 846 1515 εἷ
865 1477 924 1515 καὶ
944 1477 1050 1528 μηδὲν
1072 1476 1150 1515 ἓτε-

131 1552 187 1588 ρον
218 1537 325 1584 ἄλλο,
351 1539 469 1577 ἱκανὸν
498 1534 540 1586 ἦν
569 1539 632 1587 τὴν
655 1538 702 1590 μὴ
734 1539 866 1591 σφόδρα
898 1542 1064 1577 νοσοῦσαν
1091 1539 1150 1576 καὶ

130 1599 383 1650 ἀπηλγημένην
404 1600 611 1653 ἐπιστρέψαι
636 1600 772 1652 ψυχήν·
798 1599 889 1638 οὕτω
913 1599 980 1651 γὰρ
1006 1600 1149 1652 φοὸερὸν

128 1659 187 1708 ὂν,
204 1660 267 1707 ἡδὺ
298 1661 429 1711 μᾶλλον
456 1661 604 1709 ἔστιν,ἢ
631 1661 790 1713 φοὸερόν.
813 1661 866 1698 Οὐ
887 1660 954 1712 γὰρ
982 1660 1023 1697 ἂν
1051 1660 1152 1705 ζῆλός

128 1737 212 1760 ποτε
227 1721 362 1772 γένοιτο
374 1752 383 1770 ,
408 1721 457 1772 μὴ
486 1725 617 1776 θερμῆς
635 1738 726 1766 τινος
745 1723 804 1760 καὶ
832 1722 974 1768 ζεούσης
990 1728 1150 1774 προϋπο-

129 1782 291 1832 κειμένης
325 1784 476 1834 ἀγάπης·
501 1783 592 1822 ὥστε
624 1784 774 1835 σφοδρᾶς
806 1782 867 1821 καὶ
897 1782 1152 1834 πεπυρωμένης

130 1843 272 1894 ἀγάπης
291 1849 352 1882 τοῦ
370 1846 462 1883 Θεοῦ
485 1844 544 1882 καὶ
571 1843 685 1896 φιλίας
707 1843 896 1896 τεκμήριον
925 1844 1025 1882 τοῦτό
1046 1845 1151 1882 ἐστιν.

129 1904 223 1943 Οὐδὲ
241 1904 308 1957 γὰρ
335 1906 443 1950 πάθος
470 1906 562 1944 ἐστὶν
580 1908 598 1943 ὁ
620 1907 721 1952 ζῆλος
749 1905 807 1943 ἐπὶ
832 1907 943 1953 Θεοῦ,
966 1904 1055 1943 ἀλλὰ
1089 1905 1152 1952 τὴν

129 1965 258 2017 ἄφατον
286 1967 388 2005 αὐτοῦ
409 1967 653 2018 φιλοστοργίαν
687 1968 901 2018 ἑρμηνεῦσαι
931 1964 1153 2016 βουλόμενος,

130 2023 242 2076 τούτῳ
257 2024 426 2068 πολλάκις
443 2026 685 2078 ἀποκέχρηται
703 2028 754 2078 τῷ
771 2024 928 2076 ὀνόματι.
944 2025 1036 2063 Ἀλλ’
1058 2024 1153 2074 ὅμως

130 2087 232 2134 ἡμεῖς
263 2088 295 2124 οἱ
331 2085 465 2139 σφόδρα
492 2086 696 2134 ἀναίσθητοι
725 2087 813 2140 πρὸς
839 2085 902 2130 τὰς
936 2086 1153 2138 ἀνθρωπίνας

132 2146 397 2198 καταπίπτομεν
420 2147 659 2199 συμπαθείας,
680 2149 739 2186 καὶ
760 2148 818 2187 τὸν
845 2148 907 2199 μὲν
928 2147 1034 2190 οὕτως
1052 2149 1153 2197 ἡμῶν

131 2208 288 2261 σφοδρῶς
309 2211 444 2261 ἐρῶντα
473 2209 744 2261 καθυὸρίζομεν,
766 2210 843 2254 τοὺς
864 2209 900 2248 δὲ
927 2208 1023 2248 οὐδὲν
1053 2210 1155 2246 δυνα-

132 2267 254 2318 μένους
271 2271 452 2321 ὠφελῆσαι
476 2269 582 2308 παντὶ
611 2269 730 2322 τρόπῳ
751 2269 1001 2321 θεραπεύομεν.
1021 2268 1068 2307 Τί
1087 2267 1154 2320 γάρ

133 2342 186 2375 σε,
208 2320 237 2365 ὦ
256 2329 476 2382 ταλαίπωρε,
494 2334 654 2368 τοσοῦτον
687 2332 811 2375 ὀνῆσαι
838 2327 1021 2374 δυνήσεται
1043 2330 1064 2373 ἡ
1085 2329 1154 2378 ψυ-

132 2388 202 2440 χρὰ
230 2388 317 2436 αὕτη
346 2390 563 2437 συνοίκησις,
585 2390 674 2429 ὅσων
695 2390 858 2428 ἓκΕῗάλλει
882 2405 919 2427 σε
944 2389 1151 2439 θησαυρῶν;

134 2450 267 2488 Σκόπει
304 2450 342 2489 δέ
360 2464 368 2472 ·
386 2451 532 2502 κατάγει
552 2467 590 2489 σε
620 2453 660 2489 ἐκ
687 2454 755 2489 τῶν
775 2452 929 2502 οὐρανῶν
943 2479 952 2496 ,
973 2454 1033 2488 τοῦ
1061 2464 1155 2499 νυμ-

133 2514 244 2563 φῶνος
267 2512 454 2551 ἀπελαύνει
487 2517 546 2552 τοῦ
580 2515 817 2563 πνευματικοῦ
834 2542 844 2558 ,
868 2510 1082 2560 διαζεύγνυσί
1119 2525 1157 2547 σε

134 2577 193 2612 τοῦ
222 2573 379 2625 οὐρανίου
414 2574 586 2625 νυμφίου,
608 2574 764 2627 προξενεῖ
794 2572 857 2619 τὴν
893 2571 1062 2611 ἀθάνατον
1093 2570 1156 2609 κό-

133 2637 257 2685 λασιν,
277 2636 321 2675 τὰ
351 2635 606 2688 βασανιστήρια
631 2636 674 2675 τὰ
695 2635 792 2678 τέλος
822 2636 883 2673 οὐκ
909 2634 1046 2686 ἔχοντα·
1068 2632 1157 2670 Ἀντὶ

134 2696 286 2746 τούτων,
304 2700 333 2736 εἷ
354 2697 398 2736 τὰ
421 2697 578 2748 μέταλλα
597 2696 742 2750 χρυσίου
765 2702 935 2749 παρεῖχεν
955 2698 972 2733 ὁ
990 2696 1156 2733 συνοικῶν

136 2757 262 2809 μυρία,
290 2759 320 2796 εἰ
355 2762 424 2797 τῶν
460 2758 713 2810 ἀργυρωνήτων
748 2773 802 2796 σοι
832 2758 963 2808 μᾶλλον
995 2755 1157 2793 ὑπέκειτο
1197 2787 1204 2796 ,

136 2819 381 2872 ἀνδραπόδων,
407 2821 436 2858 εἰ
461 2823 522 2866 τῆς
556 2820 730 2871 βασιλίδος
761 2820 868 2865 αὐτῆς
902 2820 936 2856 ἐν
967 2817 1099 2855 πλείονί
1120 2834 1157 2856 σε

134 2880 194 2919 καὶ
214 2884 301 2934 τιμῇ
332 2881 392 2919 καὶ
422 2882 614 2920 ἀναπαύσει
633 2881 806 2929 καθίστη,
827 2875 895 2933 ἀρα
923 2882 987 2932 οὐχ
1015 2882 1061 2922 ὡς
1090 2880 1155 2916 λυ-

137 2944 254 2993 μεῶνα
299 2943 358 2982 καὶ
393 2943 515 2996 ἐχθρὸν
552 2942 611 2981 καὶ
657 2941 796 2992 μείζονα
848 2941 1100 2993 ἀφαιρούμενον
1134 2939 1155 2984 ἢ

136 3004 274 3044 διδόντα
290 3035 300 3053 ,
319 3005 409 3044 οὕτω
429 3009 543 3054 μισεῖν
572 3004 630 3043 καὶ
657 3003 937 3056 ἀποστρέφεσθαι
957 3002 1046 3049 ἔδει,
1069 3001 1156 3054 ΙΙερὶ

135 3068 203 3103 τῶν
227 3068 262 3104 ἐν
281 3072 352 3110 τοῖς
381 3068 534 3118 οὐρανοῖς
553 3068 691 3117 ἀγαθῶν
708 3067 726 3102 ὃ
744 3065 844 3115 λόγος
872 3079 926 3102 σοι
955 3062 1156 3115 πρόκειται,

136 3126 215 3180 περὶ
239 3129 301 3172 τῆς
327 3128 398 3165 ἐκεῖ
421 3125 617 3178 βασιλείας,
637 3126 717 3177 περὶ
747 3130 809 3173 τῆς
840 3125 1012 3164 ἀθανάτου
1048 3126 1155 3170 Cui-kq,

136 3188 216 3239 περὶ
234 3191 296 3235 τῆς
315 3188 511 3241 ἀπορρήτου
530 3187 639 3234 δόξης·
662 3187 703 3226 σὺ
724 3187 759 3226 δὲ
782 3186 911 3239 γηΐνων
932 3185 1156 3236 μνημονεύεις

138 3249 373 3301 πραγμάτων,
392 3249 451 3288 καὶ
475 3248 533 3287 τὸν
561 3251 595 3286 ἐν
624 3248 764 3292 ἐκείνοις
791 3249 964 3301 χρήσιμον
986 3242 1070 3284 εἶναι
1104 3249 1153 3283 δο-

139 3312 264 3349 κοῦντα
284 3309 484 3363 θεραπεύεις
503 3310 623 3363 ὥσπερ
638 3310 822 3356 δεσπότην,
844 3309 902 3346 καὶ
921 3311 957 3346 οὐ
977 3307 1131 3356 καταδύη
1147 3337 1154 3349 ,

141 3369 216 3408 οὐδὲ
243 3370 327 3423 εὔχῃ
350 3373 531 3419 διαστῆναί
553 3389 605 3411 σοι
626 3372 687 3419 τὴν
712 3375 776 3423 γ’ῆν
790 3404 798 3419 ‚
820 3372 877 3410 καὶ
899 3371 1004 3412 οὕτως
1026 3371 1154 3408 ἐνθένδε

144 3433 429 3479 ἀπελθεῖν;Ὰλλ’
457 3434 634 3474 ἀσθένειάν
663 3449 720 3483 μοι
751 3433 932 3485 προῦάλλη
963 3431 1158 3482 γυναικ;ιά.,

148 3491 286 3541 φύσεως,
306 3494 361 3531 καὶ
379 3498 504 3545 χρειῶν
526 3496 750 3546 nivosa-mium
771 3495 979 3544 οἰκονομίαν,
998 3494 1053 3530 ml
1076 3497 1113 3528 riv
1127 3495 1158 3528 1st

1164 1210 1212 1276 228
1225 1231 1271 1269 de
1286 1230 1341 1267 his
1361 1227 1555 1267 contendit.
1571 1229 1625 1264 An
1642 1239 1710 1263 non
1725 1224 1829 1263 audis
1847 1224 1882 1261 in
1901 1223 2023 1263 Veteri
2041 1224 2181 1261 Mosem

2086 271 2177 317 515

1226 382 1303 411 tum
1325 374 1371 412 ob
1390 374 1598 411 diuturnam
1617 371 1878 421 valetudinem,
1908 384 1967 410 cos
1987 370 2048 421 qui
2071 370 2177 408 illum

1223 434 1456 482 exacerbant,
1475 435 1582 471 domo
1599 432 1791 483 abigimus,
1805 445 1919 482 neque
1937 430 2090 468 multum
2107 429 2190 477 dis-,

1225 503 1395 547 putamus
1410 525 1420 543 ,
1440 508 1482 531 an
1498 494 1594 546 juste
1625 492 1682 531 vel
1708 493 1839 545 injuste
1859 492 1914 530 illi
1932 492 2001 529 hoc
2018 491 2174 537 faciant,

1222 557 1283 595 sed
1299 566 1425 608 negata
1442 557 1514 595 illis
1529 557 1626 595 omni
1642 556 1864 602 defensione,
1883 565 1915 593 et
1932 555 2017 592 huic
2032 554 2115 593 data
2133 554 2179 593 ob

1223 618 1467 655 infirmitatem
1478 619 1581 656 venia
1591 647 1600 665 ,
1614 616 1778 667 quamvis
1791 616 1922 667 injuste
1933 616 2178 663 exacerbetur,

1185 704 1190 714 .
1223 680 1298 731 ejus
1308 679 1530 717 miseremur.
1545 678 1652 724 Quod
1665 678 1692 716 si
1705 691 1769 715 nos
1781 677 1848 714 hac
1863 690 1947 713 cura
1959 676 2051 713 circa
2062 677 2180 713 famu-

1223 742 1275 779 los
1296 750 1330 779 et
1348 753 1478 792 pueros
1493 739 1645 786 utimur,
1667 748 1699 776 et
1721 751 1812 790 saepe
1827 737 1945 775 filium
1961 737 2010 774 ita
2025 751 2181 788 peccan—

1223 811 1295 841 tem
1325 801 1567 852 flagellamus,
1597 800 1711 837 multo
1743 799 1858 849 magis
1888 798 2003 835 bonus
2025 799 2119 835 Deus
2149 807 2182 835 et

1223 864 1376 903 clemens
1395 872 1429 900 et
1449 876 1570 913 aequus
1589 860 1657 899 lioe
1676 861 1792 898 faciet.
1813 859 1911 906 Quid
1939 858 2058 896 dicis?
2078 858 2183 896 infir-

1224 940 1305 964 mus
1328 934 1379 963 est
1398 925 1460 975 qui
1489 923 1709 961 offenditur?
1736 922 1854 973 Igitur
1884 920 2015 972 dignus
2041 928 2094 956 est
2124 920 2182 957 cui

1224 995 1405 1040 parcatur,
1429 999 1498 1023 non
1521 993 1561 1022 ut
1590 984 1755 1022 laedatur.
1779 982 1939 1022 Vulnera
1968 981 2103 1018 habet?
2130 981 2182 1018 Ne

1223 1049 1335 1100 igitur
1351 1056 1565 1093 atteramus,
1585 1045 1644 1084 sed
1662 1057 1840 1083 curemus.
1861 1041 2071 1095 Suspicatur
2090 1042 2183 1080 male

1223 1119 1258 1149 et
1277 1107 1551 1162 imprudenter?
1573 1107 1688 1158 Igitur
1703 1105 1903 1142 auferamus
1924 1104 2182 1156 suspicionem,

1225 1185 1294 1209 non
1316 1182 1508 1221 augeamus
1531 1184 1539 1205 :
1562 1167 1597 1205 in
1620 1166 1804 1205 Christum
1831 1164 1925 1202 enim
1954 1174 2075 1217 peccat
2104 1178 2182 1215 quae

2195 1266 2301 1294 E.1ml,
2335 1273 2384 1294 20.

1227 1304 1317 1343 saepe
1345 1288 1542 1337 dicentem,
1566 1288 1673 1325 Deus
1702 1286 1843 1323 zelotes
1871 1294 1926 1322 est
1943 1289 1960 1322 Ρ
1977 1293 2009 1322 et
2029 1284 2179 1331 iterum,
2196 1306 2226 1334 5.

1225 1353 1366 1391 Zelavi
1383 1349 1605 1389 Jerusalem
1624 1364 1634 1384 .-
1658 1347 1694 1385 in
1712 1348 1814 1386 Novo
1833 1360 1917 1383 vero
1934 1346 2087 1384 Paulum
2105 1346 2180 1383 ela—
2194 1348 2289 1375 Zurb-

2222 1392 2228 1403 ι

1226 1422 1380 1451 mantem
1393 1443 1402 1460 ,
1423 1411 1601 1448 AEmzclor
1619 1412 1719 1446 enim
1738 1422 1811 1446 ‘vos
1829 1409 1903 1445 Dei
1922 1407 2179 1444 (emulatione.
2197 1396 2247 1449 .¹,⁴'

1225 1475 1322 1523 IIoc,
1340 1473 1369 1510 si
1384 1469 1604 1519 nihilaliud,
1620 1468 1781 1506 sufficere
1791 1467 1961 1513 debebat,
1978 1482 2020 1505 ne
2031 1468 2180 1505 subver-
2199 1478 2226 1499 Β.

1226 1543 1359 1572 teretur
1377 1533 1515 1580 anima,
1535 1531 1641 1569 etiam
1660 1544 1728 1567 non
1748 1529 1850 1567 valde
1865 1529 2005 1566 infirma
2023 1538 2055 1567 et
2072 1543 2179 1580 aegra.

1228 1596 1320 1632 Cum
1339 1594 1433 1631 enim
1456 1605 1510 1628 res
1533 1590 1619 1628 adeo
1643 1590 1690 1628 sit
1710 1588 1906 1637 terribilis,
1928 1588 2045 1625 dulcis
2066 1590 2181 1639 magis

1227 1664 1296 1702 est,
1321 1667 1430 1704 quam
1449 1650 1633 1690 terribilis.
1652 1651 1857 1700 Numquam
1877 1649 1970 1686 enim
1991 1649 2086 1686 zelus
2105 1660 2179 1695 est,

1227 1728 1296 1752 non
1319 1721 1498 1766 praeeunte
1514 1711 1659 1748 caritate
1678 1710 1798 1760 aliqua
1816 1709 1931 1747 calida
1951 1717 1985 1746 et
2003 1709 2179 1759 fervente,

1227 1778 1276 1814 ita
1287 1785 1325 1814 ιιι
1336 1776 1404 1813 hoc
1416 1774 1461 1813 sit
1471 1782 1723 1824 argumentum
1734 1771 1952 1810 vehementis
1961 1770 2185 1822 ardentisque

1228 1837 1295 1876 Dei
1316 1834 1472 1874 caritatis
1497 1843 1530 1873 et
1550 1833 1730 1872 amicitiae.
1753 1833 1832 1871 Non
1859 1832 1952 1870 enim
1973 1832 2113 1870 affectio
2134 1843 2184 1871 est

1227 1897 1322 1936 zelus
1352 1897 1389 1935 in
1418 1897 1509 1946 Deo,
1543 1895 1603 1933 sed
1632 1894 1755 1932 volens
1783 1893 1995 1931 immensum
2027 1907 2184 1932 amorem

1229 1973 1336 1997 suum
1364 1957 1610 2010 interpretari,
1634 1956 1701 1994 boc
1722 1969 1814 2007 saepe
1833 1969 1917 1992 usus
1947 1963 1997 1992 est
2026 1955 2180 1993 nomine.

1229 2022 1395 2057 Attamen
1413 2032 1475 2057 nos
1492 2017 1554 2070 qui
1570 2016 1674 2057 valde
1688 2016 1854 2054 insensati
1874 2015 1918 2053 ad
1935 2015 2107 2054 humanas
2122 2015 2183 2054 de-

1230 2081 1383 2119 cidimus
1403 2081 1628 2128 affectiones,
1649 2092 1729 2116 eum
1757 2077 1820 2128 qui
1842 2091 1904 2115 nos
1933 2086 2071 2115 tantum
2091 2087 2187 2116 amat

1228 2142 1439 2180 contumelia
1460 2141 1639 2179 afficimus
1655 2170 1664 2188 ,
1686 2154 1744 2177 eos
1764 2148 1882 2176 autem
1912 2139 1971 2189 qni
1994 2139 2083 2177 nihil
2117 2154 2181 2177 no-

1229 2202 1285 2240 bis
1313 2204 1482 2255 prodesse
1507 2211 1656 2255 possunt
1683 2200 1851 2238 omnibus
1877 2200 1995 2238 modis
2018 2202 2182 2239 colimus.

1229 2264 1330 2311 Quid
1345 2264 1512 2302 enimtibi
1524 2294 1534 2311 ,
1547 2278 1567 2301 o
1578 2263 1724 2310 misera,
1740 2270 1875 2299 tantum
1894 2262 2060 2313 prodesse
2072 2271 2185 2314 polest

1228 2325 1363 2376 frigida
1385 2325 1460 2362 haec
1487 2323 1727 2368 cohabitatio,
1748 2336 1828 2360 eum
1848 2331 1945 2360 tanto
1966 2322 2130 2361 thesauro
2152 2332 2186 2360 te

1229 2386 1373 2439 privet?
1387 2386 1482 2425 Vide
1494 2416 1502 2431 ‚
1516 2399 1651 2435 quaeso:
1665 2383 1808 2421 deducit
1822 2392 1853 2420 te
1865 2397 1884 2420 e
1898 2383 2010 2429 cerlis,
2023 2384 2185 2422 excludit

1230 2458 1263 2486 te
1274 2447 1451 2500 spirituali
1466 2446 1639 2492 thalsnno,
1655 2444 1808 2496 sejungit
1825 2452 1856 2480 te
1867 2458 1884 2480 a
1899 2444 2027 2482 caelesti
2042 2459 2184 2496 sponso,

1231 2518 1331 2562 parat
1345 2508 1408 2546 tibi
1424 2506 1637 2545 immortalia
1650 2505 1825 2556 supplicia
1844 2514 1876 2542 et
1895 2514 2064 2542 tormenta
2078 2505 2183 2542 tinem

1231 2585 1299 2609 non
1322 2569 1503 2607 habentia.
1524 2569 1593 2605 Pro
1612 2567 1668 2603 liis
1688 2566 1716 2603 si
1739 2566 1867 2602 talenta
1888 2566 2070 2603 inunum-a
2092 2581 2182 2618 prze-

1230 2633 1325 2670 lieret
1344 2629 1607 2669 contubernalis
1625 2638 1724 2673 tuus,
1742 2628 1769 2664 si
1788 2627 1959 2678 promtior
1975 2636 2061 2664 esset
2084 2641 2185 2665 nian-

1231 2693 1334 2746 cipiis
1354 2690 1549 2737 venalitiis,
1565 2690 1593 2726 si
1613 2700 1644 2727 te
1666 2689 1698 2726 in
1721 2689 1846 2739 majori
1868 2688 1999 2725 honore
2015 2698 2045 2726 et
2063 2687 2183 2739 digni-

1232 2764 1300 2792 tato
1324 2753 1570 2794 constitueret,
1604 2763 1711 2800 quain
1744 2749 1787 2785 sit
1818 2749 1935 2798 regina
1954 2763 1961 2784 :
1979 2762 2021 2786 an
2052 2762 2119 2786 non
2148 2759 2185 2786 ιιι

1229 2815 1442 2854 damnosum
1473 2822 1504 2850 et
1543 2810 1746 2853 inimicum,
1777 2818 1808 2846 et
1837 2809 1938 2860 plura
1970 2809 2185 2847 ειιιιὶϊιῚιιι-ιιι

1230 2890 1336 2928 quam
1356 2876 1513 2917 dantem,
1535 2872 1583 2909 sic
1604 2871 1759 2909 avorsari
1782 2879 1813 2907 rt
1835 2869 1916 2907 odio
1938 2869 2067 2907 habere
2085 2884 2186 2922 opor-

1231 2947 1313 2976 teret
1325 2938 1342 2975 Ρ
1363 2934 1577 2988 l‘roponitur
1598 2932 1660 2970 tibi
1686 2946 1770 2969 cura
1786 2931 1831 2969 dc
1850 2931 1951 2968 bonis
1966 2931 2185 2973 cai-testibus,

1229 3007 1273 3045 de
1290 3020 1395 3056 regno
1413 3005 1532 3041 futuro
1545 3034 1554 3047 ,
1572 3000 1616 3038 de
1632 3000 1701 3036 vitu
1719 2997 1910 3035 immortali
1925 3027 1933 3039 .
1955 2996 1999 3034 de
2014 2997 2184 3035 ineffabili

1229 3068 1355 3117 gloria:
1395 3075 1431 3102 ιιι
1453 3078 1534 3102 vero
1555 3061 1691 3110 negotia
1711 3069 1843 3097 terrena
1864 3072 2135 3101 coiinurinoras,
2153 3069 2184 3096 rt

1231 3130 1324 3166 liunc
1341 3127 1384 3164 ud
1402 3125 1463 3162 illa
1482 3124 1603 3160 mih-m
1621 3136 1633 3158 ι
1647 3122 1736 3158 isnin
1754 3120 1840 3156 colis.
1853 3119 1953 3170 quasi
1970 3119 2155 3158 dominnm
2169 3152 2177 3162 .

1229 3200 1260 3227 et
1279 3203 1345 3227 non
1365 3197 1397 3225 te
1418 3185 1572 3223 occultas
1585 3214 1592 3225 .
1613 3195 1724 3232 neque
1742 3195 1822 3218 orus
1837 3191 1872 3218 ιιι
1898 3189 1928 3219 ιι·
1949 3189 2038 3217 terra
2056 3180 2183 3218 absor-

1230 3252 1307 3288 lwnt
1319 3282 1327 3294 ,
1343 3258 1376 3286 ιιι
1393 3248 1442 3285 ,κὶα-
1460 3242 2185 3294 ind«-111ign=>3'52·‹tiulii-mitatemnuutio-

1232 3310 1304 3347 bris.
1318 3317 1450 3345 nutura·
1466 3304 1551 3343 mihi
1570 3302 1787 3355 pt·.t·t‹·xis·,rt
1803 3301 2039 3339 huniam-um
2056 3316 2182 3339 usuum

1231 3365 1526 3418 dispensatum-ni
1541 3394 1546 3403 ,
1564 3370 1594 3398 ι·ι
1609 3360 1760 3411 quictem
1778 3359 2029 3400 donwstiruni.
2049 3360 2182 3409 tint—vus

1232 3438 1261 3466 rt
1281 3439 1490 3478 roiuponrus
1511 3420 1778 3475 pturtcxtusqui
1795 3434 1861 3456 non
1883 3421 1989 3456 suns)
2019 3424 2050 3456 ιι
2074 3436 2174 3469 nequ«

1234 3504 1281 3525 η(-
1302 3502 1357 3523 vus
1376 3500 1435 3536 «pn
1459 3498 1510 3521 rot
1536 3482 1660 3520 ludu-nt
1680 3480 1779 3517 salle>
1820 3482 1895 3517 15⁰1!
1917 3490 1963 3518 r>t
1984 3494 2095 3519 υιιιιιι.
2116 3496 2181 3517 nou

2197 1450 2224 1457 ...
2245 1432 2316 1462 ιὐν,

2355 1356 2382 1375 1.
