2549 3825
565 302 622 332 nn
658 302 827 333 emus‘n
865 300 1099 342 rimemus,
1131 299 1305 330 coa‘rna
1344 300 1584 330 anomaeos
1621 299 1682 329 ix.
2065 284 2152 340 641

176 389 313 427 Verum
333 387 425 426 circa
446 388 613 440 priorem,
629 400 708 437 quae
737 394 788 424 est
814 386 858 423 de
878 386 1011 423 Lazaro
1031 382 1286 434 quatriduano,
1307 397 1377 421 non
1400 381 1634 435 spernendam
1658 380 1763 419 nobis
1783 390 1904 419 movet
1933 382 2162 433 quaestionem
2178 394 2228 418 524

119 448 284 486 Halesius
306 448 343 486 in
358 447 457 486 Notis
471 446 679 492 Savilianis,
690 445 751 483 ubi
771 447 819 484 sic
829 446 980 497 legitur:
1000 461 1019 480 «
1032 443 1240 482 Orationem
1252 444 1343 481 hanc
1364 459 1409 482 ex
1424 443 1643 481 bibliotheca
1656 442 1767 493 Regia
1783 442 1934 481 Lutetiae
1948 443 2164 496 descriptam

120 508 387 547 emendavimus
408 523 453 547 ex
471 510 540 548 Ms.
563 508 597 546 in
616 506 835 545 bibliotheca
853 510 1073 557 Augustana.
1094 504 1235 542 Halesio
1255 518 1323 542 non
1345 504 1487 542 videtur
1506 503 1643 554 γνησία.
1659 503 1783 555 Stylus
1803 512 1894 541 certe
1908 534 1918 551 ,
1938 503 2056 554 inquit
2076 504 2137 542 ille
2151 534 2161 551 ,

119 583 190 607 non
209 569 376 607 abhorret
395 569 547 607 multum
568 584 576 605 τ
599 578 636 606 at
655 567 830 606 tractandi
848 568 938 605 ratio
961 596 972 614 ‚
988 567 1094 605 simul
1115 575 1148 602 et
1162 564 1376 601 inventionis
1399 565 1523 602 modus
1540 566 1712 602 Joannem
1733 572 1893 600 nostrum
1913 578 1981 602 uon
2003 564 2161 616 sapiunt.

120 630 226 668 Ratio
243 644 350 680 quam
369 629 488 667 reddit
509 644 572 667 cur
589 629 753 668 Christus
776 629 950 666 Lazarum
972 627 1183 665 nominatim
1197 625 1419 676 compellarit
1439 654 1448 672 ,
1465 622 1678 675 apostrophe
1693 622 1739 659 ad
1760 623 1937 661 infernum
1955 633 1986 661 et
2008 623 2167 676 ejusdem

123 690 370 742 prosopopoeia
390 690 642 742 νεανικωτέραν
658 689 754 727 olent
772 689 964 727 audaciam
983 688 1134 738 alicujus
1151 685 1283 735 ingenii
1301 684 1505 722 recentioris
1519 693 1666 720 monetae
1679 712 1688 730 ,
1708 696 1776 720 non
1797 693 1914 721 autem
1935 685 2034 721 illam
2055 687 2167 724 Joan-

119 750 176 788 nis
198 750 427 788 soliditatem.
448 751 583 788 Referri
605 759 696 788 certe
711 749 836 788 debuit
856 751 949 787 inter
967 745 1283 799 ἀμφιέαλλόμενα,
1298 754 1359 782 aut
1385 744 1491 782 etiam
1517 744 1739 793 νοθευόμενα.
1757 743 1829 781 Sed
1849 745 1964 782 nescio
1984 747 2162 795 quomodo

117 810 252 848 factum
272 820 334 856 est,
351 820 415 859 ,ut,
438 812 540 849 nobis
570 810 672 848 aliud
695 811 896 862 agentibus,
915 809 952 846 in
968 819 1154 845 numerum
1179 805 1359 857 irrepserit
1377 807 1445 842 τῶν
1464 803 1616 854 γνησίων
1637 803 1697 841 καὶ
1716 803 1930 849 ἀκιέδτζλων.
1949 821 1967 839 »
1988 805 2070 843 Haec
2096 807 2165 843 Ηῑι

66 915 74 922 ⁸
119 871 239 918 lesius,
261 873 337 922 qui,
357 872 386 909 si
413 871 722 910 animadvertisset
755 871 845 908 hanc
875 869 1078 907 concionem
1116 865 1248 904 diserte
1275 864 1464 903 memorari
1500 864 1536 901 in
1567 877 1605 901 ea
1623 893 1632 910 ‚
1651 878 1729 913 quae
1757 863 1802 901 de
1828 864 1962 902 Christi
2001 867 2168 917 precibus

119 932 340 978 inscribitur,
358 932 393 969 in
412 946 519 982 quam
535 931 632 969 nulla
648 931 779 973 νοθείας
793 929 948 981 suscipio
968 927 1092 965 cadere
1107 936 1264 978 potest‚a
1279 936 1351 964 tam
1367 925 1469 977 gravi
1485 925 1574 963 forte
1590 924 1760 962 sententia
1778 925 2166 965 abstinuissetNerum

119 993 204 1043 quia
224 993 260 1030 in
280 992 433 1030 editione
451 992 632 1031 Saviliana
652 992 752 1044 prior
776 990 821 1027 de
843 991 975 1027 Lazaro
1000 1003 1019 1026 a
1045 988 1237 1040 posteriore
1256 987 1300 1025 de
1321 986 1453 1025 Christi
1475 986 1639 1037 precibus
1657 985 1764 1036 longo
1785 985 1972 1024 intervallo
2011 997 2168 1039 separata

114 1054 220 1104 jacet,
239 1067 307 1091 non
328 1053 480 1091 advertit
494 1054 658 1092 Halesius
669 1053 965 1105 Chrysostomum
981 1051 1100 1103 ipsum
1120 1049 1251 1101 prioris
1269 1047 1314 1086 de
1328 1049 1461 1085 Lazaro
1478 1048 1513 1084 in
1542 1047 1610 1084 hac
1629 1046 1822 1097 posteriore
1847 1047 2064 1097 γνησιότητα
2085 1062 2172 1086 con·

0 1115 2 1142 ἶ
117 1114 273 1152 firmare.
292 1115 384 1152 Nam
399 1115 450 1152 sic
465 1114 570 1152 habet
590 1128 687 1152 num.
703 1117 726 1151 2
746 1129 755 1150 z
777 1115 893 1151 Scitis
923 1126 1012 1161 ergo
1036 1125 1083 1149 ac
1107 1111 1347 1156 meministis,
1378 1122 1500 1157 nuper
1520 1121 1587 1145 nos
1607 1107 1654 1144 de
1679 1108 1878 1156 Unigeniti
1896 1108 2022 1159 gloria
2051 1109 2172 1147 disse-

117 1183 307 1213 rentes....
325 1184 442 1225 atque
456 1175 550 1213 illas
572 1175 726 1225 quidem
742 1186 879 1212 causas
897 1176 994 1211 satis
1016 1181 1095 1210 tum
1113 1174 1334 1222 persequuti
1354 1182 1504 1217 sumus,
1525 1177 1561 1205 et
1579 1168 1704 1217 illius,
1727 1182 1846 1215 qaam
1863 1182 1934 1220 pro
1951 1170 2120 1215 Lazaro,
2136 1180 2171 1207 et

0 1197 5 1316 ι
119 1235 295 1283 alterius,
317 1249 434 1287 quam
448 1238 489 1273 in
513 1250 624 1274 eruce
645 1235 800 1281 obtulit,
822 1236 1010 1272 orationis
1035 1234 1261 1270 memoriam
1288 1231 1549 1282 refricuimus,
1568 1238 1605 1266 et
1629 1229 1864 1266 ostendimus
1889 1230 1992 1267 lianc
2013 1232 2169 1281 quidem

0 1323 5 1344 ἶ
118 1298 205 1335 ideo
216 1298 354 1349 susam
371 1311 467 1344 esse,
490 1306 531 1335 ut
549 1297 850 1349 dispensationis
864 1298 906 1332 in
925 1295 1150 1346 carne-fides
1165 1292 1441 1338 adstruat-etur,
1458 1291 1570 1327 illam
1587 1304 1680 1328 vero
1699 1321 1708 1339 ,
1730 1299 1771 1327 ut
1791 1291 2016 1328 auditorum
2049 1294 2169 1330 imbe-

0 1349 6 1404 ᾖ
121 1359 277 1396 cillitati
307 1358 537 1405 consuleret,
557 1359 738 1410 cumipse
759 1370 1009 1408 nequaquam
1029 1356 1178 1392 auxilio
1209 1354 1410 1404 indigeret.
1439 1353 1564 1390 Porro
1594 1352 1720 1389 malta
1740 1353 1854 1402 sacta
1891 1355 2011 1390 etiam
2041 1355 2090 1390 ab
2127 1368 2168 1391 eo

2 1424 7 1443 '>
107 1419 251 1471 fuisse,
269 1427 310 1457 at
327 1420 591 1457 humilitatem
604 1419 694 1456 illos
714 1419 892 1462 doceret,·'
906 1418 1000 1455 audi
1016 1431 1100 1468 quae
1115 1417 1292 1467 probent.
1312 1414 1474 1464 Aquam
1494 1415 1597 1451 misit
1614 1415 1655 1450 in
1672 1414 1830 1464 pelvim,
1851 1422 1918 1452 ete.
1944 1416 2034 1461 Quae
2051 1416 2170 1452 omnia

2 1446 8 1538 l
120 1479 156 1516 in
173 1479 338 1518 concione
353 1480 397 1518 de
411 1480 543 1518 Lazaro
563 1479 804 1530 quatriduano
824 1479 1008 1530 perspicue
1028 1486 1228 1515 narrantur.
1254 1476 1300 1514 Et
1320 1489 1419 1512 num.
1438 1477 1462 1513 5
1491 1490 1498 1510 :
1529 1475 1664 1525 Atque
1679 1484 1718 1512 ut
1735 1475 1966 1525 intelligatis
1984 1484 2172 1527 attempe-

0 1544 9 1584 l
106 1542 284 1585 ‚rationis
299 1555 380 1579 esse
396 1544 624 1588 orationem,
636 1543 826 1592 principio
848 1539 1000 1591 quidem
1009 1541 1095 1592 jam
1111 1553 1157 1576 ex
1174 1541 1234 1584 iis,
1251 1550 1337 1587 {711oe
1351 1539 1456 1573 circa
1480 1537 1671 1573 Lazarum
1685 1536 1911 1573 acciderunt
1931 1537 2174 1575 demonstra-

5 1589 10 1654 }
123 1604 301 1640 vimus...
318 1610 353 1639 et
379 1616 537 1640 causam
553 1610 633 1639 tam
646 1602 830 1649 diximus,
845 1601 950 1652 quod
960 1599 1220 1637 imbecillitati
1234 1599 1474 1636 adstantium
1494 1597 1614 1634 vellet
1628 1597 1828 1634 consulere
1843 1612 1856 1636 .·
1871 1611 1987 1649 qaam
2011 1611 2172 1636 causam

6 1664 11 1682 ⁹
120 1665 236 1701 etiam
251 1664 349 1700 dixit
362 1666 452 1715 ipse,
470 1677 556 1702 cum
577 1672 711 1714 aperte
729 1663 833 1700 illud
849 1662 1004 1699 addidit
1021 1676 1032 1696 .-
1056 1677 1075 1696 α
1097 1662 1264 1710 Propter
1283 1660 1547 1709 turbarn,quce
1565 1659 1790 1695 circumstat
1807 1657 1903 1707 dixi,
1916 1669 1978 1696 »et
1995 1673 2072 1696 non
2081 1658 2173 1710 jam

6 1684 12 1777 i
121 1726 332 1761 orationem
340 1724 433 1772 ,sed
447 1737 581 1762 vocem
603 1732 794 1760 mortuam
815 1724 1017 1766 excitasse,
1032 1722 1126 1758 satis
1148 1729 1228 1758 tam
1249 1721 1612 1757 demonstravimus.
1632 1721 1719 1758 Haec
1739 1732 1844 1770 porro
1862 1719 1980 1757 confer
1999 1734 2080 1758 cum
2102 1721 2145 1759 iis
2162 1751 2171 1762 ,

7 1783 13 1845 ξ
119 1797 198 1834 quae
217 1783 252 1821 in
272 1784 421 1821 homilia
439 1783 484 1821 de
500 1784 634 1821 Lazaro
652 1783 741 1821 dicit
761 1797 859 1820 num.
876 1785 915 1830 5,
928 1791 962 1819 et
975 1782 1093 1819 statim
1111 1781 1303 1834 comperies
1322 1780 1414 1818 hanc
1433 1779 1740 1831 ipsamhomiliam
1755 1794 1774 1816 a
1786 1779 2057 1832 Chrysostomo,
2070 1783 2172 1833 quasi

120 1857 234 1896 nuper
253 1844 425 1893 habitam,
446 1845 649 1883 memorari.
671 1846 722 1884 Ut
758 1858 843 1882 vero
874 1843 1010 1882 caeteris
1040 1857 1269 1881 occurramus
1302 1842 1348 1880 ab
1374 1841 1517 1879 Halesio
1539 1840 1688 1891 objectis
1707 1842 1948 1891 argumentis,
1971 1843 2173 1881 consideres

124 1904 235 1943 velim
250 1905 444 1944 orationem
461 1905 506 1944 de
524 1907 656 1944 Lazaro
671 1905 907 1957 quatriduano
927 1903 1216 1956 αὖτοσχεδίασμα
1229 1917 1304 1942 esse
1319 1901 1686 1955 Chrysostomi.Na1n
1711 1915 1793 1938 cum
1820 1915 1865 1939 ex
1886 1902 2036 1940 lectione
2050 1903 2175 1942 Evan-

121 1965 206 2017 gelii
228 1965 273 2003 de
292 1967 424 2004 Lazaro
443 1967 680 2019 quatriduano
693 1997 703 2016 ,
717 1976 804 2005 tunc
827 1967 863 2004 in
883 1975 976 2004 coetu
1004 1966 1172 2004 Ecclesiae
1192 1974 1333 2017 peracta
1351 1994 1361 2012 ,
1379 1962 1544 2001 Anomoei
1563 1971 1596 1999 et
1615 1961 1733 2001 Judaei
1748 1992 1757 2009 ,
1779 1972 1816 2000 ut
1838 1962 1914 2014 ipse
1947 1963 2050 2001 initio
2070 1965 2172 2009 dicit,

122 2027 410 2066 contradictionis
429 2042 548 2066 ansam
565 2029 762 2081 arriperent
781 2028 1009 2079 dicerentque
1041 2042 1110 2065 non
1138 2040 1259 2078 parem
1279 2039 1353 2064 esse
1385 2024 1486 2062 Patri
1512 2037 1593 2060 eum
1608 2053 1618 2071 ,
1634 2023 1695 2074 qui
1717 2023 1858 2061 Patrem
1885 2035 2088 2076 precaretur
2105 2057 2113 2071 ,
2131 2040 2177 2064 ex

121 2095 282 2140 tempore
302 2088 582 2141 Chrysostomus
601 2090 692 2128 hanc
712 2091 905 2128 orationem
925 2088 1055 2127 habuit
1073 2105 1082 2126 ε
1104 2088 1164 2126 ubi
1194 2087 1284 2125 mira
1314 2086 1488 2135 solitaque
1508 2084 1546 2122 vi
1578 2084 1848 2123 ratiociniorum
1881 2084 2038 2123 adversae
2065 2088 2176 2138 partis

121 2158 327 2199 argumenta
357 2149 505 2202 depellit
525 2166 533 2187 t
553 2165 593 2188 ac
622 2151 704 2189 licet
735 2151 848 2189 oratio
879 2164 949 2188 uon
982 2159 1120 2187 assueta
1156 2157 1340 2200 troporum
1359 2153 1563 2184 ornamenta
1586 2159 1657 2196 prae
1674 2159 1709 2182 se
1723 2146 1826 2193 ferat,
1840 2145 1922 2196 quia
1942 2146 2115 2186 nimirum
2135 2147 2173 2185 id

128 2222 247 2246 rerum
263 2210 419 2249 conditio
438 2225 507 2249 non
525 2212 740 2262 postulabat,
755 2221 910 2249 attamen
932 2211 1047 2263 stylus
1059 2241 1070 2257 ,
1088 2223 1202 2261 neque
1228 2209 1305 2260 ipso
1324 2207 1463 2259 penitus
1479 2205 1656 2243 diffitente
1672 2205 1812 2244 Halesio
1826 2235 1836 2255 ‚
1872 2207 2171 2258 Chrysostoiuum

122 2282 266 2308 omnino
286 2281 393 2322 sapit.

175 2331 247 2369 Sed
266 2333 382 2383 pergit
401 2333 578 2381 Halesius‚
595 2329 615 2369 a
638 2333 745 2372 Ratio
763 2349 869 2386 quam
887 2334 1006 2373 reddit
1028 2348 1091 2372 cur
1105 2332 1267 2370 Christus
1287 2332 1459 2369 Lazarum
1479 2327 1688 2366 nominatim
1705 2328 1892 2378 compellet
1911 2359 1921 2373 ‚
1948 2330 2166 2382 apostrophe

122 2391 166 2430 ad
188 2391 363 2429 infernum
383 2401 416 2430 et
435 2393 594 2443 ejusdcm
616 2396 861 2447 prosopopoeia
881 2395 1134 2448 νεανικωτέραν
1153 2394 1246 2431 olent
1261 2391 1448 2430 audaciam
1463 2389 1614 2440 alicujus
1633 2388 1763 2439 ingenii
1780 2390 1984 2427 recentioris
2002 2401 2165 2428 monetce.

122 2465 190 2489 non
219 2461 337 2489 autem
366 2453 466 2490 illam
492 2455 639 2492 Joannis
675 2455 903 2494 soliditatem.
922 2473 941 2492 η
968 2456 1071 2493 Ratio
1090 2465 1207 2492 autem
1228 2454 1304 2499 illa,
1325 2466 1431 2503 quam
1451 2451 1728 2502 Chi-ysostomus
1759 2449 1860 2486 asl'ert
1880 2480 1890 2495 ,
1909 2464 1974 2487 eur
2001 2451 2166 2489 Christus

119 2514 291 2550 Lazarum
306 2513 514 2552 nominatim
530 2516 812 2568 compellaverit,
829 2520 993 2565 Lazare,
1007 2519 1101 2554 veni
1119 2518 1240 2564 foras,
1254 2512 1462 2565 hujusmodi
1479 2521 1530 2548 est
1549 2527 1556 2547 τ
1575 2512 1650 2555 Ne,
1667 2513 1699 2548 si
1716 2510 1939 2546 absolutam
1963 2525 2096 2548 vocem
2115 2514 2169 2550 ad

123 2582 292 2611 mortuos
307 2574 523 2623 direxisset,
541 2591 597 2613 om
606 2592 684 2625 nes,
705 2580 771 2629 qui
793 2581 834 2615 in
852 2580 1039 2629 sepulcris
1056 2588 1179 2621 erant,
1191 2578 1387 2613 excitaret.
1400 2572 1441 2611 ld
1461 2581 1525 2619 est,
1540 2572 1569 2609 si
1589 2570 1737 2608 dixisset
1754 2579 1904 2613 tautum,
1918 2573 2162 2622 l‘enisoms.

123 2647 204 2671 cum
224 2634 298 2672 hacc
320 2648 388 2672 vox
406 2649 473 2673 non
495 2637 608 2687 magis
629 2639 935 2690 Lazarum,quam
951 2639 1060 2676 alium
1078 2638 1282 2690 quempiam
1297 2644 1603 2678 evocat-eutimius
1617 2632 1760 2670 omniuo
1783 2632 1911 2668 mortui
1936 2634 2164 2669 resurrecturi

122 2704 221 2732 erant
240 2710 247 2731 τ
270 2704 365 2732 tanta
386 2710 511 2748 nempe
525 2707 599 2735 erat
619 2699 753 2736 Christi
774 2700 942 2752 potentia.
964 2702 1016 2738 De
1036 2699 1209 2737 ratiocinii
1230 2695 1435 2749 hujusmodi
1456 2694 1617 2747 ἀκριῧείᾳ
1639 2707 1706 2731 uon
1723 2692 1914 2744 disputabo
1938 2709 1944 2728 1
1967 2692 2026 2730 sed
2054 2693 2166 2731 libere

122 2754 241 2792 dicam
264 2769 273 2792 :
295 2755 325 2793 si
344 2770 387 2795 ex
404 2757 612 2809 hujusmodi
631 2761 824 2798 ratiociniis
840 2762 970 2805 νοθείας
987 2760 1154 2798 senteutia
1172 2759 1314 2797 serenda
1335 2755 1676 2807 sit,‹pi;uupluriiii·.u
1697 2754 1777 2791 aliae
1791 2754 2035 2805 Chrysostomi
2052 2754 2163 2792 homi-

121 2815 196 2864 liae,
211 2831 298 2866 quas
317 2826 433 2856 tamen
451 2829 545 2858 certo
562 2823 811 2861 constatillum
830 2823 1050 2872 edidisse-‚ex
1065 2823 1298 2873 geuuiuarum
1313 2819 1401 2856 serie
1418 2814 1664 2869 expungendas
1676 2822 1790 2852 eruut.
1807 2813 1913 2862 Quod
1935 2815 2009 2865 pari
2028 2816 2165 2852 ratione

120 2876 222 2914 (limis
236 2877 281 2915 de
294 2880 507 2932 apostrophe
525 2883 570 2920 ad
590 2883 765 2923 insci-uum
781 2885 871 2923 etde
886 2885 1146 2938 prosopupoehi,
1159 2897 1236 2933 qua:
1256 2882 1306 2919 sic
1330 2879 1432 2916 habet
1450 2877 1767 2929 :Quandojt'cbat
1783 2878 1921 2917 oratio,
1940 2890 2016 2913 non
2038 2891 2163 2915 resar-

122 2942 218 2974 ''021'‘
229 2947 414 2985 mortuus,
432 2943 500 2979 sed
513 2946 670 2994 quaudo
685 2947 784 2984 dixit
799 2963 816 2982 a
829 2948 991 2991 Lazaro,
1009 2950 1102 2984 veui
1116 2947 1222 2994 [iiras
1239 2959 1273 2988 n,
1292 2953 1381 2979 tam·
1400 2949 1571 2977 mortuus
1586 2941 1805 2977 resurrexit,
1829 2938 1860 2972 t)
1881 2941 2012 2975 mortis
2027 2948 2060 2986 t.»
2074 2953 2163 2976 ran-

120 2997 274 3036 didam!
295 3012 316 3033 ο
333 3004 575 3048 tyrannidem
593 3008 749 3044 virtutis
769 3008 886 3052 illitas,
903 3022 988 3059 quie
1007 3011 1181 3045 animam,
1201 3006 1311 3042 illam
1329 3004 1523 3040 detinebat
1540 2999 1554 3038 J
1575 3017 1596 3036 υ
1611 3000 1764 3044 infer-m·
1782 2998 1921 3050 lfacta
1942 3009 1997 3036 ext
2025 3004 2163 3044 eratin,

122 3066 157 3096 et
179 3067 369 3097 mortuum
400 3075 477 3099 non
509 3065 672 3103 dimittis
688 3072 705 3104 P
735 3069 993 3120 lli-quaquam
1009 3098 1018 3113 ,
1040 3071 1180 3118 inquit.
1213 3070 1298 3115 Qua
1327 3066 1374 3102 ele
1395 3076 1511 3101 causa
1530 3066 1546 3098 Ρ
1565 3064 1663 3109 Quia
1685 3074 1758 3096 twn
1773 3063 1901 3110 jussus
1919 3074 1998 3098 sum
2029 3063 2162 3100 diutil-

123 3127 216 3163 tere,
239 3129 303 3157 etc.
323 3124 423 3167 Quot
442 3133 581 3162 exstant
600 3127 696 3178 apud
717 3129 1011 3180 Chrysostouuim
1036 3128 1258 3180 apostropha·
1287 3136 1319 3163 vt
1350 3123 1604 3176 prosupupoeia·
1626 3121 1829 3171 hujusmodi
1847 3121 1864 3156 Ξ*
1882 3121 1919 3157 Si
1951 3120 2164 3160 advertisset

124 3178 286 3217 Ualesius
308 3181 397 3219 hauc
414 3183 599 3223 homiliam
621 3187 654 3224 in
677 3188 745 3226 alia
766 3221 776 3238 ‚
799 3203 904 3239 quam
926 3189 1172 3240 Chrysostomi
1195 3204 1267 3226 esse
1293 3201 1393 3225 uento
1411 3185 1577 3222 dubitare
1593 3192 1703 3235 potest
1725 3212 1733 3224 .
1752 3182 1938 3234 perspicue
1957 3197 2160 3228 memorari.

124 3247 256 3277 certum
279 3241 388 3279 haheo
403 3245 519 3295 ipsum
532 3262 592 3285 uec
611 3250 865 3301 apostrophen,
880 3264 940 3286 uec
956 3250 1237 3302 prosopopuiam
1258 3250 1354 3286 illam
1369 3257 1405 3284 ut
1419 3247 1550 3288 νοθείας
1571 3252 1819 3293 argumentum
1835 3243 2027 3282 allaturum
2045 3245 2163 3283 fuisse.

125 3300 245 3344 Quare
265 3302 450 3341 Frontonis
473 3307 594 3346 Diu-aii
618 3311 821 3361 exemplum
848 3311 985 3360 ,st-qunti
1003 3340 1011 3354 ,
1033 3311 1131 3348 illam
1164 3311 1254 3348 iuter
1282 3309 1431 3358 geuuiua
1455 3322 1561 3359 opera
1590 3305 1693 3342 eth-r«-
1727 3304 1816 3342 uiliil
1838 3304 1991 3341 eum-tati
2014 3318 2135 3343 sumus
2153 3337 2161 3348 .

128 3359 276 3428 ipsique,
295 3371 331 3399 ut
351 3378 456 3415 supra
475 3367 610 3406 dietum
631 3379 696 3413 est,
715 3371 859 3408 alteram
880 3372 924 3408 tlt*
941 3371 1073 3409 (ltu-isti
1096 3373 1260 3423 precihus
1281 3370 1536 3411 suimet-timus,
1568 3381 1636 3405 uon
1672 3365 1776 3403 modo
1799 3365 1881 3415 quia
1910 3364 1946 3403 id
1965 3369 2166 3418 argumenti

129 3429 366 3472 temporisque
382 3425 471 3463 ratio
491 3430 660 3479 postulat,
681 3431 742 3469 sed
760 3432 864 3469 etiam
885 3433 968 3482 quia
992 3434 1164 3484 posterior
1181 3432 1307 3483 priori>
1324 3429 1535 3482 γνησιότητι
1557 3427 1679 3465 asserit
1700 3436 1731 3463 et
1752 3427 1952 3464 coufirmat.

186 3485 380 3534 Utriusque
400 3500 482 3525 vcro
501 3503 576 3528 caui
595 3491 922 3545 interpretationem
942 3494 1095 3542 etliuuts,
1116 3507 1222 3545 quam
1244 3491 1471 3531 coadunavit
1495 3491 1624 3528 Fronto
1647 3489 1810 3528 tium-us,

343 3551 437 3577 ἰὐω.
473 3554 500 3580 t.
1934 3542 1975 3577 ,Η
