2513 3871
261 151 314 207 14

243 246 454 297 firmatum
480 254 550 284 est.
581 245 846 296 Resipiscamus
875 244 1017 295 itaque,
1046 245 1208 296 obsecro,

255 306 344 345 dum
363 307 421 344 hic
439 306 618 357 degimus,
642 315 676 343 et
692 305 887 343 Dominum
907 319 1155 357 agnoscamus,
1172 318 1213 347 ut

254 381 447 419 agnoscere
457 377 608 419 oportet.
628 367 732 404 Tunc
746 367 840 405 enim
854 367 970 405 solum
985 367 1029 405 de
1046 369 1212 420 poeniten·

257 430 306 466 tia
326 427 587 479 desperandum
610 427 690 474 erit,
711 441 792 466 eum
819 428 853 466 in
875 428 1012 466 inferno
1030 430 1210 469 constituti

255 490 390 527 erimus
408 505 416 525 τ
440 489 488 526 ibi
505 503 658 540 namque
674 489 793 528 solum
813 489 880 527 hoc
896 489 1094 528 remedium
1112 490 1213 529 infir-

256 565 357 588 mum
377 551 574 601 inutileque
591 560 642 589 est
662 551 773 589 :dum
794 562 910 589 autem
933 551 990 589 liic
1010 566 1208 600 versamur,

254 612 391 650 etiamsi
412 612 447 650 in
468 612 541 665 ipsa
563 622 740 651 senectute
756 613 986 658 adhibeatur,
1009 614 1082 652 vim
1106 615 1213 654 habet

255 674 463 712 maximam.
485 674 713 726 Quapropter
733 674 899 713 diabolus
919 675 1009 712 nihil
1038 690 1106 714 non
1136 691 1212 715 ma-

255 735 436 782 chinatur,
453 745 491 774 ut
503 735 761 787 desperationis
777 736 931 775 radicem
955 737 1058 775 nobis
1074 748 1209 790 ponat:

255 796 360 835 novit
373 797 483 843 enim,
498 797 528 834 si
544 797 598 834 vel
616 797 795 835 tantillum
812 797 1081 850 resipuerimus,
1094 798 1129 836 id
1143 814 1211 839 non

254 858 330 896 sine
351 858 510 897 merce-le
526 859 687 895 [uturum
704 872 788 896 esse.
806 858 876 896 Sed
892 859 985 896 sicut
1003 859 1032 897 is
1051 859 1110 910 qui
1128 861 1212 899 cali-

253 933 330 958 cem
353 934 453 971 aquae
476 919 614 970 frigidae
643 920 857 971 porrexerit,
886 920 1086 972 depositam
1108 921 1213 960 habet

255 982 536 1026 retributionem,
555 981 606 1018 sic
627 982 668 1027 is,
687 995 795 1032 quem
812 981 857 1019 de
874 981 1039 1020 admissis
1063 998 1081 1020 a
1101 998 1137 1021 se
1156 984 1210 1022 sa—

253 1042 436 1080 cinoribus
451 1042 613 1094 poenitct,
625 1042 708 1080 licet
720 1042 866 1094 dignam
883 1042 1128 1095 poenitentiam
1144 1059 1212 1083 non

253 1103 437 1149 exhibeat,
452 1103 611 1154 ejusdem
629 1112 745 1141 tamen
764 1103 1034 1142 retributionem
1048 1106 1210 1158 accipiet.

253 1164 354 1203 Nihil
372 1165 466 1202 enim
488 1165 680 1208 bonorum,
702 1166 934 1216 quantumvis
955 1166 1131 1218 exiguum
1151 1168 1212 1215 sit,

252 1239 271 1263 a
286 1226 385 1278 justo
403 1226 527 1277 judice
551 1225 780 1277 despicietur.
799 1227 888 1264 Nam
916 1227 944 1264 si
971 1238 1114 1279 peccata
1132 1243 1213 1266 cum

251 1297 349 1325 tanta
367 1288 597 1325 accuratione
609 1287 877 1338 disquiruntur,
892 1297 933 1325 ut
951 1288 1060 1326 etiam
1076 1288 1121 1327 de
1134 1303 1214 1327 ver—

251 1348 309 1387 bis
325 1358 359 1386 et
373 1348 656 1399 cogitationibus
671 1362 792 1400 poenas
806 1348 944 1395 demus,
955 1359 1086 1399 quanto
1099 1351 1211 1402 magis

250 1410 345 1449 bona
365 1424 487 1463 opera,
506 1424 566 1448 seu
582 1423 726 1461 magna,
745 1424 804 1448 seu
824 1425 935 1463 parva
951 1411 1094 1459 fuerint,
1112 1412 1215 1451 nobis

249 1472 315 1510 illo
333 1481 489 1523 tempore
503 1471 825 1523 computabuntur.
849 1472 968 1518 Quare
983 1471 1064 1510 licet
1078 1473 1124 1511 ad
1142 1474 1214 1526 pri-

251 1533 379 1571 stinam
396 1532 496 1570 illam
516 1532 742 1583 diligentiam
764 1532 879 1570 redire
913 1546 982 1570 non
1000 1533 1131 1582 valeas,
1153 1535 1214 1573 sed

253 1594 383 1645 quovis
395 1593 535 1632 tandem
546 1593 656 1633 modo
670 1608 688 1631 a
706 1594 870 1646 praesenti
885 1593 1010 1632 morbo
1021 1604 1056 1632 et
1068 1595 1214 1635 luxuria

252 1665 287 1694 te
313 1657 486 1702 abducas,
514 1670 558 1694 ne
585 1656 655 1693 hoc
680 1655 825 1707 quidem
858 1656 923 1694 tibi
952 1656 1214 1696 infructuosum

253 1717 339 1754 erit:
352 1717 406 1754 sac
423 1717 519 1754 ineas
533 1730 639 1768 opu5‚
651 1725 684 1754 et
699 1716 840 1754 aditum
857 1717 903 1755 ad
922 1718 1114 1756 certamina
1133 1734 1215 1771 ape-

254 1778 325 1815 rias
339 1777 535 1828 :quamdiu
559 1778 652 1816 enim
666 1787 769 1816 extra
783 1779 956 1828 manebis,
971 1781 1053 1831 jure
1067 1781 1130 1818 tibi
1147 1781 1216 1819 dif-

253 1838 350 1876 ficile
366 1838 595 1891 arduumque
614 1839 812 1877 videbitur.
831 1841 922 1878 Nam
944 1850 1134 1893 antequam
1156 1857 1217 1895 pe-

254 1901 409 1940 riculum
428 1902 503 1949 fiat,
521 1902 752 1954 quantumvis
770 1902 888 1941 faciles
908 1912 943 1942 et
965 1903 1143 1956 expeclitae
1161 1918 1216 1943 res

253 1963 401 2010 fuerint,
416 1977 582 2015 magnam
598 1973 716 2001 tamen
733 1963 960 2003 difficultatis
972 1966 1124 2018 speciem
1142 1981 1215 2019 prae

252 2038 290 2062 se
301 2025 391 2062 serre
405 2025 537 2070 solent;
558 2040 639 2063 cum
652 2034 770 2062 autem
786 2039 844 2063 eas
858 2035 1002 2064 strenuo
1017 2027 1216 2079 audacique

253 2086 376 2124 animo
397 2086 595 2135 adivimus,
614 2101 740 2138 magna
758 2100 841 2138 pars
858 2087 991 2126 laboris
1016 2089 1157 2135 evolat3
1177 2104 1218 2127 ac

255 2146 402 2194 fiducia,
428 2147 504 2186 loco
533 2147 703 2186 tremoris
727 2147 1060 2200 desperationisque
1089 2150 1215 2188 subin-

257 2221 390 2260 gressa,
405 2217 540 2246 metum
555 2207 698 2252 minuit,
715 2208 921 2246 facilitatem
936 2219 1055 2257 auget,
1070 2210 1217 2249 bonam-

256 2283 326 2319 que
342 2283 441 2321 spem
466 2269 623 2306 roborat.
646 2269 729 2307 ldeo
746 2270 925 2320 malignus
942 2271 1002 2309 ille
1018 2271 1150 2310 Judam
1171 2287 1215 2311 ex

257 2329 327 2368 hac
339 2329 412 2368 vita
430 2329 600 2377 abduxit,
615 2345 658 2368 ne
672 2331 774 2368 initio
794 2332 1022 2384 resipiscendi
1037 2334 1143 2380 farto,
1155 2349 1219 2387 per

257 2392 503 2442 poenitentiam
532 2391 579 2430 ad
608 2392 727 2430 locum
750 2392 844 2431 unde
867 2393 1049 2433 exciderat
1068 2395 1215 2434 rediret.

259 2452 337 2500 Ego
355 2453 465 2497 enim,
483 2453 547 2491 etsi
567 2467 675 2505 supra
699 2453 805 2491 fidem
825 2454 920 2506 loqui
942 2455 1079 2502 videar,
1104 2471 1217 2508 neque

262 2513 353 2551 illud
368 2513 502 2565 (Judae)
519 2524 700 2567 peccatum
713 2515 828 2566 majus
841 2530 916 2554 esse
930 2515 1215 2569 dixeritn‚quatn

259 2574 545 2625 auxilium,quud
559 2575 661 2613 nobis
671 2590 688 2612 a
704 2576 908 2628 poenitentia
920 2578 1218 2625 ossei-unaQuam-

259 2636 383 2673 obrem
405 2651 490 2686 rogo
516 2646 554 2674 et
580 2637 739 2683 obsecro,
766 2638 862 2675 omni
884 2638 1031 2691 depulsa
1061 2641 1214 2678 satanica

261 2696 479 2744 cogitatione
491 2697 536 2735 ab
549 2698 664 2735 anima
678 2698 802 2745 tua,ad
815 2698 906 2736 lianc
917 2699 1067 2737 salutem
1083 2700 1219 2739 redeas.

261 2757 300 2795 Si
324 2772 475 2808 namque
495 2759 678 2797 confestim
696 2759 743 2797 ad
767 2760 859 2798 illud
877 2769 909 2798 te
927 2761 1110 2811 fastigium
1131 2776 1220 2800 con-

262 2817 617 2870 scentlerejulwrem,
638 2820 673 2858 id
685 2822 766 2871 jure
784 2822 930 2860 moleste
953 2823 1074 2869 ferres,
1097 2833 1219 2876 utpote

261 2889 336 2913 rem
356 2876 630 2926 difficillimam3
654 2893 736 2916 cum
765 2889 884 2917 autem
912 2880 946 2918 id
966 2889 1104 2919 tantum
1127 2897 1219 2920 uunc

262 2941 455 2992 postulem,
473 2951 510 2979 ut
546 2944 780 2994 praesentibus
807 2944 909 2982 malis
936 2945 1026 2982 nihil
1055 2945 1218 2998 adjicias,

262 3001 325 3040 sed
342 3017 487 3053 surgens
501 3003 545 3041 ad
563 3004 628 3042 iter
639 3005 857 3043 contrarium
875 3015 906 3043 te
920 3015 1118 3055 convertas,
1130 3006 1219 3058 quid

661 163 696 194 S.
733 162 919 193 JOANMS
954 162 1197 194 cttnt‘SOST.

311 3110 324 3130 ⁴
350 3110 411 3143 Alii
429 3124 503 3144 cum
520 3112 622 3145 Saril.
642 3119 779 3158 ψαχροῐιν.
798 3113 915 3146 moret.
932 3122 965 3146 ct
979 3126 1061 3147 unus
1074 3121 1199 3161 ψυχροῦ.
1213 3113 1273 3147 Alii

264 3170 387 3207 ψυχρᾴν.

310 3227 322 3241 t
351 3217 390 3249 ln
406 3229 470 3248 uno
485 3215 583 3248 Colb.
601 3221 711 3252 ι’,ιιαίου
727 3217 832 3251 deest.

306 3270 320 3294 s
335 3269 390 3302 S‘c
407 3269 508 3301 Snvil.
527 3276 559 3300 ct
573 3267 640 3299 «luo
652 3270 727 3301 Mae.
740 3271 823 3303 Tres
837 3270 890 3303 alii
906 3277 953 3306 mi
968 3278 1152 3319 ἀπόρῥητον.
1170 3273 1270 3306 Paulo

261 3329 338 3365 post.
352 3320 419 3354 duo
434 3322 512 3353 Mss.
527 3326 653 3367 {upum-a
670 3327 739 3363 ἡμῖν
756 3329 794 3356 τὰ
809 3329 976 3368 epi-murz
995 3330 1149 3371 παρέχειν.
1162 3324 1268 3358 Suvil.

261 3379 387 3418 εἶαρ-ατη
406 3383 474 3417 ημῖν
485 3378 572 3408 nim
587 3381 740 3418 πνρῐχιιν.
757 3374 870 3407 moret.
889 3376 993 3408 etalii
1016 3379 1098 3410 utin
1120 3386 1223 3410 textu.

1237 164 1262 193 A
1270 163 1447 195 chtEP.
1486 163 1842 196 CONSTANTINOP-

1288 247 1469 301 Ἀνανήψω
1473 263 1535 298 μεν
1543 241 1598 285 οὖν
1611 250 1769 295 ἐνταῦθα,
1778 250 1987 300 παρακαλῶ,
1995 249 2121 288 καὶτὸν
2128 247 2312 296 Δεσπότην

1288 310 1484 361 ἐπιγνῶμεν
1501 309 1559 347 τον
1581 311 1712 346 ἑαυτῶν
1725 339 1733 353 ,
1752 311 1799 352 ὡς
1818 311 2008 359 ἐπιγνῶναι
2025 310 2110 362 χρή.
2128 310 2220 350 Τότε
2243 311 2313 363 γὰρ

1289 370 1392 420 μόνον
1414 373 1613 421 ἀπογνῶναι
1634 371 1684 407 δεῖ
1703 369 1766 418 τὴν
1789 371 1859 410 ἀπὸ
1883 373 1945 417 τῆς
1964 371 2148 420 μετανοίας
2167 372 2313 417 ἐλπίδα,

1287 434 1370 470 ὃταν
1396 435 1431 470 ἐν
1453 435 1502 485 τῷ
1524 433 1589 484 ᾄδῃ
1610 431 1812 482 γενώμεθα·
1841 435 1912 471 ἐκεῖ
1934 433 2001 484 γὰρ
2023 434 2125 483 μόνον
2151 436 2254 470 τοῦτο
2275 433 2315 471 τὸ

1289 494 1473 546 φάρμακον
1497 493 1635 537 ἀσθενὲς
1653 494 1712 532 καὶ
1737 494 1933 547 ἄχρηστον·
1964 496 2111 533 ἐνταῧῧα
2142 494 2179 532 δὲ
2206 495 2314 532 ὄντων

1289 558 1411 605 ἡμῶν,
1443 556 1506 593 κᾶν
1535 556 1570 592 ἐν
1602 556 1696 608 αὐτῷ
1714 558 1764 608 τῷ
1783 556 1874 608 γήρᾳ
1904 558 2057 607 ἐπιτεθῇ,
2081 554 2214 602 πολλὴν
2235 557 2316 594 ἐπι-

1290 617 1464 655 δείκνυται
1480 617 1542 664 τὴν
1563 617 1674 668 ἶσχόν.
1696 616 1758 656 Διὸ
1776 617 1835 655 καὶ
1857 619 1875 654 ὃ
1893 616 2053 659 διάδολος
2073 615 2188 654 πάντα
2207 622 2314 664 κινεῖ,

1288 677 1345 715 ἰ’να
1367 678 1495 730 ῥιζώσῃ
1518 678 1575 716 τὸν
1603 682 1664 725 τῆς
1694 678 1925 729 ἀπογνώσεως
1957 679 1991 715 ἐν
2012 680 2097 727 ἡμῖν
2123 676 2314 727 λογισμόν·

1289 732 1358 777 οἶδε
1379 739 1458 791 γὰρ,
1481 740 1533 778 ὅτι
1559 740 1622 777 κᾶν
1646 740 1770 792 μικρὸν
1791 738 2084 790 μετανοήσωμεν,
2104 739 2167 777 οὐκ
2191 738 2316 789 ἀμισθὶ

1287 805 1387 839 τοῦτο
1409 801 1599 853 πράξομεν.
1635 801 1726 839 Ἀλλ’
1759 800 1879 853 ὥσπερ
1907 804 1925 839 ὁ
1953 801 2118 853 ποτήριον
2140 798 2157 820 ‘¹
2176 802 2312 853 ψυχροῦ

1289 861 1461 906 ἐπιδιδοὺς
1480 862 1716 912 ἀποκειμένην
1741 862 1812 914 ἔχει
1832 861 1896 908 τὴν
1917 861 2083 912 ἀμοιὸὴν,
2102 861 2192 900 οὕτω
2217 861 2278 900 καὶ
2295 865 2314 901 ὁ

1291 926 1507 971 μετανοήσας
1524 925 1573 975 ἐφ’
1589 918 1638 967 οἷς
1658 923 1785 975 ἔπραξε
1801 924 1934 968 δεινοῖς,
1952 924 2015 961 κᾶν
2034 922 2083 972 μὴ
2106 925 2174 960 τῶν
2199 922 2314 974 ἆμαρ-

1287 983 1455 1032 τημάτων
1476 984 1574 1028 ἀξίαν
1595 984 1810 1031 ἐπιδείξηται
1828 985 1890 1031 τὴν
1910 984 2115 1034 μετάνοιαν,
2135 982 2194 1021 καὶ
2210 984 2316 1029 αὐτῆς

1289 1045 1417 1091 ταύτης
1436 1045 1503 1089 ἔξει
1523 1047 1585 1093 τὴν
1604 1046 1790 1084 ἀντίδοσιν.
1811 1046 1922 1083 Οὐδὲν
1941 1045 2008 1097 γὰρ
2027 1046 2114 1087 ὅλως
2133 1045 2201 1081 τῶν
2223 1045 2316 1095 ἄγα-

1290 1110 1370 1152 θῶν,
1390 1107 1454 1145 κᾶν
1477 1108 1600 1160 μικρὸν
1620 1102 1656 1159 ᾗ,
1679 1107 1945 1160 παροφθῆσεται
1964 1106 2062 1159 παρὰ
2077 1111 2162 1145 τοῦθ
2181 1105 2315 1144 δικαίου

1290 1171 1423 1219 κριτοῦ.
1448 1169 1492 1206 Εἰ
1512 1168 1578 1220 γὰρ
1607 1169 1850 1221 ἁμαρτήματα
1874 1167 1964 1218 μετὰ
1993 1168 2166 1213 τοσαύτης
2195 1165 2317 1211 ἐξετά-

1291 1232 1386 1273 ζεται
1404 1232 1466 1275 τῆς
1486 1229 1679 1282 ἀκριὸείας,
1699 1233 1745 1273 ὡς
1764 1230 1824 1267 καὶ
1846 1233 2012 1282 ῥημάτων
2034 1229 2094 1267 καὶ
2113 1228 2317 1279 ἐνθυμημά-

1292 1306 1360 1328 των
1378 1290 1526 1328 τιννύειν
1548 1291 1720 1342 τιμωρίας
1746 1294 1860 1340 ἡμᾶς,
1886 1292 2006 1342 πολλῷ
2031 1291 2162 1340 μᾶλλον
2183 1290 2228 1328 τὰ
2247 1305 2317 1327 κα·-

1291 1350 1517 1401 τορθώματα,
1536 1350 1600 1388 κᾶν
1622 1351 1760 1401 μεγάλα
1779 1345 1818 1402 ᾖ,
1839 1351 1902 1388 κᾶν
1923 1350 2047 1402 μικρὰ,
2069 1349 2318 1400 λογισθήσεται

1291 1413 1368 1450 κατ’
1398 1413 1527 1450 ἐκεῖνον
1553 1415 1636 1463 ἡμῖν
1669 1413 1727 1450 τὸν
1758 1413 1891 1465 καιρόν.
1920 1412 2034 1450 “ssafe
2058 1411 2123 1450 κᾶν
2152 1410 2202 1461 μὴ
2231 1410 2319 1465 πρὸς

1291 1472 1398 1520 αὐτὴν
1418 1474 1480 1520 τὴν
1501 1473 1682 1525 ἀκρίδειαν
1702 1473 1808 1512 πάλιν
1825 1475 2026 1514 ἐπανελθεῖν
2047 1474 2208 1524 δυνηθῇς,
2227 1471 2318 1511 ἀλλὰ
2347 1489 2352 1493 ·

1292 1534 1330 1572 τὸ
1362 1535 1468 1587 τυχὸν
1501 1539 1581 1587 γοῦν
1611 1538 1675 1581 τῆς
1703 1534 1882 1587 παρούσης
1913 1534 2016 1572 νόσου
2047 1533 2108 1572 καὶ
2135 1533 2319 1584 ἀσελγείας

1292 1597 1495 1648 ἀποστήσῃς
1515 1597 1672 1644 σεαυτὸν,
1692 1596 1770 1635 οὐδὲ
1793 1601 1894 1634 τοῦτο
1915 1596 2015 1634 ἔσται
2041 1595 2224 1642 ἀνόνητον·
2250 1594 2320 1645 μό·

1291 1674 1348 1696 νον
1367 1658 1480 1711 ἀρχὴν
1496 1658 1610 1702 ἐπίθες
1626 1662 1676 1711 τῷ
1693 1658 1890 1710 πράγματι,
1907 1658 1968 1696 καὶ
1982 1657 2044 1704 τὴν
2066 1659 2114 1700 εἷς
2132 1655 2211 1700 τοὺς
2227 1659 2320 1708 ἀγῶ-

1291 1735 1351 1763 νας
1377 1720 1508 1758 εἴσοδον
1541 1718 1691 1763 ἄνοιξον·
1723 1719 1788 1762 ἕως
1815 1721 1843 1757 δ’
1860 1719 1901 1756 ἂν
1934 1719 1998 1763 ἔξω
2027 1717 2152 1769 μένῃς,
2180 1718 2320 1762 εἰκότως

1293 1779 1459 1818 δύσκολον
1482 1780 1541 1818 καὶ
1563 1776 1573 1800 s

1597 1781 1727 1831 ἄπορον
1755 1780 1856 1818 τοῦτο’
1881 1795 1935 1818 σοι
1963 1779 2135 1831 φαίνεται.
2157 1779 2234 1829 Πρὸ
2252 1778 2321 1830 γὰρ

1292 1845 1354 1888 τῆς
1374 1841 1498 1894 πείρας
1512 1872 1521 1887 ,
1554 1841 1616 1879 κᾶν
1647 1841 1779 1895 σφόδρα
1805 1836 1827 1893 ἦ
1853 1841 1897 1880 τὰ
1916 1843 2111 1893 πράγματα
2130 1845 2242 1893 κοῦφα
2261 1841 2321 1879 καὶ

1293 1903 1446 1955 φορητὰ,
1477 1902 1570 1952 ὅμως
1594 1903 1746 1955 ἔμφασιν
1772 1907 1858 1953 ἡμῖν
1878 1902 2047 1954 παρέχειν
2070 1901 2169 1939 εἴωθε
2197 1902 2322 1940 δυσκο-

1292 1964 1370 2008 λίας
1389 1966 1540 2010 πολλῆς·
1561 1966 1644 2002 ὅταν
1673 1964 1709 2003 δὲ
1737 1966 1773 2002 ἐν
1801 1966 1918 2007 αὐτοῖς
1937 1963 1995 2002 διὰ
2015 1965 2078 2009 τῆς
2108 1962 2232 2013 πείρας
2258 1978 2321 2014 γε-

1292 2024 1453 2075 νώμεθα,
1474 2026 1534 2063 καὶ
1561 2024 1910 2076 κατατολμήσωμεν,
1935 2023 1976 2062 τὸ
2004 2024 2108 2063 πλέον
2135 2025 2198 2069 τῆς
2224 2025 2322 2074 ἀγω-

1293 2085 1368 2129 νίας
1387 2085 1578 2134 ἐξίσταται,
1598 2087 1658 2124 καὶ
1677 2087 1717 2125 τὸ
1740 2089 1876 2139 θαῤῥεῖν
1900 2085 1979 2124 ἀντὶ
2003 2088 2064 2124 τοῦ
2092 2083 2234 2137 τρέμειν
2259 2084 2318 2122 καὶ

1294 2148 1549 2200 ἀπογινώσκειν
1570 2148 1768 2187 ἐπεισελθὸν
1795 2150 1934 2186 ἐλαττοῖ
1954 2147 2017 2198 μὲν
2037 2147 2094 2185 τὸν
2115 2146 2234 2198 φόὸον,
2253 2146 2320 2185 αὗ·

1296 2208 1344 2253 ξει
1365 2209 1400 2248 δὲ
1418 2210 1481 2256 τὴν
1502 2209 1704 2262 εὐμάρειαν,
1722 2209 1782 2247 καὶ
1801 2210 1863 2254 τὰς
1879 2208 2036 2262 χρηστὰς
2057 2209 2201 2252 ἐλπίδας
2217 2209 2321 2260 ἷσχυ·

1297 2270 1439 2323 ρο-έρας
1457 2276 1561 2309 ποιεῖ.
1593 2271 1662 2309 Διὰ
1688 2275 1790 2310 τοῦτο
1813 2271 1873 2309 καὶ
1898 2272 1956 2309 τὸν
1980 2270 2115 2309 Ἰούδαν
2135 2269 2319 2322 ἀπήγαγεν

1295 2332 1428 2371 ἐνθένδε
1446 2335 1464 2371 ὃ
1482 2333 1652 2383 πονηρὸς,
1677 2332 1734 2370 ἵνα
1757 2332 1806 2383 μὴ
1830 2335 1893 2378 τῆς
1921 2331 2192 2384 προσηκούσης“
2208 2330 2321 2370 2²66—

1295 2409 1396 2444 μενος
1418 2396 1542 2446 ἀρχῆς,
1564 2393 1736 2444 ἐπανέλθῃ
1758 2393 1816 2432 διὰ
1835 2396 1898 2439 τῆς
1927 2393 2112 2443 μετανοίας
2136 2394 2214 2432 ὅθεν
2239 2391 2320 2438 ἐξέ-

1293 2471 1411 2494 πεσεν.
1429 2454 1525 2505 Ἰἰγὼ
1539 2455 1622 2507 γὰρ,
1639 2456 1668 2493 εἷ
1685 2454 1745 2493 καὶ
1763 2453 1956 2506 παράδοξον
1973 2454 2226 2504 τὸλεγόμενον,
2241 2452 2319 2492 οὐδὲ

1293 2517 1403 2554 ἐκεῖνο
1427 2516 1466 2554 τὸ
1486 2516 1682 2568 ἁμάρτημα
1704 2518 1818 2564 μεῖζον
1839 2514 1975 2564 εἴποιμι
1996 2514 2035 2552 ἂν
2057 2508 2144 2552 εἶναι
2170 2516 2233 2558 τῆς
2249 2514 2319 2553 ἀπὸ

1293 2580 1355 2622 τῆς
1386 2577 1569 2627 μετανοίας
1601 2576 1762 2627 βοηθείας
1797 2575 2023 2626 ἐγγινομένης
2052 2579 2148 2625 ἡμῖν.
2179 2575 2244 2614 Διὸ
2275 2574 2317 2622 δὴ

1293 2639 1415 2688 δέομαι
1435 2639 1495 2677 καὶ
1515 2638 1709 2683 ἀντιὸολῶ,
1739 2644 1854 2676 πᾶσαν
1881 2637 1943 2684 τὴν
1973 2636 2166 2683 σατανικὴν
2185 2637 2318 2675 ἔννοιαν

1291 2701 1494 2753 ἐξορίσαντα
1522 2704 1584 2747 τῆς
1614 2703 1751 2753 ψυχῆς,
1782 2700 1838 2738 ἐπὶ
1869 2701 1933 2747 τὴν
1963 2699 2138 2751 σωτηρίαν
2156 2700 2317 2749 ι’ταύτην

1290 2765 1414 2803 ἐλθεῖν,
1438 2764 1482 2801 Εἰ
1503 2762 1565 2812 μὲν
1596 2761 1664 2812 γὰρ
1695 2760 1828 2814 ἀθρόως
1857 2762 1915 2799 καὶ
1944 2764 2032 2811 ὁμοῦ
2064 2762 2150 2813 πρὸς
2179 2762 2314 2810 ἐκείνην

1292 2840 1331 2863 σε
1357 2824 1422 2870 τὴν
1451 2823 1603 2875 κορυφὴν
1633 2823 1739 2860 πάλιν
1765 2822 1939 2867 ἀναὸἧναι
1968 2823 2146 2869 ἐκέλευον,
2175 2823 2317 2866 εἰκότως

1293 2884 1333 2921 ἂν
1354 2884 1605 2936 ἐδυσχέραινες,
1627 2886 1672 2926 ὡς
1692 2885 1825 2929 πολλῆς
1849 2886 1910 2929 τῆς
1938 2884 2123 2927 δυσκολίας
2150 2883 2256 2930 οὔσης
2281 2886 2316 2923 ἐν

1291 2945 1417 2998 τούτῳ·
1437 2949 1466 2983 εἰ
1498 2945 1532 2983 δὲ
1556 2949 1718 2983 τοσοῦτον
1751 2948 1890 2982 ἀπαιτῶ
1905 2950 1919 2964 ““
1936 2945 2039 2995 μόνον
2059 2950 2116 2984 ν’ῦν
2130 2975 2140 2992 ,
2167 2944 2246 2983 ὅσον
2266 2945 2316 2995 μὴ

1291 3011 1493 3059 προσθεῖναι
1514 3012 1585 3049 τοῖς
1606 3010 1756 3058 παροῦσι
1777 3012 1914 3054 κακοῖς,
1942 3005 2022 3044 ἀλλ’
2042 3005 2242 3044 ἀναστάντα
2262 3007 2319 3044 ἐν·

1352 3125 1365 3139 -1
1390 3114 1488 3147 Colli.
1509 3126 1592 3146 uuus
1609 3118 1832 3156 imaeque-m.

1351 3170 1368 3193 ¹·
1393 3166 1494 3200 Sat-il.
1523 3175 1554 3198 rt
1579 3176 1721 3208 quatuor
1751 3167 1826 3197 Mss.
1852 3168 1964 3203 ταύτην
1980 3169 2086 3199 noctu.
2116 3162 2178 3195 Alii
2205 3166 2318 3200 ταύτην

1306 3224 1484 3258 ἐπανελθεῖν,
1503 3227 1535 3251 et
1557 3220 1599 3250 itn
1620 3218 1733 3250 Mon-el.
1753 3217 1852 3250 l‘aulo
1877 3225 1952 3260 post
1969 3215 2066 3250 (jotb.
2084 3227 2165 3247 unus
2181 3215 2239 3258 [et
2253 3216 2316 3249 Su-

1306 3272 1378 3317 vil.]
1396 3277 1527 3306 iniit-mv
1542 3276 1610 3305 ι”νθι
1630 3276 1673 3309 ἧς,
1689 3277 1820 3309 ιὶκέτως.

1349 3336 1361 3349 ⁰
1385 3323 1488 3358 Snril.
1507 3331 1539 3355 rt
1554 3323 1621 3355 duo
1636 3324 1711 3357 mss.
1729 3331 1819 3366 μόνον
1836 3329 1894 3361 νῦν,
1914 3329 2015 3355 recte.
2035 3321 2074 3352 In
2090 3319 2162 3352 aliis
2183 3326 2217 3351 et.
2238 3319 2312 3352 Mo-

1307 3377 1364 3410 rel.
1385 3383 1432 3410 νῦν
1445 3374 1550 3408 ‹let-st.
1568 3374 1657 3408 thid.
1675 3373 1772 3408 Culb.
1793 3385 1875 3407 unus
1888 3377 1969 3407 ἀλλὰ
1990 3378 2104 3406 στάντα
2123 3376 2261 3406 ἐνταῦθα.
