2513 3871
179 1402 298 1431 LXttt.

140 1444 216 1482 Quin
242 1446 331 1482 virgi-

139 1489 238 1519 putati·

361 245 451 304 392

355 339 557 391 margaritae
576 339 720 387 lumen,
745 347 778 375 et
801 346 983 388 tamquam
1006 337 1041 375 in
1063 336 1217 375 tenebris
1236 337 1306 375 mi-

354 414 450 449 cans,
464 406 707 453 repraesentat,
724 406 756 436 et
772 398 845 436 oris
856 397 1071 451 pravitatem
1085 397 1238 436 vestium
1251 397 1310 436 di-

354 461 448 499 versi
473 460 609 499 ootores
626 459 733 511 longe
757 458 938 497 tetriorem
957 457 1223 507 demonstrant,
1243 458 1307 510 qui

352 522 477 561 vultus
496 522 649 560 formam
671 535 692 559 a
713 520 974 573 spectatoribus
999 519 1147 558 seorsim
1173 519 1307 558 censeri

351 596 421 621 non
435 583 567 631 sinaut,
585 581 650 621 sed
664 595 746 620 cum
765 581 830 619 illo
848 589 924 619 arte
938 580 1088 631 quaesito
1102 580 1307 632 eximioque
1330 589 1356 622 c

351 643 479 683 decore
495 643 664 683 collatam
679 658 688 681 ι
704 642 798 681 unde
815 642 871 690 fit,
888 651 928 680 ut
944 642 1058 693 magis
1073 641 1233 695 superari
1248 642 1306 681 vi-

349 705 487 744 deatur.
505 708 641 754 Aurum
654 705 749 743 enim
769 703 903 757 passim
915 703 1076 743 vatibus
1090 702 1303 756 inspersum,

349 777 457 820 atque
476 767 568 806 varii
585 767 704 821 operis
722 765 913 804 diversitas
935 765 1124 817 omnisque
1147 764 1304 816 reliquus

350 838 496 867 ornatus
514 837 566 867 oet
581 827 683 879 quasi
703 827 850 878 quidam
874 826 977 879 pugil
1000 825 1096 864 bono
1117 825 1242 864 habitu
1262 839 1304 865 ac

350 888 541 938 robustus,
560 890 623 940 qui
648 889 813 927 scabrum
831 886 1023 939 quemdam
1042 895 1076 925 et
1095 896 1235 939 turpem
1262 901 1303 925 ac

349 950 541 1001 strigosum
565 949 810 988 adversarium
836 948 1007 1000 repulerit
1034 947 1108 985 :ad
1135 946 1302 986 cumdem

349 1010 498 1060 modum
523 1019 669 1049 ornatus
700 1010 760 1048 ille
772 1041 782 1058 ‚
814 1009 938 1047 vultus
969 1008 1159 1061 splendore
1182 1017 1303 1061 erepto

346 1080 454 1123 atque
472 1070 652 1120 detracto,
673 1069 834 1109 omnium
854 1069 890 1107 in
910 1083 947 1107 se
965 1069 1078 1108 oculis
1093 1069 1276 1107 conversis
1288 1098 1300 1118 ,

346 1131 446 1171 illam
468 1132 584 1183 magis
602 1131 817 1176 ridiculum,
838 1143 876 1168 se
894 1129 929 1167 in
949 1129 1077 1183 primis
1100 1129 1303 1181 suspicien-

346 1191 434 1231 dum
454 1193 607 1246 praebet.

396 1396 442 1433 At
455 1407 524 1433 non
535 1393 712 1447 ejusmodi
723 1401 774 1432 εει
784 1391 1004 1446 virginitatis
1015 1400 1173 1439 ornatus,
1187 1404 1301 1444 neque
1322 1387 1349 1421 D

343 1455 507 1496 indutam
531 1455 722 1495 defraudat
743 1470 752 1494 :
777 1455 838 1507 qui
859 1468 923 1493 nce
945 1454 1140 1507 corporalis
1157 1455 1218 1504 sit,
1239 1453 1301 1492 scd

139 1528 279 1559 mundun.
299 1531 330 1557 et
342 1518 451 1556 animi
471 1527 578 1557 totus.
610 1517 732 1568 ltaque
754 1531 815 1555 seu
839 1515 1011 1554 deformis
1035 1515 1104 1562 sit,
1134 1515 1300 1568 protinus

139 1579 201 1604 quie
260 1571 329 1606 pu'-

137 1611 286 1645 fliritudo.

341 1579 603 1618 deformitatem
622 1588 749 1627 mutat,
768 1577 934 1616 adhibito
953 1577 1227 1630 incomparabili
1242 1592 1300 1616 or·

341 1650 426 1680 natu
444 1655 453 1679 :
470 1655 531 1680 seu
548 1650 699 1680 venusta
714 1649 747 1678 et
768 1639 896 1689 nitida,
914 1638 1144 1677 illustriorem
1164 1637 1297 1678 reddit.

338 1702 527 1755 Siquidem
553 1716 623 1741 non
653 1715 801 1755 gemma:
824 1709 858 1738 et
876 1713 1027 1746 aurum,
1055 1713 1124 1737 non
1145 1700 1299 1739 vestium

339 1764 463 1811 luxus,
480 1778 548 1803 non
567 1763 729 1802 colorum
748 1762 854 1800 flores
867 1759 958 1799 varii
979 1767 1086 1813 atque
1104 1761 1297 1807 sumtuosi,

339 1839 407 1864 non
427 1825 498 1863 alia
522 1824 560 1863 id
581 1838 691 1878 genus
709 1836 764 1862 res
777 1822 927 1867 caduca,
947 1823 1086 1859 animos
1105 1829 1220 1867 ornat,
1236 1821 1298 1860 sed

339 1900 462 1925 corum
482 1885 560 1924 loco
575 1885 735 1938 jejunia,
759 1892 880 1921 sancta
901 1880 1112 1934 pervigilia,
1132 1882 1294 1930 comitas,

338 1946 529 1995 modestia,
547 1953 754 1999 paupertas,
775 1941 963 1990 fortitudo,
984 1941 1183 1986 humilitas,
1204 1943 1297 1982 tole·

338 2007 470 2055 tantia,
489 2006 651 2045 omnium
673 2005 778 2058 plane
797 2003 880 2044 viiae
899 2002 1009 2055 hujus
1027 2016 1145 2042 rerum
1163 2002 1296 2057 despe-

337 2078 428 2109 ctus.
443 2071 533 2108 Nam
547 2077 580 2107 ct
596 2067 724 2107 oculus
740 2065 771 2106 ei
787 2075 858 2103 tam
873 2063 1027 2117 pulcher
1040 2073 1145 2115 atque
1155 2064 1296 2117 lepidus
1319 2067 1345 2099 E

338 2140 405 2179 αι,
424 2141 463 2170 ut
479 2145 544 2184 pro
560 2129 768 2168 hominibus
787 2128 1015 2178 incorporeas
1032 2126 1212 2176 Virtutes,
1227 2139 1297 2165 ea·-

339 2206 492 2244 rumque
506 2191 702 2231 Dominum
718 2188 847 2227 habeat
867 2195 1062 2225 amatorem
1084 2201 1092 2222 :
1117 2195 1187 2225 tam
1204 2201 1296 2238 pur-

337 2264 441 2306 gatus
455 2268 495 2292 ac
513 2252 714 2306 perspicax,
729 2259 768 2288 ut
782 2263 848 2302 pro
863 2261 1031 2300 corporea
1048 2247 1294 2300 incorpoream

337 2313 645 2371 pulchritudinem
661 2311 785 2350 videre
799 2309 910 2364 possit
932 2324 940 2345 :
962 2317 1034 2346 tam
1050 2309 1172 2347 suavis
1188 2323 1229 2347 ac
1245 2323 1296 2348 se-

336 2391 462 2426 renus,
483 2385 522 2414 ut
546 2389 610 2414 uec
629 2373 822 2413 adversum
851 2369 994 2409 assidue
1022 2370 1230 2409 lacessentes
1253 2385 1294 2409 ac

336 2438 502 2477 molestos
511 2437 717 2475 effereturet
730 2433 902 2485 insurgat,
911 2431 973 2471 sed
981 2445 1039 2470 eos
1047 2431 1153 2469 etiam
1162 2431 1294 2471 blande

335 2509 442 2552 atque
460 2499 607 2538 oemiter
627 2498 814 2549 inspectet.
831 2496 912 2534 Jam
931 2507 1014 2532 vero
1032 2507 1071 2531 ea
1091 2501 1143 2531 cst
1165 2493 1292 2532 mode-

335 2562 417 2611 stia,
440 2570 478 2599 ut
495 2560 551 2600 vel
569 2557 742 2612 impudici
763 2555 907 2608 quique,
927 2554 956 2592 si
976 2554 1010 2592 in
1031 2567 1109 2591 eam
1127 2564 1292 2594 accurate

336 2623 553 2668 intueantur,
587 2619 772 2674 pudefiant
797 2626 830 2655 et
847 2615 1056 2654 erubescant
1074 2628 1115 2653 ac
1134 2615 1291 2654 furorem

335 2699 440 2723 sunm
461 2683 658 2722 remittant.
677 2682 726 2718 Ac
740 2678 840 2717 velut
853 2676 982 2714 ancilla
999 2676 1154 2714 honesta.-
1172 2676 1294 2714 matri-

336 2745 491 2784 familias
500 2743 673 2787 serviens,
687 2742 763 2796 ipsa
773 2752 915 2791 quoque
927 2737 1293 2790 velitnolitejusmodi

336 2807 380 2845 sit
396 2814 536 2858 oportet
550 2820 558 2841 :
574 2803 622 2841 ita
639 2812 673 2841 et
687 2814 818 2855 corpus
832 2799 960 2837 animat
980 2807 1052 2836 tam
1068 2797 1292 2850 philosopha:

334 2867 379 2906 ad
392 2869 469 2921 ejus
487 2874 612 2905 nutum
630 2877 751 2903 omncs
765 2871 882 2900 motus
896 2874 978 2898 suos
993 2859 1127 2912 dirigat
1141 2868 1292 2912 oportet.

336 2931 426 2968 Nam
442 2937 475 2966 et
489 2927 628 2974 oculus,
641 2934 675 2963 et
688 2924 867 2975 lingna,et
882 2920 1038 2967 habitus,
1050 2929 1083 2960 et
1098 2921 1293 2972 ingressus,

335 3001 368 3030 et
385 2989 531 3029 omnino
549 2987 669 3026 omnia
691 2985 738 3024 ad
761 2984 936 3022 internam
955 2981 1185 3035 disciplinam
1202 2995 1292 3021 eon·-

335 3053 535 3091 formantur
551 3078 561 3097 ‚
597 3046 770 3099 quasique
809 3053 1031 3096 unguentum
1070 3043 1264 3095 pretiosum
1279 3072 1288 3089 ,

334 3110 566 3164 quantumvis
580 3110 615 3148 in
635 3122 697 3146 vas
712 3106 906 3153 inclusum,
925 3118 1005 3143 aere
1019 3103 1212 3155 fragrantia
1227 3117 1289 3142 sua

337 3182 516 3223 tamquam
532 3170 714 3218 delibuto,
732 3181 801 3206 non
820 3167 999 3205 intraneos
1018 3165 1135 3203 solum
1153 3174 1187 3202 et
1203 3179 1290 3217 pro-

337 3234 464 3278 ximos,
478 3233 538 3270 sed
557 3241 744 3270 extraneos
765 3228 871 3266 etiam
887 3240 1009 3266 omnes
1025 3226 1209 3278 voluptate
1228 3241 1289 3264 re-

335 3294 408 3345 plet
423 3309 430 3329 t
448 3293 493 3330 ita
514 3301 546 3329 et
564 3291 715 3342 virginis
733 3290 858 3328 anima:
871 3287 1063 3341 fragrantia
1078 3301 1200 3326 sensus
1213 3287 1288 3325 cir·

335 3353 532 3393 rnmssuens
564 3352 659 3389 intus
683 3351 834 3403 positam
861 3352 1028 3388 virtutem
1055 3347 1231 3391 ostendit.
1254 3358 1286 3386 et

1305 2859 1352 2885 ⁸22

1317 2897 1341 2926 Λ

381 3482 392 3494 ·
418 3473 560 3520 [Μηῃιί
583 3477 743 3514 ‚pp-oum.
759 3473 970 3502 (lnnn-xunu-
985 3485 1000 3498 ι·
1015 3470 1133 3511 Sat-if}

776 255 814 285 S.
853 254 1037 286 JOANMS
1072 254 1315 285 cttRYSOST.
1356 256 1564 289 anemae.
1602 259 1959 295 CONSTANTtNOP.

1382 354 1439 381 τος
1465 341 1576 390 μέλαν
1605 343 1726 395 πολλῷ
1755 346 1965 397 μελάντερον
1997 347 2169 387 δείκνυσιν
2184 350 2405 401 ἐπικείμενον

1381 403 1441 439 τοῦ
1462 402 1679 455 μαργαρίτου
1707 405 1748 443 τὸ
1766 407 1837 458 φῶς
1864 406 1925 445 καὶ
1951 406 2074 459 ὥσπερ
2099 410 2135 448 ἐν
2160 410 2276 463 σκότῳ
2301 412 2406 450 στίλ-

1382 460 1466 510 Εον,
1504 462 1545 501 τό
1570 480 1608 503 τε
1637 469 1699 504 τοῦ·
1723 466 1916 518 προσώπω
1949 468 2229 508 δυσδιάπλαστον
2256 470 2301 510 τὰ
2333 472 2405 510 τῶν

1381 523 1532 573 ἱματίων
1564 525 1652 574 ἄνθη
1671 526 1761 565 πολὺ
1791 527 1915 566 κάκιον
1935 528 2121 580 ἀποφαίνει
2135 557 2146 575 ,
2174 531 2239 569 οὔκ
2258 531 2406 584 ἀφιέντα

1381 583 1460 622 καθ’
1479 584 1601 624 ἑαυτὸν
1628 587 1857 638 ἀγωνζεσθαι
1876 588 1935 627 τὸν
1961 591 2025 635 τῆς
2051 589 2163 641 ὄψεως
2179 589 2287 630 τύπον
2305 590 2405 644 παρὰ

1380 651 1451 689 τοῖς
1469 649 1622 694 θεαταῖς,
1639 647 1730 686 ἀλλὰ
1753 648 1838 699 πρὸς
1863 647 1904 686 τὸ
1929 649 2173 702 χειροποίητον
2202 652 2314 691 ἐκεῖνο
2342 653 2405 691 καὶ

1380 707 1563 759 ἀμήχανον
1599 708 1727 753 κάλλος
1741 739 1750 756 ,
1770 709 1846 748 ὅθεν
1879 712 1901 756 ἡ
1923 710 2050 760 μείζων
2069 705 2161 757 ἧττα
2183 712 2329 763 γίνεται.
2356 711 2403 752 Ὁ

1379 769 1446 820 γὰρ
1481 769 1733 822 διεσπαρμένος
1767 772 1803 809 ἐν
1835 776 1907 813 τοῖς
1940 770 2094 821 ἱματίοις
2126 774 2278 825 χρυσὸς,
2298 773 2401 821 καὶὴ

1378 829 1491 876 πολλὴ
1512 832 1581 868 τῶν
1603 831 1646 869 τὰ
1666 835 1811 871 τοιαῦτα
1843 832 2085 884 ἐργαζομένων
2114 834 2287 883 ποικιλία,
2305 835 2366 874 καὶ
2382 839 2403 875 ὁ

1378 891 1497 934 λοιπὸς
1525 892 1656 941 κόσμος
1672 892 1785 940 ἅπας,
1807 892 1965 945 καθάπερ
1995 908 2049 937 τις
2066 894 2220 942 ἀθλητὴς
2245 901 2401 948 γενναῖος

1375 953 1524 990 εὐεκτῶν
1538 953 1598 991 καὶ
1617 956 1771 1005 σφριγῶν
1789 953 1970 1006 ψωραλέον
1987 954 2066 992 τινὰ
2089 955 2149 994 καὶ
2169 956 2315 1009 αἰσχρὸν
2333 956 2395 995 καὶ

1375 1012 1596 1062 λιμώττοντα
1617 1014 1874 1066 παρωσάμενος
1901 1016 2165 1067 ἀνταγωνιστὴν
2178 1047 2188 1066 ,
2207 1017 2299 1056 οὕτω
2333 1017 2400 1065 τὴν

1374 1078 1435 1112 τοῦ
1462 1074 1653 1125 προσώπω
1685 1074 1786 1119 δόξαν
1817 1078 1882 1122 τῆς
1912 1077 2159 1128 περικειμένης
2187 1079 2400 1118 καταθαλὼν

1374 1137 1460 1187 πρὸς
1479 1137 1602 1175 ἑαυτὸν
1620 1138 1813 1176 ἐπισπᾶται
1841 1138 1919 1182 τοὺς
1937 1138 2075 1186 θεατὰς,
2093 1140 2230 1188 ἐκείνην
2249 1140 2313 1191 μὲν
2330 1156 2396 1180 κα·

1374 1198 1591 1247 ταγελᾶσθαι
1611 1198 1787 1247 μειζόνως,
1808 1199 1910 1238 αὐτὸν
1929 1199 1965 1238 δὲ
1997 1201 2072 1250 μεθ’
2092 1200 2288 1252 ὓπερὸολῆς
2317 1205 2398 1241 θαυ·

1376 1258 1547 1306 μάζεσθαι
1565 1259 1856 1312 παρασκευάζων.

1426 1381 1520 1420 Ἀλλ’
1540 1382 1605 1435 οὐχ
1618 1384 1637 1421 ὁ
1648 1384 1711 1430 τῆς
1726 1383 1916 1435 παρθενίας
1929 1384 2058 1435 κόσμος
2074 1387 2239 1429 τοιοῦτος.
2255 1386 2311 1425 Οὔ
2329 1387 2400 1439 γὰρ

1372 1442 1579 1493 λυμαίνεται
1609 1445 1653 1494 τῇ
1685 1443 1912 1496 περικειμένῃ
1925 1474 1936 1492 ,
1953 1444 2073 1492 ἐπειδὴ
2104 1446 2186 1496 μηδ’
2220 1445 2295 1485 ἔστι
2331 1461 2400 1486 σω-

1373 1504 1532 1555 ματικὸς,
1550 1502 1643 1542 ἀλλὰ
1660 1506 1724 1550 τῆς
1740 1506 1855 1557 ψυχῆς
1873 1504 1971 1549 ὅλος·
1992 1505 2051 1543 καὶ
2073 1506 2130 1544 διὰ
2155 1508 2279 1554 τοῦτο,
2298 1506 2341 1545 ἄν
2359 1521 2399 1545 τε

1371 1564 1529 1612 δυσειδὴς
1547 1559 1586 1617 ᾗ,
1607 1564 1779 1615 μετέὸαλε
1808 1566 1872 1612 τὴν
1910 1566 2084 1605 δυσειδίαν
2115 1565 2241 1611 εὐθέως
2270 1566 2400 1612 κάλλος

1371 1626 1390 1646 *
1403 1626 1555 1678 περιθεὶς
1570 1626 1768 1678 ἀμήχανον,
1791 1627 1833 1664 ἄν
1855 1642 1894 1665 τε
1916 1627 2030 1678 ὡραία
2049 1626 2110 1666 καὶ
2135 1627 2288 1680 φαιδρὰ,
2305 1629 2398 1679 λαμ·

1371 1688 1542 1739 προτέραν
1570 1688 1751 1739 εἰγάσατο.
1770 1689 1824 1727 Οὐ
1849 1687 1919 1740 γὰρ
1941 1688 2032 1727 λίθοι
2048 1687 2109 1726 καὶ
2133 1688 2263 1741 χρυσὸς
2278 1716 2291 1736 ,
2319 1689 2398 1729 οὐδὲ

1371 1747 1522 1797 ἱματίων
1541 1748 1751 1787 πολυτέλεια
1763 1778 1775 1795 ,
1796 1749 1874 1788 οὐδὲ
1894 1748 2096 1802 χρωμάτων
2112 1749 2288 1797 πολυτελῆ
2309 1749 2396 1798 ἀνθη

1371 1809 1533 1861 διάφορα,
1549 1809 1625 1849 οὐδὲ
1646 1810 1732 1848 ἄλλο
1746 1812 1902 1848 τοιοῦτον
1920 1810 2017 1849 οὐδὲν
2036 1811 2106 1847 τῶν
2122 1811 2284 1862 φθαρτῶν
2303 1811 2395 1850 ἑκεί-

1369 1887 1437 1909 νων
1457 1877 1582 1921 κοσμεῖ
1600 1871 1663 1915 τὰς
1679 1871 1795 1924 ψυχὰς
1808 1901 1819 1918 ,
1849 1873 1926 1909 ἀλλ’
1947 1871 2025 1910 ἀντὶ
2054 1871 2187 1910 τούτων
2205 1877 2364 1920 νηστεῖαι
2383 1903 2394 1921 ,

1368 1932 1576 1985 παννυχίδες
1594 1933 1699 1987 ἱεραὶ,
1720 1932 1890 1984 πραότης,
1908 1932 2093 1980 ἐπιείκεια,
2103 1932 2223 1980 πενία,
2237 1933 2398 1986 ἀνδρεία,

1367 1993 1680 2046 ταπεινοφροσύνῃ,
1698 1993 1879 2046 καρτερία,
1895 1993 2037 2032 πάντων
2058 1994 2180 2037 ἁπλῶς
2194 1995 2265 2033 τῶν
2291 1996 2328 2033 ἐν
2343 1997 2396 2049 τῷ

1367 2055 1516 2107 παρόντι
1535 2055 1602 2108 βίῳ
1614 2056 1834 2108 πραγμάτων
1860 2054 2046 2108 ὑπεροψία.
2074 2054 2144 2094 Καὶ
2158 2053 2228 2107 γὰρ
2257 2056 2395 2108 ὀφθαλ-

1368 2117 1432 2168 μὸς
1450 2118 1539 2169 αὑτῇ
1556 2116 1647 2155 οὕτω
1672 2117 1736 2168 μὲν
1751 2117 1856 2160 καλὸς
1874 2116 1935 2155 καὶ
1952 2115 2140 2170 εὐπρεπὴς,
2158 2118 2207 2160 ὡς
2228 2117 2307 2156 ἀντὶ
2334 2119 2396 2157 ἀν-

1367 2179 1517 2231 θρώπων
1537 2178 1600 2222 τὰς
1629 2177 1842 2229 ἀσωμάτους
1875 2177 2038 2228 δυνάμεις
2071 2177 2132 2215 καὶ
2162 2178 2221 2216 τὸν
2259 2178 2394 2217 τούτων

1366 2240 1549 2288 Δεσπότην
1568 2240 1660 2292 ἔχειν
1684 2239 1835 2292 ἐραστήν
1847 2252 1856 2260 ·
1875 2238 1966 2278 οὕτω
1986 2239 2022 2278 δὲ
2049 2239 2200 2292 καθαρὸς
2219 2239 2280 2278 καὶ
2305 2240 2393 2279 διει-

1366 2301 1440 2349 δὴς,
1457 2304 1504 2345 ὡς
1521 2302 1599 2339 ἀντὶ
1622 2304 1692 2340 τῶν
1711 2302 1923 2352 σωματικῶν
1944 2300 1989 2339 τὰ
2007 2300 2182 2351 ἀσώματα
2200 2299 2315 2349 κάλλη
2330 2301 2395 2340 δύ-

1363 2367 1489 2402 νασθαι
1523 2366 1696 2416 καθορᾷν·
1727 2362 1816 2401 οὔτω
1843 2361 1879 2401 δὲ
1909 2361 2040 2415 ἥμερος
2059 2362 2119 2400 καὶ
2151 2362 2320 2413 γαληνὸς,
2346 2365 2394 2410 ὣς

1365 2424 1454 2474 μηδὲ
1482 2424 1568 2476 πρὸς
1602 2423 1681 2467 τοὺς
1707 2425 1912 2466 ἀδικοῦντας
1939 2424 2000 2462 καὶ
2020 2424 2176 2475 συνεχῶς
2198 2424 2395 2469 λυποῦντας

1364 2484 1555 2537 ἀγριαίνειν
1586 2485 1647 2523 καὶ
1676 2484 1937 2529 διανίστασθαι,
1961 2484 2052 2523 ἀλλὰ
2071 2484 2132 2522 καὶ
2151 2483 2238 2536 πρὸς
2254 2484 2394 2530 τούτοις

1362 2549 1426 2597 ἡδὺ
1444 2549 1503 2588 καὶ
1522 2555 1536 2571 ‘²
1556 2549 1714 2601 μείλιχον
1730 2552 1826 2601 ὁρᾷν.
1853 2547 2057 2599 Κοσμιότης
2072 2547 2109 2586 δὲ
2123 2549 2210 2599 αὐτῇ
2235 2548 2391 2597 τοσαύτη

1362 2612 1573 2666 περίκειται,
1595 2615 1641 2656 ὡς
1659 2613 1718 2651 καὶ
1746 2611 1824 2656 τοὺς
1852 2612 2067 2655 ἀκολάστως
2086 2611 2315 2664 αἰσχύνεσθαι
2330 2613 2393 2652 καὶ

1362 2681 1523 2733 ἔρυθριᾷν
1565 2680 1624 2719 καὶ
1655 2682 1717 2726 τῆς
1754 2677 1885 2722 οἰκείας
1915 2677 2084 2716 ἐνδιδόναι
2115 2677 2241 2728 μανίας
2259 2707 2269 2725 ,
2306 2677 2390 2719 ὅταν

1363 2747 1448 2797 πρὸς
1470 2745 1578 2794 αὐτὴν
1608 2746 1726 2784 ἴδωσιν
1747 2744 1915 2796 dapnes-k.
1935 2742 2075 2796 Ὠσπερ
2095 2743 2131 2782 δὲ
2160 2744 2300 2795 γυναικὶ
2327 2759 2390 2784 κο-

1364 2811 1452 2864 σμία
1469 2811 1532 2860 τὴν
1555 2811 1824 2861 διακονουμένην
1845 2809 2058 2862 θεράπαιναν
2086 2809 2146 2848 καὶ
2166 2809 2274 2858 αὐτὴν
2303 2804 2391 2853 εἷναι

1364 2878 1527 2924 τοιαύτην
1564 2878 1701 2929 ἀνάγκη
1716 2906 1725 2924 ,
1741 2876 1806 2914 κᾶν
1830 2876 1879 2927 μὴ
1914 2876 2083 2927 βούληται
2101 2891 2108 2899 ·
2126 2875 2218 2916 οὕτω
2239 2877 2300 2916 καὶ
2325 2876 2390 2927 τὴν

1364 2945 1479 2998 σάρκα
1498 2948 1560 2992 τῆς
1578 2943 1669 2984 οὕτω
1699 2943 1953 2996 φιλοσοφοῦσης
1981 2945 2097 2997 ψυχῆς
2125 2943 2211 2999 πρὸς
2233 2944 2278 2984 τὰ
2297 2946 2391 2985 ἐκεί·-

1362 3028 1423 3059 νης
1454 3013 1631 3062 κινήματα
1670 3011 1730 3050 καὶ
1763 3011 1825 3054 τὰς
1866 3010 1996 3053 οἰκείας
2031 3011 2170 3062 ἀνάγκη
2210 3011 2387 3064 ῥυθμίζειν

1360 3079 1482 3132 ὁρμάς.
1501 3079 1570 3118 Καὶ
1589 3078 1658 3130 γὰρ
1678 3077 1869 3130 ὀφθαλμὸς,
1899 3078 1960 3115 καὶ
1976 3078 2117 3128 γλῶττα
2131 3107 2143 3125 ,
2162 3077 2222 3116 καὶ
2240 3081 2390 3131 σχῆμα,

1361 3146 1421 3186 καὶ
1441 3146 1592 3198 βάδισις,
1611 3146 1672 3184 καὶ
1701 3144 1817 3184 πάντα
1841 3145 1962 3188 ἁπλῶς
1983 3145 2069 3196 πρὸς
2088 3145 2151 3193 τὴν
2170 3145 2266 3185 ἶνδον
2286 3148 2389 3186 εὐτα-

1361 3213 1436 3257 ξίαν
1454 3212 1752 3266 χαρακτηρίζεται
1769 3228 1777 3235 ·
1794 3212 1854 3249 καὶ
1870 3212 2028 3264 καθάπερ
2046 3212 2154 3264 μύρον
2175 3213 2385 3264 βαρύτιμον,

1360 3281 1423 3320 κᾶν
1442 3282 1488 3324 εἷς
1507 3281 1612 3331 ἄγγος
1630 3278 1874 3326 ἀποκλείηται,
1896 3279 1954 3317 τὸν
1969 3281 2055 3330 ἀέρα
2074 3281 2138 3325 τῆς
2152 3280 2281 3324 οἰκείας
2301 3282 2384 3319 ἀνα-

1362 3349 1501 3400 χ-ρῶσαν
1518 3347 1658 3389 εὐωδίας
1673 3376 1683 3395 ,
1702 3347 1740 3385 οὐ
1759 3345 1836 3388 τοὺς
1863 3346 1956 3383 ἔνδον
1982 3346 2041 3383 καὶ
2064 3345 2214 3392 πλησίον
2229 3348 2384 3388 εστῶτας

1394 3483 1402 3493 ·
1429 3470 1509 3508 Π«·,·.
1526 3473 1676 3510 amblivio.
1697 3470 1702 3509 1
1727 3467 1827 3500 smil.
1848 3473 1995 3510 μινὶῐχιςν
2015 3475 2129 3514 hophu.
2150 3467 2292 3512 Placet-l
