<?xml version="1.0" encoding="UTF-8"?>
<!DOCTYPE html PUBLIC "-//W3C//DTD XHTML 1.0 Transitional//EN"
    "http://www.w3.org/TR/xhtml1/DTD/xhtml1-transitional.dtd">
<html xmlns="http://www.w3.org/1999/xhtml" xml:lang="en" lang="en">
 <head>
  <title>
</title>
<meta http-equiv="Content-Type" content="text/html;charset=utf-8" />
  <meta name='ocr-system' content='tesseract 3.04.00' />
  <meta name='ocr-capabilities' content='ocr_page ocr_carea ocr_par ocr_line ocrx_word'/>
</head>
<body>
  <div class='ocr_page' id='page_1' title='image "./operaomniaquaeex01johnuoft/operaomniaquaeex01johnuoft_0443.png"; bbox 0 0 2549 3825; ppageno 0'>
   <div class='ocr_carea' id='block_1_1' title="bbox 968 274 2262 331">
    <p class='ocr_par' dir='ltr' id='par_1_1' title="bbox 968 274 2262 331">
     <span class='ocr_line' id='line_1_1' title="bbox 968 274 2262 331; baseline 0.003 -17"><span class='ocrx_word' id='word_1_1' title='bbox 968 286 1026 315; x_wconf 65' lang='lat' dir='ltr'>an</span> <span class='ocrx_word' id='word_1_2' title='bbox 1066 286 1239 315; x_wconf 51' lang='lat' dir='ltr'>vinnan</span> <span class='ocrx_word' id='word_1_3' title='bbox 1275 284 1517 315; x_wconf 70' lang='lat' dir='ltr'>sumonnu.</span> <span class='ocrx_word' id='word_1_4' title='bbox 2168 276 2197 331; x_wconf 72' lang='grc'><em>4</em></span> <span class='ocrx_word' id='word_1_5' title='bbox 2212 294 2221 318; x_wconf 88' lang='grc' dir='ltr'>ι</span> <span class='ocrx_word' id='word_1_6' title='bbox 2239 274 2262 317; x_wconf 79' lang='lat'>3</span> 
     </span>
    </p>
   </div>
   <div class='ocr_carea' id='block_1_2' title="bbox 215 367 2263 1394">
    <p class='ocr_par' dir='ltr' id='par_1_2' title="bbox 215 367 2263 1330">
     <span class='ocr_line' id='line_1_2' title="bbox 225 367 2262 422; baseline 0 -14"><span class='ocrx_word' id='word_1_7' title='bbox 225 385 349 422; x_wconf 79' lang='lat' dir='ltr'>nempe</span> <span class='ocrx_word' id='word_1_8' title='bbox 369 369 531 408; x_wconf 70' lang='lat' dir='ltr'>&#39;l‘lierasii</span> <span class='ocrx_word' id='word_1_9' title='bbox 553 382 717 415; x_wconf 82' lang='lat' dir='ltr'>uxorem,</span> <span class='ocrx_word' id='word_1_10' title='bbox 739 368 834 405; x_wconf 89' lang='lat' dir='ltr'>lumc</span> <span class='ocrx_word' id='word_1_11' title='bbox 855 367 960 404; x_wconf 82' lang='lat' dir='ltr'>etiam</span> <span class='ocrx_word' id='word_1_12' title='bbox 981 368 1078 405; x_wconf 79' lang='lat' dir='ltr'>misit</span> <span class='ocrx_word' id='word_1_13' title='bbox 1096 367 1396 420; x_wconf 67' lang='lat' dir='ltr'>(lluysostomusz</span> <span class='ocrx_word' id='word_1_14' title='bbox 1417 371 1465 404; x_wconf 83' lang='lat' dir='ltr'>sie</span> <span class='ocrx_word' id='word_1_15' title='bbox 1484 367 1618 419; x_wconf 84' lang='lat' dir='ltr'>quippe</span> <span class='ocrx_word' id='word_1_16' title='bbox 1638 367 1767 417; x_wconf 80' lang='lat' dir='ltr'>legitur</span> <span class='ocrx_word' id='word_1_17' title='bbox 1783 368 1818 405; x_wconf 90' lang='lat' dir='ltr'>in</span> <span class='ocrx_word' id='word_1_18' title='bbox 1835 367 2001 407; x_wconf 86' lang='lat' dir='ltr'>omnibus</span> <span class='ocrx_word' id='word_1_19' title='bbox 2019 383 2100 407; x_wconf 89' lang='lat' dir='ltr'>cum</span> <span class='ocrx_word' id='word_1_20' title='bbox 2120 368 2238 408; x_wconf 75' lang='lat' dir='ltr'>Editis</span> <span class='ocrx_word' id='word_1_21' title='bbox 2253 401 2262 418; x_wconf 90' lang='lat'>‚</span> 
     </span>
     <span class='ocr_line' id='line_1_3' title="bbox 221 427 2262 481; baseline 0.001 -14"><span class='ocrx_word' id='word_1_22' title='bbox 221 440 293 467; x_wconf 81' lang='lat' dir='ltr'>tum</span> <span class='ocrx_word' id='word_1_23' title='bbox 317 430 580 481; x_wconf 68' lang='lat' dir='ltr'>manuscriptis,</span> <span class='ocrx_word' id='word_1_24' title='bbox 594 434 654 467; x_wconf 74' lang='grc' dir='ltr'>τοῦ</span> <span class='ocrx_word' id='word_1_25' title='bbox 674 429 777 466; x_wconf 65' lang='grc' dir='ltr'>αὐτοῦΙ</span> <span class='ocrx_word' id='word_1_26' title='bbox 797 429 882 479; x_wconf 80' lang='grc' dir='ltr'>πρὸς</span> <span class='ocrx_word' id='word_1_27' title='bbox 900 428 963 473; x_wconf 74' lang='grc' dir='ltr'>τὴν</span> <span class='ocrx_word' id='word_1_28' title='bbox 980 429 1086 474; x_wconf 70' lang='grc' dir='ltr'>αὐτὴν</span> <span class='ocrx_word' id='word_1_29' title='bbox 1106 427 1187 479; x_wconf 80' lang='grc' dir='ltr'>περὶ</span> <span class='ocrx_word' id='word_1_30' title='bbox 1207 427 1430 478; x_wconf 79' lang='grc' dir='ltr'>μονανδρίας,</span> <span class='ocrx_word' id='word_1_31' title='bbox 1455 429 1624 479; x_wconf 77' lang='lat' dir='ltr'>ejusdem</span> <span class='ocrx_word' id='word_1_32' title='bbox 1641 430 1695 465; x_wconf 84' lang='lat' dir='ltr'>ad</span> <span class='ocrx_word' id='word_1_33' title='bbox 1711 430 1884 467; x_wconf 84' lang='lat' dir='ltr'>eamdem</span> <span class='ocrx_word' id='word_1_34' title='bbox 1918 431 1966 467; x_wconf 80' lang='lat' dir='ltr'>de</span> <span class='ocrx_word' id='word_1_35' title='bbox 1991 444 2068 468; x_wconf 86' lang='lat' dir='ltr'>non</span> <span class='ocrx_word' id='word_1_36' title='bbox 2087 432 2262 469; x_wconf 79' lang='lat' dir='ltr'>iterando</span> 
     </span>
     <span class='ocr_line' id='line_1_4' title="bbox 219 488 2260 544; baseline 0.001 -15"><span class='ocrx_word' id='word_1_37' title='bbox 219 494 404 544; x_wconf 71' lang='lat' dir='ltr'>conjugio.</span> <span class='ocrx_word' id='word_1_38' title='bbox 425 492 514 528; x_wconf 87' lang='lat' dir='ltr'>lluic</span> <span class='ocrx_word' id='word_1_39' title='bbox 534 504 677 542; x_wconf 83' lang='lat' dir='ltr'>quoque</span> <span class='ocrx_word' id='word_1_40' title='bbox 693 489 870 527; x_wconf 75' lang='lat' dir='ltr'><strong>sementim</strong></span> <span class='ocrx_word' id='word_1_41' title='bbox 890 490 1008 526; x_wconf 82' lang='lat' dir='ltr'>favere</span> <span class='ocrx_word' id='word_1_42' title='bbox 1029 489 1171 526; x_wconf 78' lang='lat' dir='ltr'>videtur</span> <span class='ocrx_word' id='word_1_43' title='bbox 1192 488 1392 538; x_wconf 81' lang='lat' dir='ltr'>argumenti</span> <span class='ocrx_word' id='word_1_44' title='bbox 1415 502 1548 539; x_wconf 82' lang='lat' dir='ltr'>genus:</span> <span class='ocrx_word' id='word_1_45' title='bbox 1566 503 1647 526; x_wconf 88' lang='lat' dir='ltr'>nam</span> <span class='ocrx_word' id='word_1_46' title='bbox 1668 489 1713 526; x_wconf 83' lang='lat' dir='ltr'>(le</span> <span class='ocrx_word' id='word_1_47' title='bbox 1729 491 1872 541; x_wconf 85' lang='lat' dir='ltr'>juniore</span> <span class='ocrx_word' id='word_1_48' title='bbox 1892 492 2005 530; x_wconf 75' lang='lat' dir='ltr'>vidua</span> <span class='ocrx_word' id='word_1_49' title='bbox 2022 493 2154 544; x_wconf 82' lang='lat' dir='ltr'>agitur,</span> <span class='ocrx_word' id='word_1_50' title='bbox 2180 508 2260 544; x_wconf 87' lang='lat' dir='ltr'>quae</span> 
     </span>
     <span class='ocr_line' id='line_1_5' title="bbox 218 548 2260 604; baseline 0.002 -15"><span class='ocrx_word' id='word_1_51' title='bbox 218 553 324 590; x_wconf 81' lang='lat' dir='ltr'>semel</span> <span class='ocrx_word' id='word_1_52' title='bbox 346 553 520 604; x_wconf 73' lang='lat' dir='ltr'>nupserit,</span> <span class='ocrx_word' id='word_1_53' title='bbox 539 566 616 602; x_wconf 67' lang='lat' dir='ltr'>qua}</span> <span class='ocrx_word' id='word_1_54' title='bbox 635 551 740 588; x_wconf 89' lang='lat' dir='ltr'>ambo</span> <span class='ocrx_word' id='word_1_55' title='bbox 761 549 927 587; x_wconf 79' lang='lat' dir='ltr'>Tlierasii</span> <span class='ocrx_word' id='word_1_56' title='bbox 942 550 1044 587; x_wconf 86' lang='lat' dir='ltr'>uxori</span> <span class='ocrx_word' id='word_1_57' title='bbox 1061 557 1278 600; x_wconf 88' lang='lat' dir='ltr'>competunt.</span> <span class='ocrx_word' id='word_1_58' title='bbox 1299 549 1437 586; x_wconf 76' lang='lat' dir='ltr'>Verum</span> <span class='ocrx_word' id='word_1_59' title='bbox 1456 548 1514 586; x_wconf 86' lang='lat' dir='ltr'>hic</span> <span class='ocrx_word' id='word_1_60' title='bbox 1537 563 1606 586; x_wconf 90' lang='lat' dir='ltr'>non</span> <span class='ocrx_word' id='word_1_61' title='bbox 1628 549 1773 588; x_wconf 84' lang='lat' dir='ltr'>viduam</span> <span class='ocrx_word' id='word_1_62' title='bbox 1790 552 1948 601; x_wconf 86' lang='lat' dir='ltr'>aliquam</span> <span class='ocrx_word' id='word_1_63' title='bbox 1966 554 2146 604; x_wconf 88' lang='lat' dir='ltr'>juniorem</span> <span class='ocrx_word' id='word_1_64' title='bbox 2165 555 2260 593; x_wconf 85' lang='lat' dir='ltr'>allo-</span> 
     </span>
     <span class='ocr_line' id='line_1_6' title="bbox 217 609 2260 663; baseline 0.002 -14"><span class='ocrx_word' id='word_1_65' title='bbox 217 614 355 663; x_wconf 80' lang='lat' dir='ltr'>quitur,</span> <span class='ocrx_word' id='word_1_66' title='bbox 373 613 434 651; x_wconf 89' lang='lat' dir='ltr'>scd</span> <span class='ocrx_word' id='word_1_67' title='bbox 457 626 577 650; x_wconf 88' lang='lat' dir='ltr'>omnes</span> <span class='ocrx_word' id='word_1_68' title='bbox 599 612 706 649; x_wconf 87' lang='lat' dir='ltr'>simul</span> <span class='ocrx_word' id='word_1_69' title='bbox 739 610 867 649; x_wconf 89' lang='lat' dir='ltr'>viduas</span> <span class='ocrx_word' id='word_1_70' title='bbox 896 610 1137 648; x_wconf 82' lang='lat' dir='ltr'>concionantis</span> <span class='ocrx_word' id='word_1_71' title='bbox 1152 622 1249 646; x_wconf 90' lang='lat' dir='ltr'>more</span> <span class='ocrx_word' id='word_1_72' title='bbox 1281 621 1350 645; x_wconf 92' lang='lat' dir='ltr'>non</span> <span class='ocrx_word' id='word_1_73' title='bbox 1381 609 1533 646; x_wconf 89' lang='lat' dir='ltr'>iterandi</span> <span class='ocrx_word' id='word_1_74' title='bbox 1556 611 1713 661; x_wconf 83' lang='lat' dir='ltr'>conjugii</span> <span class='ocrx_word' id='word_1_75' title='bbox 1749 626 1872 649; x_wconf 83' lang='lat' dir='ltr'>causas</span> <span class='ocrx_word' id='word_1_76' title='bbox 1902 613 2004 651; x_wconf 82' lang='lat' dir='ltr'>docet</span> <span class='ocrx_word' id='word_1_77' title='bbox 2028 630 2035 651; x_wconf 94' lang='lat'><strong>:</strong></span> <span class='ocrx_word' id='word_1_78' title='bbox 2058 615 2141 653; x_wconf 87' lang='lat' dir='ltr'>licet</span> <span class='ocrx_word' id='word_1_79' title='bbox 2164 617 2260 654; x_wconf 89' lang='lat' dir='ltr'>enim</span> 
     </span>
     <span class='ocr_line' id='line_1_7' title="bbox 218 668 2261 726; baseline 0.001 -15"><span class='ocrx_word' id='word_1_80' title='bbox 218 674 378 712; x_wconf 82' lang='lat' dir='ltr'>secundae</span> <span class='ocrx_word' id='word_1_81' title='bbox 398 674 529 726; x_wconf 79' lang='lat' dir='ltr'>nuptiae</span> <span class='ocrx_word' id='word_1_82' title='bbox 546 672 732 726; x_wconf 80' lang='lat' dir='ltr'>culpandae</span> <span class='ocrx_word' id='word_1_83' title='bbox 753 685 821 709; x_wconf 89' lang='lat' dir='ltr'>non</span> <span class='ocrx_word' id='word_1_84' title='bbox 841 671 924 718; x_wconf 86' lang='lat' dir='ltr'>sint,</span> <span class='ocrx_word' id='word_1_85' title='bbox 946 685 1013 709; x_wconf 89' lang='lat' dir='ltr'>non</span> <span class='ocrx_word' id='word_1_86' title='bbox 1037 680 1119 709; x_wconf 89' lang='lat' dir='ltr'>sunt</span> <span class='ocrx_word' id='word_1_87' title='bbox 1137 681 1253 708; x_wconf 85' lang='lat' dir='ltr'>tamen</span> <span class='ocrx_word' id='word_1_88' title='bbox 1278 668 1385 706; x_wconf 84' lang='lat' dir='ltr'>laude</span> <span class='ocrx_word' id='word_1_89' title='bbox 1402 668 1520 719; x_wconf 77' lang='lat' dir='ltr'>dignae</span> <span class='ocrx_word' id='word_1_90' title='bbox 1535 700 1544 716; x_wconf 91' lang='lat'>,</span> <span class='ocrx_word' id='word_1_91' title='bbox 1565 684 1605 707; x_wconf 89' lang='lat' dir='ltr'>ac</span> <span class='ocrx_word' id='word_1_92' title='bbox 1630 672 1837 709; x_wconf 85' lang='lat' dir='ltr'>nonnullam</span> <span class='ocrx_word' id='word_1_93' title='bbox 1864 674 2125 713; x_wconf 82' lang='lat' dir='ltr'>incontinentiae</span> <span class='ocrx_word' id='word_1_94' title='bbox 2142 686 2261 714; x_wconf 89' lang='lat' dir='ltr'>notam</span> 
     </span>
     <span class='ocr_line' id='line_1_8' title="bbox 219 729 2260 789; baseline 0.004 -21"><span class='ocrx_word' id='word_1_95' title='bbox 219 750 291 786; x_wconf 65' lang='lat' dir='ltr'>prae</span> <span class='ocrx_word' id='word_1_96' title='bbox 312 749 348 772; x_wconf 87' lang='lat' dir='ltr'>se</span> <span class='ocrx_word' id='word_1_97' title='bbox 364 735 491 772; x_wconf 85' lang='lat' dir='ltr'>serunt.</span> <span class='ocrx_word' id='word_1_98' title='bbox 510 734 717 772; x_wconf 82' lang='lat' dir='ltr'>Orationem</span> <span class='ocrx_word' id='word_1_99' title='bbox 737 746 820 771; x_wconf 84' lang='lat' dir='ltr'>vero</span> <span class='ocrx_word' id='word_1_100' title='bbox 837 732 974 770; x_wconf 89' lang='lat' dir='ltr'>claudit</span> <span class='ocrx_word' id='word_1_101' title='bbox 992 763 1003 779; x_wconf 89' lang='lat'><em>‚</em></span> <span class='ocrx_word' id='word_1_102' title='bbox 1025 742 1064 770; x_wconf 92' lang='lat' dir='ltr'>ut</span> <span class='ocrx_word' id='word_1_103' title='bbox 1092 732 1128 769; x_wconf 92' lang='lat' dir='ltr'>in</span> <span class='ocrx_word' id='word_1_104' title='bbox 1158 730 1318 768; x_wconf 84' lang='lat' dir='ltr'>homiliis</span> <span class='ocrx_word' id='word_1_105' title='bbox 1347 729 1435 767; x_wconf 85' lang='lat' dir='ltr'>solet</span> <span class='ocrx_word' id='word_1_106' title='bbox 1453 745 1461 765; x_wconf 79' lang='lat' dir='ltr'><strong><em>z</em></strong></span> <span class='ocrx_word' id='word_1_107' title='bbox 1483 733 1594 777; x_wconf 75' lang='lat' dir='ltr'>Jloec,</span> <span class='ocrx_word' id='word_1_108' title='bbox 1614 733 1749 781; x_wconf 87' lang='lat' dir='ltr'>inquit,</span> <span class='ocrx_word' id='word_1_109' title='bbox 1774 748 1851 771; x_wconf 84' lang='lat' dir='ltr'>non</span> <span class='ocrx_word' id='word_1_110' title='bbox 1869 749 1945 785; x_wconf 84' lang='lat' dir='ltr'>quo</span> <span class='ocrx_word' id='word_1_111' title='bbox 1962 741 2179 774; x_wconf 77' lang='lat' dir='ltr'>necessaria</span> <span class='ocrx_word' id='word_1_112' title='bbox 2189 741 2260 789; x_wconf 77' lang='lat' dir='ltr'>jn-</span> 
     </span>
     <span class='ocr_line' id='line_1_9' title="bbox 217 791 2263 845; baseline 0.002 -13"><span class='ocrx_word' id='word_1_113' title='bbox 217 797 446 840; x_wconf 75' lang='lat' dir='ltr'>dicaremus,</span> <span class='ocrx_word' id='word_1_114' title='bbox 465 796 666 832; x_wconf 79' lang='lat' dir='ltr'>attulimus</span> <span class='ocrx_word' id='word_1_115' title='bbox 681 824 690 841; x_wconf 89' lang='lat'>,</span> <span class='ocrx_word' id='word_1_116' title='bbox 709 804 776 832; x_wconf 79' lang='lat' dir='ltr'>aaz</span> <span class='ocrx_word' id='word_1_117' title='bbox 795 806 871 845; x_wconf 81' lang='lat' dir='ltr'>quo</span> <span class='ocrx_word' id='word_1_118' title='bbox 889 793 982 830; x_wconf 80' lang='lat' dir='ltr'>illas</span> <span class='ocrx_word' id='word_1_119' title='bbox 1001 823 1010 841; x_wconf 93' lang='lat'>,</span> <span class='ocrx_word' id='word_1_120' title='bbox 1026 807 1112 844; x_wconf 82' lang='lat' dir='ltr'>quae</span> <span class='ocrx_word' id='word_1_121' title='bbox 1126 795 1167 829; x_wconf 87' lang='lat' dir='ltr'>in</span> <span class='ocrx_word' id='word_1_122' title='bbox 1184 791 1379 828; x_wconf 70' lang='lat' dir='ltr'>viduitate</span> <span class='ocrx_word' id='word_1_123' title='bbox 1391 805 1618 842; x_wconf 84' lang='lat' dir='ltr'>permanere</span> <span class='ocrx_word' id='word_1_124' title='bbox 1635 796 1772 832; x_wconf 81' lang='lat' dir='ltr'>nolunt</span> <span class='ocrx_word' id='word_1_125' title='bbox 1788 825 1797 843; x_wconf 86' lang='lat'>‚</span> <span class='ocrx_word' id='word_1_126' title='bbox 1813 797 2158 835; x_wconf 80' lang='lat' dir='ltr'>condemnaremus</span> <span class='ocrx_word' id='word_1_127' title='bbox 2171 829 2181 845; x_wconf 90' lang='lat'>‚</span> <span class='ocrx_word' id='word_1_128' title='bbox 2195 800 2263 837; x_wconf 83' lang='lat' dir='ltr'>sed</span> 
     </span>
     <span class='ocr_line' id='line_1_10' title="bbox 219 855 2262 907; baseline 0.002 -15"><span class='ocrx_word' id='word_1_129' title='bbox 219 857 291 893; x_wconf 78' lang='lat' dir='ltr'>hoc</span> <span class='ocrx_word' id='word_1_130' title='bbox 321 870 435 893; x_wconf 84' lang='lat' dir='ltr'>unam</span> <span class='ocrx_word' id='word_1_131' title='bbox 462 856 728 892; x_wconf 77' lang='lat' dir='ltr'>cohortatione</span> <span class='ocrx_word' id='word_1_132' title='bbox 758 855 1100 904; x_wconf 79' lang='lat' dir='ltr'>admonitioneque</span> <span class='ocrx_word' id='word_1_133' title='bbox 1128 861 1261 890; x_wconf 81' lang='lat' dir='ltr'>nostra</span> <span class='ocrx_word' id='word_1_134' title='bbox 1283 861 1454 904; x_wconf 81' lang='lat' dir='ltr'>agentes,</span> <span class='ocrx_word' id='word_1_135' title='bbox 1475 861 1517 890; x_wconf 82' lang='lat' dir='ltr'>ut</span> <span class='ocrx_word' id='word_1_136' title='bbox 1546 868 1593 890; x_wconf 82' lang='lat' dir='ltr'>ne</span> <span class='ocrx_word' id='word_1_137' title='bbox 1624 863 1734 892; x_wconf 65' lang='lat' dir='ltr'>terrae</span> <span class='ocrx_word' id='word_1_138' title='bbox 1759 865 1940 907; x_wconf 82' lang='lat' dir='ltr'>perpetuo</span> <span class='ocrx_word' id='word_1_139' title='bbox 1964 858 2102 907; x_wconf 66' lang='lat' dir='ltr'>affixae</span> <span class='ocrx_word' id='word_1_140' title='bbox 2118 860 2262 897; x_wconf 78' lang='lat' dir='ltr'>lzoerere</span> 
     </span>
     <span class='ocr_line' id='line_1_11' title="bbox 216 914 2262 965; baseline 0.001 -11"><span class='ocrx_word' id='word_1_141' title='bbox 216 918 356 961; x_wconf 80' lang='lat' dir='ltr'>velint,</span> <span class='ocrx_word' id='word_1_142' title='bbox 377 917 446 954; x_wconf 82' lang='lat' dir='ltr'>sed</span> <span class='ocrx_word' id='word_1_143' title='bbox 459 917 577 953; x_wconf 79' lang='lat' dir='ltr'>semel</span> <span class='ocrx_word' id='word_1_144' title='bbox 591 916 726 953; x_wconf 67' lang='lat' dir='ltr'>solata?</span> <span class='ocrx_word' id='word_1_145' title='bbox 744 918 786 952; x_wconf 82' lang='lat' dir='ltr'>in</span> <span class='ocrx_word' id='word_1_146' title='bbox 801 917 979 953; x_wconf 80' lang='lat' dir='ltr'>libertate</span> <span class='ocrx_word' id='word_1_147' title='bbox 998 922 1185 952; x_wconf 84' lang='lat' dir='ltr'>maneant</span> <span class='ocrx_word' id='word_1_148' title='bbox 1200 943 1209 958; x_wconf 96' lang='lat'>,</span> <span class='ocrx_word' id='word_1_149' title='bbox 1231 914 1285 951; x_wconf 84' lang='lat' dir='ltr'>ad</span> <span class='ocrx_word' id='word_1_150' title='bbox 1303 914 1441 952; x_wconf 82' lang='lat' dir='ltr'>coelum</span> <span class='ocrx_word' id='word_1_151' title='bbox 1464 918 1661 965; x_wconf 80' lang='lat' dir='ltr'>aspirent,</span> <span class='ocrx_word' id='word_1_152' title='bbox 1684 917 1875 955; x_wconf 66' lang='lat' dir='ltr'>caelestem</span> <span class='ocrx_word' id='word_1_153' title='bbox 1902 919 2056 956; x_wconf 69' lang='lat' dir='ltr'>vivendi</span> <span class='ocrx_word' id='word_1_154' title='bbox 2074 924 2262 958; x_wconf 84' lang='lat' dir='ltr'>rationem</span> 
     </span>
     <span class='ocr_line' id='line_1_12' title="bbox 216 975 2261 1029; baseline 0.004 -17"><span class='ocrx_word' id='word_1_155' title='bbox 216 975 442 1023; x_wconf 75' lang='lat' dir='ltr'>adhibeant,</span> <span class='ocrx_word' id='word_1_156' title='bbox 459 988 506 1012; x_wconf 85' lang='lat' dir='ltr'>ae</span> <span class='ocrx_word' id='word_1_157' title='bbox 517 977 666 1026; x_wconf 71' lang='lat' dir='ltr'>juncta&gt;</span> <span class='ocrx_word' id='word_1_158' title='bbox 690 975 844 1012; x_wconf 83' lang='lat' dir='ltr'>Christo</span> <span class='ocrx_word' id='word_1_159' title='bbox 859 987 906 1012; x_wconf 86' lang='lat' dir='ltr'>ea</span> <span class='ocrx_word' id='word_1_160' title='bbox 925 978 1052 1011; x_wconf 84' lang='lat' dir='ltr'>omnia</span> <span class='ocrx_word' id='word_1_161' title='bbox 1066 982 1262 1025; x_wconf 80' lang='lat' dir='ltr'>proestent‚</span> <span class='ocrx_word' id='word_1_162' title='bbox 1283 989 1370 1027; x_wconf 72' lang='lat' dir='ltr'>quse</span> <span class='ocrx_word' id='word_1_163' title='bbox 1385 977 1432 1012; x_wconf 81' lang='lat' dir='ltr'>iis</span> <span class='ocrx_word' id='word_1_164' title='bbox 1452 980 1687 1014; x_wconf 79' lang='lat' dir='ltr'>conveniunt</span> <span class='ocrx_word' id='word_1_165' title='bbox 1704 1007 1713 1024; x_wconf 86' lang='lat'><strong>‚</strong></span> <span class='ocrx_word' id='word_1_166' title='bbox 1744 992 1830 1029; x_wconf 82' lang='lat' dir='ltr'>qzcoe</span> <span class='ocrx_word' id='word_1_167' title='bbox 1848 986 2001 1017; x_wconf 81' lang='lat' dir='ltr'>tantum</span> <span class='ocrx_word' id='word_1_168' title='bbox 2023 989 2149 1018; x_wconf 82' lang='lat' dir='ltr'>nactae</span> <span class='ocrx_word' id='word_1_169' title='bbox 2171 990 2261 1020; x_wconf 80' lang='lat' dir='ltr'>sant</span> 
     </span>
     <span class='ocr_line' id='line_1_13' title="bbox 216 1035 2260 1091; baseline 0.003 -17"><span class='ocrx_word' id='word_1_170' title='bbox 216 1050 394 1089; x_wconf 81' lang='lat' dir='ltr'>sponsum</span> <span class='ocrx_word' id='word_1_171' title='bbox 411 1053 425 1074; x_wconf 91' lang='lat'>.·</span> <span class='ocrx_word' id='word_1_172' title='bbox 445 1038 628 1086; x_wconf 80' lang='lat' dir='ltr'>quoniam</span> <span class='ocrx_word' id='word_1_173' title='bbox 646 1038 771 1086; x_wconf 80' lang='lat' dir='ltr'>ipsam</span> <span class='ocrx_word' id='word_1_174' title='bbox 793 1037 899 1073; x_wconf 80' lang='lat' dir='ltr'>decet</span> <span class='ocrx_word' id='word_1_175' title='bbox 922 1039 1048 1073; x_wconf 82' lang='lat' dir='ltr'>omnis</span> <span class='ocrx_word' id='word_1_176' title='bbox 1067 1035 1216 1086; x_wconf 79' lang='lat' dir='ltr'>gloria,</span> <span class='ocrx_word' id='word_1_177' title='bbox 1235 1037 1373 1083; x_wconf 77' lang='lat' dir='ltr'>honor,</span> <span class='ocrx_word' id='word_1_178' title='bbox 1389 1045 1454 1074; x_wconf 90' lang='lat' dir='ltr'>etc.</span> <span class='ocrx_word' id='word_1_179' title='bbox 1473 1036 1558 1074; x_wconf 80' lang='lat' dir='ltr'>Haec</span> <span class='ocrx_word' id='word_1_180' title='bbox 1581 1038 1758 1076; x_wconf 89' lang='lat' dir='ltr'>concionis</span> <span class='ocrx_word' id='word_1_181' title='bbox 1772 1039 1955 1091; x_wconf 85' lang='lat' dir='ltr'>epilogum</span> <span class='ocrx_word' id='word_1_182' title='bbox 1973 1054 2046 1078; x_wconf 87' lang='lat' dir='ltr'>esse</span> <span class='ocrx_word' id='word_1_183' title='bbox 2067 1056 2170 1079; x_wconf 90' lang='lat' dir='ltr'>nemo</span> <span class='ocrx_word' id='word_1_184' title='bbox 2190 1056 2260 1080; x_wconf 90' lang='lat' dir='ltr'>non</span> 
     </span>
     <span class='ocr_line' id='line_1_14' title="bbox 216 1095 2257 1153; baseline 0.003 -20"><span class='ocrx_word' id='word_1_185' title='bbox 216 1097 324 1134; x_wconf 89' lang='lat' dir='ltr'>videt.</span> <span class='ocrx_word' id='word_1_186' title='bbox 342 1098 460 1144; x_wconf 83' lang='lat' dir='ltr'>Quare</span> <span class='ocrx_word' id='word_1_187' title='bbox 476 1095 532 1134; x_wconf 89' lang='lat' dir='ltr'>vel</span> <span class='ocrx_word' id='word_1_188' title='bbox 545 1096 580 1133; x_wconf 91' lang='lat' dir='ltr'>in</span> <span class='ocrx_word' id='word_1_189' title='bbox 601 1095 704 1133; x_wconf 91' lang='lat' dir='ltr'>titulo</span> <span class='ocrx_word' id='word_1_190' title='bbox 726 1095 833 1145; x_wconf 86' lang='lat' dir='ltr'>illud,</span> <span class='ocrx_word' id='word_1_191' title='bbox 853 1096 938 1147; x_wconf 81' lang='grc' dir='ltr'>πρὸς</span> <span class='ocrx_word' id='word_1_192' title='bbox 953 1095 1016 1142; x_wconf 92' lang='grc' dir='ltr'>τὴν</span> <span class='ocrx_word' id='word_1_193' title='bbox 1035 1096 1155 1143; x_wconf 81' lang='grc' dir='ltr'>αὐτήν,</span> <span class='ocrx_word' id='word_1_194' title='bbox 1177 1098 1231 1134; x_wconf 83' lang='lat' dir='ltr'>ad</span> <span class='ocrx_word' id='word_1_195' title='bbox 1259 1097 1449 1145; x_wconf 83' lang='lat' dir='ltr'>eamdem,</span> <span class='ocrx_word' id='word_1_196' title='bbox 1464 1111 1483 1134; x_wconf 93' lang='lat' dir='ltr'>a</span> <span class='ocrx_word' id='word_1_197' title='bbox 1499 1097 1646 1135; x_wconf 88' lang='lat' dir='ltr'>librario</span> <span class='ocrx_word' id='word_1_198' title='bbox 1665 1098 1823 1149; x_wconf 86' lang='lat' dir='ltr'>quodam</span> <span class='ocrx_word' id='word_1_199' title='bbox 1841 1109 1972 1139; x_wconf 87' lang='lat' dir='ltr'>temere</span> <span class='ocrx_word' id='word_1_200' title='bbox 1985 1100 2162 1153; x_wconf 88' lang='lat' dir='ltr'>adjectum</span> <span class='ocrx_word' id='word_1_201' title='bbox 2180 1113 2231 1141; x_wconf 91' lang='lat' dir='ltr'>est</span> <span class='ocrx_word' id='word_1_202' title='bbox 2249 1120 2257 1139; x_wconf 89' lang='lat'>:</span> 
     </span>
     <span class='ocr_line' id='line_1_15' title="bbox 217 1156 2261 1213; baseline 0.003 -18"><span class='ocrx_word' id='word_1_203' title='bbox 217 1158 273 1195; x_wconf 90' lang='lat' dir='ltr'>vel</span> <span class='ocrx_word' id='word_1_204' title='bbox 295 1157 325 1195; x_wconf 94' lang='lat' dir='ltr'>si</span> <span class='ocrx_word' id='word_1_205' title='bbox 344 1171 422 1194; x_wconf 88' lang='lat' dir='ltr'>eam</span> <span class='ocrx_word' id='word_1_206' title='bbox 438 1157 632 1195; x_wconf 89' lang='lat' dir='ltr'>orationem</span> <span class='ocrx_word' id='word_1_207' title='bbox 651 1156 696 1194; x_wconf 88' lang='lat' dir='ltr'>ad</span> <span class='ocrx_word' id='word_1_208' title='bbox 714 1157 879 1195; x_wconf 86' lang='lat' dir='ltr'>Therasii</span> <span class='ocrx_word' id='word_1_209' title='bbox 899 1171 1050 1194; x_wconf 78' lang='lat' dir='ltr'>uxorem</span> <span class='ocrx_word' id='word_1_210' title='bbox 1081 1171 1165 1195; x_wconf 88' lang='lat' dir='ltr'>vere</span> <span class='ocrx_word' id='word_1_211' title='bbox 1195 1157 1332 1196; x_wconf 87' lang='lat' dir='ltr'>miserit</span> <span class='ocrx_word' id='word_1_212' title='bbox 1353 1157 1634 1210; x_wconf 84' lang='lat' dir='ltr'>Chrysostomus</span> <span class='ocrx_word' id='word_1_213' title='bbox 1650 1189 1660 1208; x_wconf 91' lang='lat'>,</span> <span class='ocrx_word' id='word_1_214' title='bbox 1682 1160 1798 1212; x_wconf 81' lang='lat' dir='ltr'>ipsam</span> <span class='ocrx_word' id='word_1_215' title='bbox 1826 1171 1947 1213; x_wconf 89' lang='lat' dir='ltr'>postea</span> <span class='ocrx_word' id='word_1_216' title='bbox 1983 1162 2140 1201; x_wconf 75' lang='lat' dir='ltr'>homiliae</span> <span class='ocrx_word' id='word_1_217' title='bbox 2163 1178 2261 1202; x_wconf 87' lang='lat' dir='ltr'>more</span> 
     </span>
     <span class='ocr_line' id='line_1_16' title="bbox 215 1218 2263 1272; baseline 0.003 -16"><span class='ocrx_word' id='word_1_218' title='bbox 215 1218 463 1256; x_wconf 81' lang='lat' dir='ltr'>concinnatam</span> <span class='ocrx_word' id='word_1_219' title='bbox 483 1218 518 1255; x_wconf 87' lang='lat' dir='ltr'>in</span> <span class='ocrx_word' id='word_1_220' title='bbox 537 1226 629 1256; x_wconf 82' lang='lat' dir='ltr'>coetu</span> <span class='ocrx_word' id='word_1_221' title='bbox 653 1218 867 1256; x_wconf 81' lang='lat' dir='ltr'>recitaverit.</span> <span class='ocrx_word' id='word_1_222' title='bbox 880 1219 928 1256; x_wconf 94' lang='lat' dir='ltr'>Ut</span> <span class='ocrx_word' id='word_1_223' title='bbox 958 1227 997 1255; x_wconf 90' lang='lat' dir='ltr'>ut</span> <span class='ocrx_word' id='word_1_224' title='bbox 1023 1231 1106 1256; x_wconf 84' lang='lat' dir='ltr'>vero</span> <span class='ocrx_word' id='word_1_225' title='bbox 1130 1219 1189 1268; x_wconf 86' lang='lat' dir='ltr'>sit,</span> <span class='ocrx_word' id='word_1_226' title='bbox 1208 1227 1408 1270; x_wconf 80' lang='lat' dir='ltr'>opportune</span> <span class='ocrx_word' id='word_1_227' title='bbox 1424 1220 1571 1271; x_wconf 87' lang='lat' dir='ltr'>ponitur</span> <span class='ocrx_word' id='word_1_228' title='bbox 1590 1230 1668 1272; x_wconf 87' lang='lat' dir='ltr'>post</span> <span class='ocrx_word' id='word_1_229' title='bbox 1686 1221 1882 1260; x_wconf 87' lang='lat' dir='ltr'>orationem</span> <span class='ocrx_word' id='word_1_230' title='bbox 1906 1222 1952 1261; x_wconf 89' lang='lat' dir='ltr'>ad</span> <span class='ocrx_word' id='word_1_231' title='bbox 1974 1223 2142 1262; x_wconf 87' lang='lat' dir='ltr'>Therasii</span> <span class='ocrx_word' id='word_1_232' title='bbox 2165 1239 2263 1264; x_wconf 82' lang='lat' dir='ltr'>uxo-</span> 
     </span>
     <span class='ocr_line' id='line_1_17' title="bbox 215 1278 1364 1330; baseline 0.001 -13"><span class='ocrx_word' id='word_1_233' title='bbox 215 1294 303 1325; x_wconf 90' lang='lat' dir='ltr'>rem,</span> <span class='ocrx_word' id='word_1_234' title='bbox 325 1279 406 1330; x_wconf 85' lang='lat' dir='ltr'>quia</span> <span class='ocrx_word' id='word_1_235' title='bbox 422 1288 474 1316; x_wconf 86' lang='lat' dir='ltr'>est</span> <span class='ocrx_word' id='word_1_236' title='bbox 486 1278 645 1330; x_wconf 85' lang='lat' dir='ltr'>ejusdem</span> <span class='ocrx_word' id='word_1_237' title='bbox 666 1279 880 1330; x_wconf 72' lang='lat' dir='ltr'>argumenti,</span> <span class='ocrx_word' id='word_1_238' title='bbox 897 1293 959 1317; x_wconf 89' lang='lat' dir='ltr'>nec</span> <span class='ocrx_word' id='word_1_239' title='bbox 979 1278 1105 1317; x_wconf 83' lang='lat' dir='ltr'>debuit</span> <span class='ocrx_word' id='word_1_240' title='bbox 1118 1280 1257 1318; x_wconf 87' lang='lat' dir='ltr'>moveri</span> <span class='ocrx_word' id='word_1_241' title='bbox 1272 1280 1364 1318; x_wconf 91' lang='lat' dir='ltr'>loco.</span> 
     </span>
    </p>

    <p class='ocr_par' dir='ltr' id='par_1_3' title="bbox 272 1340 2260 1394">
     <span class='ocr_line' id='line_1_18' title="bbox 272 1340 2260 1394; baseline 0.004 -16"><span class='ocrx_word' id='word_1_242' title='bbox 272 1340 444 1379; x_wconf 88' lang='lat' dir='ltr'>Flaminii</span> <span class='ocrx_word' id='word_1_243' title='bbox 465 1340 601 1378; x_wconf 82' lang='lat' dir='ltr'>Nobilii</span> <span class='ocrx_word' id='word_1_244' title='bbox 619 1341 942 1392; x_wconf 85' lang='lat' dir='ltr'>interpretationem</span> <span class='ocrx_word' id='word_1_245' title='bbox 956 1370 965 1388; x_wconf 94' lang='lat'>,</span> <span class='ocrx_word' id='word_1_246' title='bbox 984 1349 1106 1392; x_wconf 83' lang='lat' dir='ltr'>utpote</span> <span class='ocrx_word' id='word_1_247' title='bbox 1116 1349 1318 1379; x_wconf 80' lang='lat' dir='ltr'>accuratam</span> <span class='ocrx_word' id='word_1_248' title='bbox 1335 1354 1398 1379; x_wconf 84' lang='lat' dir='ltr'>nec</span> <span class='ocrx_word' id='word_1_249' title='bbox 1420 1341 1667 1393; x_wconf 86' lang='lat' dir='ltr'>inelegantem,</span> <span class='ocrx_word' id='word_1_250' title='bbox 1686 1343 1822 1394; x_wconf 87' lang='lat' dir='ltr'>aliquot</span> <span class='ocrx_word' id='word_1_251' title='bbox 1840 1352 1957 1382; x_wconf 89' lang='lat' dir='ltr'>tamen</span> <span class='ocrx_word' id='word_1_252' title='bbox 1978 1344 2012 1382; x_wconf 88' lang='lat' dir='ltr'>in</span> <span class='ocrx_word' id='word_1_253' title='bbox 2033 1344 2121 1384; x_wconf 87' lang='lat' dir='ltr'>locis</span> <span class='ocrx_word' id='word_1_254' title='bbox 2142 1360 2260 1386; x_wconf 86' lang='lat' dir='ltr'>emen·</span> 
     </span>
    </p>
   </div>
   <div class='ocr_carea' id='block_1_3' title="bbox 216 1401 1039 1454">
    <p class='ocr_par' dir='ltr' id='par_1_4' title="bbox 216 1401 1039 1454">
     <span class='ocr_line' id='line_1_19' title="bbox 216 1401 1039 1454; baseline -0.002 -14"><span class='ocrx_word' id='word_1_255' title='bbox 216 1403 352 1449; x_wconf 84' lang='lat' dir='ltr'>datam,</span> <span class='ocrx_word' id='word_1_256' title='bbox 374 1416 392 1439; x_wconf 88' lang='lat' dir='ltr'>a</span> <span class='ocrx_word' id='word_1_257' title='bbox 413 1401 554 1453; x_wconf 87' lang='lat' dir='ltr'>regione</span> <span class='ocrx_word' id='word_1_258' title='bbox 574 1401 692 1440; x_wconf 81' lang='lat' dir='ltr'>Graeci</span> <span class='ocrx_word' id='word_1_259' title='bbox 710 1411 825 1440; x_wconf 81' lang='lat' dir='ltr'>textus</span> <span class='ocrx_word' id='word_1_260' title='bbox 844 1402 1039 1454; x_wconf 87' lang='lat' dir='ltr'>posuimus.</span> 
     </span>
    </p>
   </div>
   <div class='ocr_carea' id='block_1_4' title="bbox 220 1551 2237 1568">
    <p class='ocr_par' dir='ltr' id='par_1_5' title="bbox 220 1551 2237 1568">
     <span class='ocr_line' id='line_1_20' title="bbox 220 1551 2237 1568; baseline 0 2257"><span class='ocrx_word' id='word_1_261' title='bbox 220 1551 2237 1568; x_wconf 95' lang='lat' dir='ltr'> </span> 
     </span>
    </p>
   </div>
   <div class='ocr_carea' id='block_1_5' title="bbox 226 1561 2235 1579">
    <p class='ocr_par' dir='ltr' id='par_1_6' title="bbox 226 1561 2235 1579">
     <span class='ocr_line' id='line_1_21' title="bbox 226 1561 2235 1579; baseline 0 2246"><span class='ocrx_word' id='word_1_262' title='bbox 226 1561 2235 1579; x_wconf 95' lang='lat' dir='ltr'> </span> 
     </span>
    </p>
   </div>
   <div class='ocr_carea' id='block_1_6' title="bbox 324 1691 1127 1731">
    <p class='ocr_par' dir='ltr' id='par_1_7' title="bbox 324 1691 1127 1731">
     <span class='ocr_line' id='line_1_22' title="bbox 324 1691 1127 1731; baseline -0.005 0"><span class='ocrx_word' id='word_1_263' title='bbox 324 1694 406 1731; x_wconf 85' lang='grc' dir='ltr'>ΕΙΣ</span> <span class='ocrx_word' id='word_1_264' title='bbox 435 1692 705 1731; x_wconf 81' lang='grc' dir='ltr'>ΝΕΩΤΕΡΑΝ</span> <span class='ocrx_word' id='word_1_265' title='bbox 734 1691 1086 1730; x_wconf 75' lang='grc' dir='ltr'><strong>ΧΗΡΕΥΣΑΣΑΝ.</strong></span> <span class='ocrx_word' id='word_1_266' title='bbox 1113 1696 1127 1711; x_wconf 71' lang='lat'><strong>³</strong></span> 
     </span>
    </p>
   </div>
   <div class='ocr_carea' id='block_1_7' title="bbox 214 1814 1243 3270">
    <p class='ocr_par' dir='ltr' id='par_1_8' title="bbox 214 1814 1243 3270">
     <span class='ocr_line' id='line_1_23' title="bbox 265 1814 1239 1868; baseline -0.004 -13"><span class='ocrx_word' id='word_1_267' title='bbox 265 1816 351 1855; x_wconf 67' lang='lat' dir='ltr'>“Ort</span> <span class='ocrx_word' id='word_1_268' title='bbox 368 1815 430 1867; x_wconf 84' lang='grc' dir='ltr'>μὲν</span> <span class='ocrx_word' id='word_1_269' title='bbox 445 1815 604 1868; x_wconf 76' lang='grc' dir='ltr'>χαλεπὴν</span> <span class='ocrx_word' id='word_1_270' title='bbox 629 1814 751 1858; x_wconf 69' lang='grc' dir='ltr'>ἔλαὸες</span> <span class='ocrx_word' id='word_1_271' title='bbox 769 1814 832 1862; x_wconf 86' lang='grc' dir='ltr'>τὴν</span> <span class='ocrx_word' id='word_1_272' title='bbox 852 1814 1007 1865; x_wconf 79' lang='grc' dir='ltr'>πληγὴν,</span> <span class='ocrx_word' id='word_1_273' title='bbox 1025 1814 1084 1851; x_wconf 86' lang='grc' dir='ltr'>καὶ</span> <span class='ocrx_word' id='word_1_274' title='bbox 1102 1815 1136 1851; x_wconf 83' lang='grc' dir='ltr'>ἐν</span> <span class='ocrx_word' id='word_1_275' title='bbox 1157 1830 1239 1852; x_wconf 84' lang='grc' dir='ltr'>και-</span> 
     </span>
     <span class='ocr_line' id='line_1_24' title="bbox 214 1875 1239 1930; baseline -0.002 -15"><span class='ocrx_word' id='word_1_276' title='bbox 214 1878 281 1930; x_wconf 75' lang='grc' dir='ltr'>ρίῳ</span> <span class='ocrx_word' id='word_1_277' title='bbox 309 1877 348 1916; x_wconf 81' lang='grc' dir='ltr'>τὸ</span> <span class='ocrx_word' id='word_1_278' title='bbox 371 1876 526 1928; x_wconf 75' lang='grc' dir='ltr'>πεμφθὲν</span> <span class='ocrx_word' id='word_1_279' title='bbox 547 1878 606 1915; x_wconf 77' lang='grc' dir='ltr'>καὶ</span> <span class='ocrx_word' id='word_1_280' title='bbox 626 1877 756 1915; x_wconf 83' lang='grc' dir='ltr'>ἄνωθεν</span> <span class='ocrx_word' id='word_1_281' title='bbox 772 1876 876 1920; x_wconf 80' lang='grc' dir='ltr'>ἐδέξω</span> <span class='ocrx_word' id='word_1_282' title='bbox 892 1877 932 1915; x_wconf 81' lang='grc' dir='ltr'>τὸ</span> <span class='ocrx_word' id='word_1_283' title='bbox 953 1875 1065 1926; x_wconf 76' lang='grc' dir='ltr'>βέλος,</span> <span class='ocrx_word' id='word_1_284' title='bbox 1085 1876 1239 1920; x_wconf 87' lang='grc' dir='ltr'>ἅπαντες</span> 
     </span>
     <span class='ocr_line' id='line_1_25' title="bbox 217 1937 1236 1989; baseline -0.001 -12"><span class='ocrx_word' id='word_1_285' title='bbox 217 1941 257 1977; x_wconf 83' lang='grc' dir='ltr'>ἄν</span> <span class='ocrx_word' id='word_1_286' title='bbox 292 1954 346 1977; x_wconf 90' lang='grc' dir='ltr'>σοι</span> <span class='ocrx_word' id='word_1_287' title='bbox 371 1938 707 1989; x_wconf 84' lang='grc' dir='ltr'>συνομολογήσαιεν,</span> <span class='ocrx_word' id='word_1_288' title='bbox 724 1938 783 1976; x_wconf 77' lang='grc' dir='ltr'>καὶ</span> <span class='ocrx_word' id='word_1_289' title='bbox 810 1937 888 1975; x_wconf 82' lang='grc' dir='ltr'>οὐδὲ</span> <span class='ocrx_word' id='word_1_290' title='bbox 913 1940 982 1975; x_wconf 87' lang='grc' dir='ltr'>τῶν</span> <span class='ocrx_word' id='word_1_291' title='bbox 1017 1937 1149 1989; x_wconf 76' lang='grc' dir='ltr'>σφόδρα</span> <span class='ocrx_word' id='word_1_292' title='bbox 1175 1954 1236 1989; x_wconf 80' lang='grc' dir='ltr'>φι-</span> 
     </span>
     <span class='ocr_line' id='line_1_26' title="bbox 215 1998 1239 2051; baseline -0.001 -13"><span class='ocrx_word' id='word_1_293' title='bbox 215 1999 450 2051; x_wconf 77' lang='grc' dir='ltr'>λοσοφούντων</span> <span class='ocrx_word' id='word_1_294' title='bbox 473 1999 582 2042; x_wconf 75' lang='grc' dir='ltr'>οὐδεὶς</span> <span class='ocrx_word' id='word_1_295' title='bbox 609 2002 763 2051; x_wconf 83' lang='grc' dir='ltr'>ἀντερεῖ·</span> <span class='ocrx_word' id='word_1_296' title='bbox 784 1998 860 2037; x_wconf 74' lang='grc' dir='ltr'>ἐπεὶ</span> <span class='ocrx_word' id='word_1_297' title='bbox 881 1998 917 2037; x_wconf 82' lang='grc' dir='ltr'>δὲ</span> <span class='ocrx_word' id='word_1_298' title='bbox 942 2000 1021 2042; x_wconf 73' lang='grc' dir='ltr'>τοὺς</span> <span class='ocrx_word' id='word_1_299' title='bbox 1039 2000 1239 2049; x_wconf 80' lang='grc' dir='ltr'>πληττομέ-</span> 
     </span>
     <span class='ocr_line' id='line_1_27' title="bbox 215 2060 1238 2113; baseline 0.001 -15"><span class='ocrx_word' id='word_1_300' title='bbox 215 2075 293 2104; x_wconf 89' lang='grc' dir='ltr'>νους</span> <span class='ocrx_word' id='word_1_301' title='bbox 314 2063 376 2099; x_wconf 80' lang='grc' dir='ltr'>οὐκ</span> <span class='ocrx_word' id='word_1_302' title='bbox 404 2063 451 2104; x_wconf 89' lang='grc' dir='ltr'>εἷς</span> <span class='ocrx_word' id='word_1_303' title='bbox 469 2060 592 2105; x_wconf 79' lang='grc' dir='ltr'>πένθος</span> <span class='ocrx_word' id='word_1_304' title='bbox 619 2061 678 2098; x_wconf 86' lang='grc' dir='ltr'>καὶ</span> <span class='ocrx_word' id='word_1_305' title='bbox 699 2060 832 2113; x_wconf 81' lang='grc' dir='ltr'>δάκρυα</span> <span class='ocrx_word' id='word_1_306' title='bbox 856 2061 914 2099; x_wconf 81' lang='grc' dir='ltr'>τὸν</span> <span class='ocrx_word' id='word_1_307' title='bbox 946 2060 1085 2098; x_wconf 87' lang='grc' dir='ltr'>ἅπαντα</span> <span class='ocrx_word' id='word_1_308' title='bbox 1112 2061 1238 2112; x_wconf 74' lang='grc' dir='ltr'>χρόνον</span> 
     </span>
     <span class='ocr_line' id='line_1_28' title="bbox 216 2121 1239 2174; baseline 0 -15"><span class='ocrx_word' id='word_1_309' title='bbox 216 2121 415 2160; x_wconf 83' lang='grc' dir='ltr'>ἀναλίσκειν</span> <span class='ocrx_word' id='word_1_310' title='bbox 443 2123 509 2167; x_wconf 80' lang='grc' dir='ltr'>δεῖ,</span> <span class='ocrx_word' id='word_1_311' title='bbox 531 2121 621 2159; x_wconf 84' lang='grc' dir='ltr'>ἀλλὰ</span> <span class='ocrx_word' id='word_1_312' title='bbox 647 2121 707 2160; x_wconf 78' lang='grc' dir='ltr'>καὶ</span> <span class='ocrx_word' id='word_1_313' title='bbox 740 2125 803 2168; x_wconf 72' lang='grc' dir='ltr'>τῆς</span> <span class='ocrx_word' id='word_1_314' title='bbox 836 2121 1020 2172; x_wconf 78' lang='grc' dir='ltr'>θεραπείας</span> <span class='ocrx_word' id='word_1_315' title='bbox 1044 2123 1112 2158; x_wconf 83' lang='grc' dir='ltr'>τῶν</span> <span class='ocrx_word' id='word_1_316' title='bbox 1130 2138 1239 2174; x_wconf 84' lang='grc' dir='ltr'>τραυ-</span> 
     </span>
     <span class='ocr_line' id='line_1_29' title="bbox 217 2182 1237 2234; baseline -0.003 -12"><span class='ocrx_word' id='word_1_317' title='bbox 217 2183 336 2232; x_wconf 81' lang='grc' dir='ltr'>μάτων</span> <span class='ocrx_word' id='word_1_318' title='bbox 369 2183 503 2230; x_wconf 83' lang='grc' dir='ltr'>πολλὴν</span> <span class='ocrx_word' id='word_1_319' title='bbox 540 2186 714 2221; x_wconf 82' lang='grc' dir='ltr'>ποιεῖσθαι</span> <span class='ocrx_word' id='word_1_320' title='bbox 741 2183 804 2229; x_wconf 86' lang='grc' dir='ltr'>τὴν</span> <span class='ocrx_word' id='word_1_321' title='bbox 844 2182 1007 2234; x_wconf 83' lang='grc' dir='ltr'>πρόνοιαν</span> <span class='ocrx_word' id='word_1_322' title='bbox 1022 2212 1031 2229; x_wconf 86' lang='grc'>,</span> <span class='ocrx_word' id='word_1_323' title='bbox 1061 2183 1150 2220; x_wconf 81' lang='grc' dir='ltr'>ὥστε</span> <span class='ocrx_word' id='word_1_324' title='bbox 1188 2182 1237 2233; x_wconf 87' lang='grc' dir='ltr'>μὴ</span> 
     </span>
     <span class='ocr_line' id='line_1_30' title="bbox 214 2242 1238 2297; baseline -0.003 -14"><span class='ocrx_word' id='word_1_325' title='bbox 214 2243 231 2264; x_wconf 78' lang='lat'>¹³</span> <span class='ocrx_word' id='word_1_326' title='bbox 243 2244 464 2297; x_wconf 77' lang='grc' dir='ltr'>παροφθέντα</span> <span class='ocrx_word' id='word_1_327' title='bbox 498 2244 638 2295; x_wconf 83' lang='grc' dir='ltr'>μείζονα</span> <span class='ocrx_word' id='word_1_328' title='bbox 666 2250 737 2287; x_wconf 86' lang='grc' dir='ltr'>τοῖς</span> <span class='ocrx_word' id='word_1_329' title='bbox 772 2242 918 2295; x_wconf 83' lang='grc' dir='ltr'>δάκρυσι</span> <span class='ocrx_word' id='word_1_330' title='bbox 944 2249 1142 2295; x_wconf 80' lang='grc' dir='ltr'>παρασχεῖν</span> <span class='ocrx_word' id='word_1_331' title='bbox 1176 2243 1238 2289; x_wconf 72' lang='grc' dir='ltr'>τὴν</span> 
     </span>
     <span class='ocr_line' id='line_1_31' title="bbox 215 2304 1240 2357; baseline -0.002 -14"><span class='ocrx_word' id='word_1_332' title='bbox 215 2305 380 2357; x_wconf 82' lang='grc' dir='ltr'>πληγὴν,</span> <span class='ocrx_word' id='word_1_333' title='bbox 415 2305 476 2343; x_wconf 86' lang='grc' dir='ltr'>καὶ</span> <span class='ocrx_word' id='word_1_334' title='bbox 508 2307 570 2350; x_wconf 82' lang='grc' dir='ltr'>τῆς</span> <span class='ocrx_word' id='word_1_335' title='bbox 607 2304 728 2351; x_wconf 84' lang='grc' dir='ltr'>ὀδύνης</span> <span class='ocrx_word' id='word_1_336' title='bbox 767 2304 999 2355; x_wconf 72' lang='grc' dir='ltr'>σφοδροτέραν</span> <span class='ocrx_word' id='word_1_337' title='bbox 1031 2304 1094 2350; x_wconf 77' lang='grc' dir='ltr'>τὴν</span> <span class='ocrx_word' id='word_1_338' title='bbox 1128 2304 1240 2355; x_wconf 67' lang='grc' dir='ltr'>φλόγα</span> 
     </span>
     <span class='ocr_line' id='line_1_32' title="bbox 216 2364 1241 2417; baseline 0 -13"><span class='ocrx_word' id='word_1_339' title='bbox 216 2366 444 2417; x_wconf 81' lang='grc' dir='ltr'>ἐργάσασθαι,</span> <span class='ocrx_word' id='word_1_340' title='bbox 459 2366 565 2403; x_wconf 84' lang='grc' dir='ltr'>καλὸν</span> <span class='ocrx_word' id='word_1_341' title='bbox 586 2365 645 2403; x_wconf 73' lang='grc' dir='ltr'>καὶ</span> <span class='ocrx_word' id='word_1_342' title='bbox 673 2368 736 2412; x_wconf 79' lang='grc' dir='ltr'>τῆς</span> <span class='ocrx_word' id='word_1_343' title='bbox 765 2364 821 2402; x_wconf 84' lang='grc' dir='ltr'>διὰ</span> <span class='ocrx_word' id='word_1_344' title='bbox 854 2368 922 2402; x_wconf 81' lang='grc' dir='ltr'>τῶν</span> <span class='ocrx_word' id='word_1_345' title='bbox 953 2364 1064 2416; x_wconf 85' lang='grc' dir='ltr'>λόγων</span> <span class='ocrx_word' id='word_1_346' title='bbox 1085 2366 1241 2417; x_wconf 78' lang='grc' dir='ltr'>ἀνασχέ-</span> 
     </span>
     <span class='ocr_line' id='line_1_33' title="bbox 217 2424 1241 2477; baseline 0 -13"><span class='ocrx_word' id='word_1_347' title='bbox 217 2431 297 2464; x_wconf 85' lang='grc' dir='ltr'>σθαι</span> <span class='ocrx_word' id='word_1_348' title='bbox 327 2425 602 2477; x_wconf 83' lang='grc' dir='ltr'>παρακλήσεως,</span> <span class='ocrx_word' id='word_1_349' title='bbox 621 2426 680 2463; x_wconf 85' lang='grc' dir='ltr'>καὶ</span> <span class='ocrx_word' id='word_1_350' title='bbox 713 2424 790 2468; x_wconf 78' lang='grc' dir='ltr'>τοὺς</span> <span class='ocrx_word' id='word_1_351' title='bbox 815 2424 974 2476; x_wconf 79' lang='grc' dir='ltr'>κρουνοὺς</span> <span class='ocrx_word' id='word_1_352' title='bbox 1007 2426 1130 2477; x_wconf 79' lang='grc' dir='ltr'>μικρὸν</span> <span class='ocrx_word' id='word_1_353' title='bbox 1162 2429 1241 2464; x_wconf 85' lang='grc' dir='ltr'>ἀνα-</span> 
     </span>
     <span class='ocr_line' id='line_1_34' title="bbox 217 2486 1241 2539; baseline -0.001 -14"><span class='ocrx_word' id='word_1_354' title='bbox 217 2490 371 2539; x_wconf 75' lang='grc' dir='ltr'>σχοῧσαν</span> <span class='ocrx_word' id='word_1_355' title='bbox 389 2489 456 2524; x_wconf 83' lang='grc' dir='ltr'>τῶν</span> <span class='ocrx_word' id='word_1_356' title='bbox 485 2486 645 2539; x_wconf 81' lang='grc' dir='ltr'>δακρύων</span> <span class='ocrx_word' id='word_1_357' title='bbox 674 2486 796 2538; x_wconf 82' lang='grc' dir='ltr'>χρόνον</span> <span class='ocrx_word' id='word_1_358' title='bbox 827 2490 907 2538; x_wconf 79' lang='grc' dir='ltr'>γοῦν</span> <span class='ocrx_word' id='word_1_359' title='bbox 937 2486 1069 2539; x_wconf 71' lang='grc' dir='ltr'>βραχὺν</span> <span class='ocrx_word' id='word_1_360' title='bbox 1091 2486 1241 2531; x_wconf 78' lang='grc' dir='ltr'>καὶτοῖς</span> 
     </span>
     <span class='ocr_line' id='line_1_35' title="bbox 215 2547 1239 2600; baseline 0.001 -15"><span class='ocrx_word' id='word_1_361' title='bbox 215 2547 499 2600; x_wconf 85' lang='grc' dir='ltr'>παραμυθεῖσθαί</span> <span class='ocrx_word' id='word_1_362' title='bbox 531 2563 570 2585; x_wconf 93' lang='grc' dir='ltr'>σε</span> <span class='ocrx_word' id='word_1_363' title='bbox 595 2549 810 2600; x_wconf 76' lang='grc' dir='ltr'>ἐπιχειροῦσι</span> <span class='ocrx_word' id='word_1_364' title='bbox 844 2554 1042 2599; x_wconf 71' lang='grc' dir='ltr'>παρασχεῖν</span> <span class='ocrx_word' id='word_1_365' title='bbox 1077 2548 1239 2594; x_wconf 76' lang='grc' dir='ltr'>σεαυτήν.</span> 
     </span>
     <span class='ocr_line' id='line_1_36' title="bbox 215 2608 1241 2660; baseline 0 -14"><span class='ocrx_word' id='word_1_366' title='bbox 215 2608 283 2646; x_wconf 80' lang='grc' dir='ltr'>Διὰ</span> <span class='ocrx_word' id='word_1_367' title='bbox 319 2608 386 2660; x_wconf 80' lang='grc' dir='ltr'>γάρ</span> <span class='ocrx_word' id='word_1_368' title='bbox 415 2625 468 2647; x_wconf 90' lang='grc' dir='ltr'>τοι</span> <span class='ocrx_word' id='word_1_369' title='bbox 501 2612 603 2646; x_wconf 77' lang='grc' dir='ltr'>τοῦτο</span> <span class='ocrx_word' id='word_1_370' title='bbox 637 2608 696 2646; x_wconf 79' lang='grc' dir='ltr'>καὶ</span> <span class='ocrx_word' id='word_1_371' title='bbox 729 2612 831 2659; x_wconf 76' lang='grc' dir='ltr'>ἡμεῖς</span> <span class='ocrx_word' id='word_1_372' title='bbox 865 2611 902 2646; x_wconf 86' lang='grc' dir='ltr'>οὐ</span> <span class='ocrx_word' id='word_1_373' title='bbox 933 2610 1016 2660; x_wconf 86' lang='grc' dir='ltr'>παρ’</span> <span class='ocrx_word' id='word_1_374' title='bbox 1038 2608 1145 2654; x_wconf 69' lang='grc' dir='ltr'>αὐτὴν</span> <span class='ocrx_word' id='word_1_375' title='bbox 1180 2613 1241 2646; x_wconf 78' lang='grc' dir='ltr'>τοῦ</span> 
     </span>
     <span class='ocr_line' id='line_1_37' title="bbox 216 2669 1240 2722; baseline 0 -16"><span class='ocrx_word' id='word_1_376' title='bbox 216 2669 359 2713; x_wconf 81' lang='grc' dir='ltr'>πένθους</span> <span class='ocrx_word' id='word_1_377' title='bbox 379 2669 443 2717; x_wconf 83' lang='grc' dir='ltr'>τὴν</span> <span class='ocrx_word' id='word_1_378' title='bbox 462 2670 600 2720; x_wconf 82' lang='grc' dir='ltr'>ἀκμὴν,</span> <span class='ocrx_word' id='word_1_379' title='bbox 617 2671 687 2707; x_wconf 83' lang='grc' dir='ltr'>οὐδ’</span> <span class='ocrx_word' id='word_1_380' title='bbox 709 2669 783 2720; x_wconf 84' lang='grc' dir='ltr'>ἅμα</span> <span class='ocrx_word' id='word_1_381' title='bbox 813 2673 862 2722; x_wconf 82' lang='grc' dir='ltr'>τῷ</span> <span class='ocrx_word' id='word_1_382' title='bbox 895 2672 1147 2722; x_wconf 64' lang='grc' dir='ltr'>κατενεχθῆναι</span> <span class='ocrx_word' id='word_1_383' title='bbox 1182 2670 1240 2708; x_wconf 85' lang='grc' dir='ltr'>τὸν</span> 
     </span>
     <span class='ocr_line' id='line_1_38' title="bbox 217 2730 1239 2783; baseline -0.001 -14"><span class='ocrx_word' id='word_1_384' title='bbox 217 2731 371 2778; x_wconf 80' lang='grc' dir='ltr'>σκηπτὸν</span> <span class='ocrx_word' id='word_1_385' title='bbox 404 2731 684 2783; x_wconf 77' lang='grc' dir='ltr'>ἠνωχλήσαμεν·</span> <span class='ocrx_word' id='word_1_386' title='bbox 726 2732 803 2768; x_wconf 84' lang='grc' dir='ltr'>ἀλλ’</span> <span class='ocrx_word' id='word_1_387' title='bbox 835 2730 1083 2782; x_wconf 85' lang='grc' dir='ltr'>ἀναμείναντες</span> <span class='ocrx_word' id='word_1_388' title='bbox 1113 2730 1169 2768; x_wconf 77' lang='grc' dir='ltr'>τὸν</span> <span class='ocrx_word' id='word_1_389' title='bbox 1206 2733 1239 2768; x_wconf 79' lang='grc' dir='ltr'>ἐν</span> 
     </span>
     <span class='ocr_line' id='line_1_39' title="bbox 218 2791 1242 2845; baseline 0.001 -16"><span class='ocrx_word' id='word_1_390' title='bbox 218 2791 314 2845; x_wconf 81' lang='grc' dir='ltr'>μέσῳ</span> <span class='ocrx_word' id='word_1_391' title='bbox 333 2792 466 2830; x_wconf 70' lang='grc' dir='ltr'>τουτονὶ</span> <span class='ocrx_word' id='word_1_392' title='bbox 487 2792 624 2844; x_wconf 73' lang='grc' dir='ltr'>χρόνον,</span> <span class='ocrx_word' id='word_1_393' title='bbox 643 2792 703 2830; x_wconf 80' lang='grc' dir='ltr'>καὶ</span> <span class='ocrx_word' id='word_1_394' title='bbox 723 2792 1014 2844; x_wconf 44' lang='grc' dir='ltr'>συῊ-(οφήσαντες</span> <span class='ocrx_word' id='word_1_395' title='bbox 1034 2794 1242 2842; x_wconf 70' lang='grc' dir='ltr'>ἐμπλησθῆ-</span> 
     </span>
     <span class='ocr_line' id='line_1_40' title="bbox 218 2852 1242 2905; baseline 0.001 -16"><span class='ocrx_word' id='word_1_396' title='bbox 218 2853 275 2890; x_wconf 81' lang='grc' dir='ltr'>ναί</span> <span class='ocrx_word' id='word_1_397' title='bbox 303 2869 340 2891; x_wconf 91' lang='grc' dir='ltr'>σε</span> <span class='ocrx_word' id='word_1_398' title='bbox 360 2856 429 2891; x_wconf 86' lang='grc' dir='ltr'>τῶν</span> <span class='ocrx_word' id='word_1_399' title='bbox 448 2854 632 2905; x_wconf 76' lang='grc' dir='ltr'>ὀδυρμῶν,</span> <span class='ocrx_word' id='word_1_400' title='bbox 652 2852 709 2892; x_wconf 82' lang='grc' dir='ltr'>ὅτε</span> <span class='ocrx_word' id='word_1_401' title='bbox 737 2854 857 2892; x_wconf 83' lang='grc' dir='ltr'>λοιπὸν</span> <span class='ocrx_word' id='word_1_402' title='bbox 885 2853 944 2891; x_wconf 76' lang='grc' dir='ltr'>καὶ</span> <span class='ocrx_word' id='word_1_403' title='bbox 971 2853 1158 2905; x_wconf 65' lang='grc' dir='ltr'>διαὸλέψαι</span> <span class='ocrx_word' id='word_1_404' title='bbox 1179 2869 1242 2903; x_wconf 83' lang='grc' dir='ltr'>μι-</span> 
     </span>
     <span class='ocr_line' id='line_1_41' title="bbox 219 2914 1243 2966; baseline 0 -15"><span class='ocrx_word' id='word_1_405' title='bbox 219 2914 300 2965; x_wconf 83' lang='grc' dir='ltr'>κρὸν</span> <span class='ocrx_word' id='word_1_406' title='bbox 335 2914 404 2952; x_wconf 84' lang='grc' dir='ltr'>ἀπὸ</span> <span class='ocrx_word' id='word_1_407' title='bbox 436 2917 498 2960; x_wconf 76' lang='grc' dir='ltr'>τῆς</span> <span class='ocrx_word' id='word_1_408' title='bbox 531 2914 657 2966; x_wconf 72' lang='grc' dir='ltr'>ἀχλύος</span> <span class='ocrx_word' id='word_1_409' title='bbox 683 2914 835 2962; x_wconf 82' lang='grc' dir='ltr'>ἐκείνης,</span> <span class='ocrx_word' id='word_1_410' title='bbox 856 2915 916 2953; x_wconf 74' lang='grc' dir='ltr'>καὶ</span> <span class='ocrx_word' id='word_1_411' title='bbox 942 2915 1003 2958; x_wconf 82' lang='grc' dir='ltr'>τὰς</span> <span class='ocrx_word' id='word_1_412' title='bbox 1035 2914 1142 2958; x_wconf 74' lang='grc' dir='ltr'>ἀκοὰς</span> <span class='ocrx_word' id='word_1_413' title='bbox 1169 2930 1243 2952; x_wconf 89' lang='grc' dir='ltr'>πα-</span> 
     </span>
     <span class='ocr_line' id='line_1_42' title="bbox 222 2974 1240 3028; baseline -0.001 -15"><span class='ocrx_word' id='word_1_414' title='bbox 222 2974 373 3025; x_wconf 79' lang='grc' dir='ltr'>ρανοῖξαι</span> <span class='ocrx_word' id='word_1_415' title='bbox 392 2974 576 3021; x_wconf 79' lang='grc' dir='ltr'>δεδύνησαι</span> <span class='ocrx_word' id='word_1_416' title='bbox 601 2981 671 3019; x_wconf 85' lang='grc' dir='ltr'>τοῖς</span> <span class='ocrx_word' id='word_1_417' title='bbox 690 2992 728 3013; x_wconf 90' lang='grc' dir='ltr'>σε</span> <span class='ocrx_word' id='word_1_418' title='bbox 751 2977 968 3028; x_wconf 85' lang='grc' dir='ltr'>παρακαλεῖν</span> <span class='ocrx_word' id='word_1_419' title='bbox 995 2976 1240 3027; x_wconf 79' lang='grc' dir='ltr'>πειρωμένοις,</span> 
     </span>
     <span class='ocr_line' id='line_1_43' title="bbox 218 3035 1242 3088; baseline 0.001 -16"><span class='ocrx_word' id='word_1_420' title='bbox 218 3035 297 3074; x_wconf 76' lang='grc' dir='ltr'>’τότε</span> <span class='ocrx_word' id='word_1_421' title='bbox 317 3036 376 3073; x_wconf 77' lang='grc' dir='ltr'>καὶ</span> <span class='ocrx_word' id='word_1_422' title='bbox 397 3036 492 3074; x_wconf 75' lang='grc' dir='ltr'>αὐτοὶ</span> <span class='ocrx_word' id='word_1_423' title='bbox 514 3036 603 3086; x_wconf 79' lang='grc' dir='ltr'>μετὰ</span> <span class='ocrx_word' id='word_1_424' title='bbox 631 3035 709 3079; x_wconf 82' lang='grc' dir='ltr'>τοὺς</span> <span class='ocrx_word' id='word_1_425' title='bbox 739 3040 807 3074; x_wconf 85' lang='grc' dir='ltr'>τῶν</span> <span class='ocrx_word' id='word_1_426' title='bbox 837 3036 1093 3088; x_wconf 80' lang='grc' dir='ltr'>θεραπαινίδων</span> <span class='ocrx_word' id='word_1_427' title='bbox 1124 3037 1242 3088; x_wconf 79' lang='grc' dir='ltr'>λόγους</span> 
     </span>
     <span class='ocr_line' id='line_1_44' title="bbox 221 3096 1243 3149; baseline 0.001 -15"><span class='ocrx_word' id='word_1_428' title='bbox 221 3096 342 3135; x_wconf 79' lang='grc' dir='ltr'>καὶτὰ</span> <span class='ocrx_word' id='word_1_429' title='bbox 369 3100 450 3149; x_wconf 85' lang='grc' dir='ltr'>παρ’</span> <span class='ocrx_word' id='word_1_430' title='bbox 480 3099 611 3135; x_wconf 85' lang='grc' dir='ltr'>ἑαυτῶν</span> <span class='ocrx_word' id='word_1_431' title='bbox 642 3098 950 3149; x_wconf 78' lang='grc' dir='ltr'>προστεθείκαμεν.</span> <span class='ocrx_word' id='word_1_432' title='bbox 972 3098 1053 3135; x_wconf 77' lang='grc' dir='ltr'>Ἔτι</span> <span class='ocrx_word' id='word_1_433' title='bbox 1082 3097 1143 3148; x_wconf 77' lang='grc' dir='ltr'>μὲν</span> <span class='ocrx_word' id='word_1_434' title='bbox 1176 3098 1243 3149; x_wconf 76' lang='grc' dir='ltr'>γὰρ</span> 
     </span>
     <span class='ocr_line' id='line_1_45' title="bbox 219 3158 1243 3211; baseline 0.002 -17"><span class='ocrx_word' id='word_1_435' title='bbox 219 3161 278 3194; x_wconf 77' lang='grc' dir='ltr'>τοῦ</span> <span class='ocrx_word' id='word_1_436' title='bbox 296 3159 467 3207; x_wconf 73' lang='grc' dir='ltr'>χειμῶνος</span> <span class='ocrx_word' id='word_1_437' title='bbox 487 3158 581 3200; x_wconf 77' lang='grc' dir='ltr'>ὄντος</span> <span class='ocrx_word' id='word_1_438' title='bbox 606 3159 753 3211; x_wconf 65' lang='grc' dir='ltr'>σφοδροῦ</span> <span class='ocrx_word' id='word_1_439' title='bbox 767 3188 776 3204; x_wconf 88' lang='grc'>,</span> <span class='ocrx_word' id='word_1_440' title='bbox 792 3159 850 3196; x_wconf 72' lang='grc' dir='ltr'>καὶ</span> <span class='ocrx_word' id='word_1_441' title='bbox 871 3159 1000 3196; x_wconf 72' lang='grc' dir='ltr'>πολλοῦ</span> <span class='ocrx_word' id='word_1_442' title='bbox 1021 3163 1080 3196; x_wconf 78' lang='grc' dir='ltr'>τοῦ</span> <span class='ocrx_word' id='word_1_443' title='bbox 1100 3159 1243 3200; x_wconf 83' lang='grc' dir='ltr'>πένθους</span> 
     </span>
     <span class='ocr_line' id='line_1_46' title="bbox 221 3217 1243 3270; baseline 0.001 -15"><span class='ocrx_word' id='word_1_444' title='bbox 221 3217 402 3266; x_wconf 86' lang='grc' dir='ltr'>πνέοντος,</span> <span class='ocrx_word' id='word_1_445' title='bbox 439 3222 456 3257; x_wconf 80' lang='grc' dir='ltr'>ὁ</span> <span class='ocrx_word' id='word_1_446' title='bbox 495 3220 710 3269; x_wconf 77' lang='grc' dir='ltr'>παρακαλῶν</span> <span class='ocrx_word' id='word_1_447' title='bbox 759 3219 976 3270; x_wconf 71' lang='grc' dir='ltr'>ἀποσχέσθαι</span> <span class='ocrx_word' id='word_1_448' title='bbox 1021 3222 1082 3265; x_wconf 79' lang='grc' dir='ltr'>τῆς</span> <span class='ocrx_word' id='word_1_449' title='bbox 1133 3219 1243 3266; x_wconf 79' lang='grc' dir='ltr'>λύπης</span> 
     </span>
    </p>
   </div>
   <div class='ocr_carea' id='block_1_8' title="bbox 1250 1688 1298 1712">
    <p class='ocr_par' dir='ltr' id='par_1_9' title="bbox 1250 1688 1298 1712">
     <span class='ocr_line' id='line_1_47' title="bbox 1250 1688 1298 1712; baseline 0 0"><span class='ocrx_word' id='word_1_450' title='bbox 1250 1688 1298 1712; x_wconf 71' lang='lat'>533</span> 
     </span>
    </p>
   </div>
   <div class='ocr_carea' id='block_1_9' title="bbox 1450 1692 2119 1735">
    <p class='ocr_par' dir='ltr' id='par_1_10' title="bbox 1450 1692 2119 1735">
     <span class='ocr_line' id='line_1_48' title="bbox 1450 1692 2119 1735; baseline 0.012 -8"><span class='ocrx_word' id='word_1_451' title='bbox 1450 1692 1533 1728; x_wconf 90' lang='lat' dir='ltr'>AD</span> <span class='ocrx_word' id='word_1_452' title='bbox 1565 1693 1658 1729; x_wconf 90' lang='lat' dir='ltr'>VID</span> <span class='ocrx_word' id='word_1_453' title='bbox 1668 1694 1797 1731; x_wconf 79' lang='lat' dir='ltr'>UAM</span> <span class='ocrx_word' id='word_1_454' title='bbox 1821 1696 2119 1735; x_wconf 74' lang='lat' dir='ltr'><em>JUNIOREM.</em></span> 
     </span>
    </p>
   </div>
   <div class='ocr_carea' id='block_1_10' title="bbox 1310 1813 2270 3025">
    <p class='ocr_par' dir='ltr' id='par_1_11' title="bbox 1310 1813 2270 3025">
     <span class='ocr_line' id='line_1_49' title="bbox 1365 1813 2263 1870; baseline 0.008 -21"><span class='ocrx_word' id='word_1_455' title='bbox 1365 1814 1380 1848; x_wconf 80' lang='lat' dir='ltr'>‘l</span> <span class='ocrx_word' id='word_1_456' title='bbox 1394 1843 1401 1850; x_wconf 93' lang='lat'><strong>.</strong></span> <span class='ocrx_word' id='word_1_457' title='bbox 1421 1813 1577 1852; x_wconf 86' lang='lat' dir='ltr'>Gravem</span> <span class='ocrx_word' id='word_1_458' title='bbox 1591 1823 1625 1852; x_wconf 93' lang='lat' dir='ltr'>te</span> <span class='ocrx_word' id='word_1_459' title='bbox 1637 1814 1781 1864; x_wconf 88' lang='lat' dir='ltr'>quidem</span> <span class='ocrx_word' id='word_1_460' title='bbox 1797 1817 1972 1868; x_wconf 86' lang='lat' dir='ltr'>accepisse</span> <span class='ocrx_word' id='word_1_461' title='bbox 1989 1818 2143 1869; x_wconf 83' lang='lat' dir='ltr'>plagam,</span> <span class='ocrx_word' id='word_1_462' title='bbox 2158 1827 2263 1870; x_wconf 89' lang='lat' dir='ltr'>atque</span> 
     </span>
     <span class='ocr_line' id='line_1_50' title="bbox 1310 1872 2264 1931; baseline 0.008 -21"><span class='ocrx_word' id='word_1_463' title='bbox 1310 1872 1356 1910; x_wconf 88' lang='lat' dir='ltr'>ad</span> <span class='ocrx_word' id='word_1_464' title='bbox 1368 1874 1524 1912; x_wconf 82' lang='lat' dir='ltr'>maxime</span> <span class='ocrx_word' id='word_1_465' title='bbox 1538 1874 1686 1913; x_wconf 85' lang='lat' dir='ltr'>vitalem</span> <span class='ocrx_word' id='word_1_466' title='bbox 1706 1885 1841 1928; x_wconf 88' lang='lat' dir='ltr'>partem</span> <span class='ocrx_word' id='word_1_467' title='bbox 1853 1879 2014 1929; x_wconf 87' lang='lat' dir='ltr'>jaculum</span> <span class='ocrx_word' id='word_1_468' title='bbox 2027 1893 2178 1931; x_wconf 85' lang='lat' dir='ltr'>superne</span> <span class='ocrx_word' id='word_1_469' title='bbox 2190 1882 2264 1919; x_wconf 86' lang='lat' dir='ltr'>im-</span> 
     </span>
     <span class='ocr_line' id='line_1_51' title="bbox 1310 1934 2264 1988; baseline 0.009 -18"><span class='ocrx_word' id='word_1_470' title='bbox 1310 1934 1460 1972; x_wconf 89' lang='lat' dir='ltr'>missum</span> <span class='ocrx_word' id='word_1_471' title='bbox 1477 1937 1680 1987; x_wconf 83' lang='lat' dir='ltr'>pervenisse</span> <span class='ocrx_word' id='word_1_472' title='bbox 1693 1952 1813 1977; x_wconf 89' lang='lat' dir='ltr'>omnes</span> <span class='ocrx_word' id='word_1_473' title='bbox 1828 1954 1910 1978; x_wconf 88' lang='lat' dir='ltr'>sane</span> <span class='ocrx_word' id='word_1_474' title='bbox 1926 1940 1991 1977; x_wconf 90' lang='lat' dir='ltr'>tibi</span> <span class='ocrx_word' id='word_1_475' title='bbox 2012 1942 2264 1988; x_wconf 85' lang='lat' dir='ltr'>consenserint,</span> 
     </span>
     <span class='ocr_line' id='line_1_52' title="bbox 1310 1997 2264 2054; baseline 0.007 -23"><span class='ocrx_word' id='word_1_476' title='bbox 1310 2008 1352 2032; x_wconf 89' lang='lat' dir='ltr'>ac</span> <span class='ocrx_word' id='word_1_477' title='bbox 1370 2009 1473 2034; x_wconf 90' lang='lat' dir='ltr'>nemo</span> <span class='ocrx_word' id='word_1_478' title='bbox 1492 2010 1535 2034; x_wconf 88' lang='lat' dir='ltr'>ne</span> <span class='ocrx_word' id='word_1_479' title='bbox 1554 1997 1658 2035; x_wconf 82' lang='lat' dir='ltr'>exiis</span> <span class='ocrx_word' id='word_1_480' title='bbox 1671 1999 1835 2050; x_wconf 88' lang='lat' dir='ltr'>quidem,</span> <span class='ocrx_word' id='word_1_481' title='bbox 1857 2000 1920 2051; x_wconf 90' lang='lat' dir='ltr'>qui</span> <span class='ocrx_word' id='word_1_482' title='bbox 1935 2001 2039 2039; x_wconf 85' lang='lat' dir='ltr'>valde</span> <span class='ocrx_word' id='word_1_483' title='bbox 2061 2002 2264 2054; x_wconf 83' lang='lat' dir='ltr'>philosophi</span> 
     </span>
     <span class='ocr_line' id='line_1_53' title="bbox 1311 2058 2265 2112; baseline 0.009 -20"><span class='ocrx_word' id='word_1_484' title='bbox 1311 2065 1406 2103; x_wconf 88' lang='lat' dir='ltr'>sunt,</span> <span class='ocrx_word' id='word_1_485' title='bbox 1431 2058 1690 2096; x_wconf 81' lang='lat' dir='ltr'>contradixerit</span> <span class='ocrx_word' id='word_1_486' title='bbox 1716 2075 1725 2097; x_wconf 89' lang='lat'><strong>:</strong></span> <span class='ocrx_word' id='word_1_487' title='bbox 1747 2074 1876 2099; x_wconf 84' lang='lat' dir='ltr'>verum</span> <span class='ocrx_word' id='word_1_488' title='bbox 1901 2062 2070 2112; x_wconf 90' lang='lat' dir='ltr'>quoniam</span> <span class='ocrx_word' id='word_1_489' title='bbox 2090 2063 2182 2101; x_wconf 88' lang='lat' dir='ltr'>male</span> <span class='ocrx_word' id='word_1_490' title='bbox 2201 2077 2265 2101; x_wconf 87' lang='lat' dir='ltr'>ac-</span> 
     </span>
     <span class='ocr_line' id='line_1_54' title="bbox 1311 2119 2267 2174; baseline 0.01 -21"><span class='ocrx_word' id='word_1_491' title='bbox 1311 2126 1430 2167; x_wconf 84' lang='lat' dir='ltr'>ceptos</span> <span class='ocrx_word' id='word_1_492' title='bbox 1446 2131 1515 2156; x_wconf 90' lang='lat' dir='ltr'>non</span> <span class='ocrx_word' id='word_1_493' title='bbox 1534 2119 1571 2156; x_wconf 90' lang='lat' dir='ltr'>in</span> <span class='ocrx_word' id='word_1_494' title='bbox 1590 2119 1690 2157; x_wconf 91' lang='lat' dir='ltr'>luctu</span> <span class='ocrx_word' id='word_1_495' title='bbox 1707 2134 1748 2158; x_wconf 85' lang='lat' dir='ltr'>ac</span> <span class='ocrx_word' id='word_1_496' title='bbox 1763 2121 1932 2174; x_wconf 86' lang='lat' dir='ltr'>lacrymis</span> <span class='ocrx_word' id='word_1_497' title='bbox 1943 2137 2047 2161; x_wconf 88' lang='lat' dir='ltr'>omne</span> <span class='ocrx_word' id='word_1_498' title='bbox 2061 2138 2165 2162; x_wconf 89' lang='lat' dir='ltr'>suum</span> <span class='ocrx_word' id='word_1_499' title='bbox 2182 2133 2267 2162; x_wconf 81' lang='lat' dir='ltr'>tem-</span> 
     </span>
     <span class='ocr_line' id='line_1_55' title="bbox 1312 2175 2267 2236; baseline 0.012 -23"><span class='ocrx_word' id='word_1_500' title='bbox 1312 2175 1379 2214; x_wconf 91' lang='lat' dir='ltr'>dus</span> <span class='ocrx_word' id='word_1_501' title='bbox 1403 2191 1610 2217; x_wconf 87' lang='lat' dir='ltr'>consumere</span> <span class='ocrx_word' id='word_1_502' title='bbox 1629 2190 1789 2232; x_wconf 75' lang='lat' dir='ltr'>oportet‚</span> <span class='ocrx_word' id='word_1_503' title='bbox 1818 2184 1880 2220; x_wconf 84' lang='lat' dir='ltr'>sed</span> <span class='ocrx_word' id='word_1_504' title='bbox 1907 2183 2100 2222; x_wconf 90' lang='lat' dir='ltr'>vulnerum</span> <span class='ocrx_word' id='word_1_505' title='bbox 2124 2199 2267 2236; x_wconf 86' lang='lat' dir='ltr'>quoque</span> 
     </span>
     <span class='ocr_line' id='line_1_56' title="bbox 1312 2238 2266 2295; baseline 0.012 -22"><span class='ocrx_word' id='word_1_506' title='bbox 1312 2238 1486 2276; x_wconf 89' lang='lat' dir='ltr'>curationi</span> <span class='ocrx_word' id='word_1_507' title='bbox 1503 2240 1701 2290; x_wconf 89' lang='lat' dir='ltr'>plurimum</span> <span class='ocrx_word' id='word_1_508' title='bbox 1716 2256 1831 2294; x_wconf 88' lang='lat' dir='ltr'>operae</span> <span class='ocrx_word' id='word_1_509' title='bbox 1846 2243 2026 2295; x_wconf 86' lang='lat' dir='ltr'>studiique</span> <span class='ocrx_word' id='word_1_510' title='bbox 2044 2259 2189 2291; x_wconf 82' lang='lat' dir='ltr'>navare,</span> <span class='ocrx_word' id='word_1_511' title='bbox 2211 2261 2266 2293; x_wconf 89' lang='lat' dir='ltr'>ne,</span> 
     </span>
     <span class='ocr_line' id='line_1_57' title="bbox 1312 2298 2266 2359; baseline 0.01 -25"><span class='ocrx_word' id='word_1_512' title='bbox 1312 2298 1341 2335; x_wconf 93' lang='lat' dir='ltr'>si</span> <span class='ocrx_word' id='word_1_513' title='bbox 1362 2300 1527 2351; x_wconf 88' lang='lat' dir='ltr'>despecta</span> <span class='ocrx_word' id='word_1_514' title='bbox 1547 2301 1700 2350; x_wconf 79' lang='lat' dir='ltr'>fuerint,</span> <span class='ocrx_word' id='word_1_515' title='bbox 1723 2304 1890 2354; x_wconf 86' lang='lat' dir='ltr'>majorem</span> <span class='ocrx_word' id='word_1_516' title='bbox 1914 2305 2073 2357; x_wconf 87' lang='lat' dir='ltr'>ipsismet</span> <span class='ocrx_word' id='word_1_517' title='bbox 2097 2307 2266 2359; x_wconf 79' lang='lat' dir='ltr'>lacrymis</span> 
     </span>
     <span class='ocr_line' id='line_1_58' title="bbox 1315 2359 2265 2415; baseline 0.012 -20"><span class='ocrx_word' id='word_1_518' title='bbox 1315 2359 1464 2397; x_wconf 85' lang='lat' dir='ltr'>afferant</span> <span class='ocrx_word' id='word_1_519' title='bbox 1474 2360 1628 2412; x_wconf 84' lang='lat' dir='ltr'>plagam,</span> <span class='ocrx_word' id='word_1_520' title='bbox 1642 2371 1747 2412; x_wconf 88' lang='lat' dir='ltr'>atque</span> <span class='ocrx_word' id='word_1_521' title='bbox 1760 2364 1838 2415; x_wconf 89' lang='lat' dir='ltr'>ipso</span> <span class='ocrx_word' id='word_1_522' title='bbox 1853 2364 1953 2402; x_wconf 84' lang='lat' dir='ltr'>luctu</span> <span class='ocrx_word' id='word_1_523' title='bbox 1966 2366 2265 2406; x_wconf 81' lang='lat' dir='ltr'>vehementiorem</span> 
     </span>
     <span class='ocr_line' id='line_1_59' title="bbox 1314 2420 2266 2476; baseline 0.011 -19"><span class='ocrx_word' id='word_1_524' title='bbox 1314 2420 1494 2459; x_wconf 85' lang='lat' dir='ltr'>flammam</span> <span class='ocrx_word' id='word_1_525' title='bbox 1508 2423 1661 2460; x_wconf 81' lang='lat' dir='ltr'>excitent</span> <span class='ocrx_word' id='word_1_526' title='bbox 1676 2440 1685 2461; x_wconf 73' lang='grc' dir='ltr'>ε</span> <span class='ocrx_word' id='word_1_527' title='bbox 1702 2437 1843 2473; x_wconf 79' lang='lat' dir='ltr'>aequum</span> <span class='ocrx_word' id='word_1_528' title='bbox 1858 2427 2014 2476; x_wconf 66' lang='lat' dir='ltr'>prolecto</span> <span class='ocrx_word' id='word_1_529' title='bbox 2027 2428 2134 2465; x_wconf 82' lang='lat' dir='ltr'>fuerit</span> <span class='ocrx_word' id='word_1_530' title='bbox 2148 2438 2266 2467; x_wconf 81' lang='lat' dir='ltr'>tecam</span> 
     </span>
     <span class='ocr_line' id='line_1_60' title="bbox 1314 2484 2267 2534; baseline 0.01 -17"><span class='ocrx_word' id='word_1_531' title='bbox 1314 2495 1391 2531; x_wconf 80' lang='lat' dir='ltr'>quae</span> <span class='ocrx_word' id='word_1_532' title='bbox 1412 2497 1474 2534; x_wconf 85' lang='lat' dir='ltr'>per</span> <span class='ocrx_word' id='word_1_533' title='bbox 1492 2496 1669 2520; x_wconf 81' lang='lat' dir='ltr'>sermones</span> <span class='ocrx_word' id='word_1_534' title='bbox 1691 2484 1885 2522; x_wconf 83' lang='lat' dir='ltr'>adhibetur</span> <span class='ocrx_word' id='word_1_535' title='bbox 1904 2488 2177 2526; x_wconf 82' lang='lat' dir='ltr'>consolationem</span> <span class='ocrx_word' id='word_1_536' title='bbox 2198 2504 2267 2528; x_wconf 87' lang='lat' dir='ltr'>nou</span> 
     </span>
     <span class='ocr_line' id='line_1_61' title="bbox 1314 2543 2269 2600; baseline 0.007 -19"><span class='ocrx_word' id='word_1_537' title='bbox 1314 2543 1513 2594; x_wconf 84' lang='lat' dir='ltr'>repudiare,</span> <span class='ocrx_word' id='word_1_538' title='bbox 1523 2557 1564 2580; x_wconf 85' lang='lat' dir='ltr'>ac</span> <span class='ocrx_word' id='word_1_539' title='bbox 1578 2543 1819 2595; x_wconf 84' lang='lat' dir='ltr'>laerymarum</span> <span class='ocrx_word' id='word_1_540' title='bbox 1828 2546 1957 2583; x_wconf 80' lang='lat' dir='ltr'>fluvios</span> <span class='ocrx_word' id='word_1_541' title='bbox 1969 2562 2159 2600; x_wconf 85' lang='lat' dir='ltr'>parumper</span> <span class='ocrx_word' id='word_1_542' title='bbox 2171 2564 2269 2588; x_wconf 83' lang='lat' dir='ltr'>cocr-</span> 
     </span>
     <span class='ocr_line' id='line_1_62' title="bbox 1314 2604 2270 2661; baseline 0.006 -18"><span class='ocrx_word' id='word_1_543' title='bbox 1314 2614 1447 2643; x_wconf 88' lang='lat' dir='ltr'>centcm</span> <span class='ocrx_word' id='word_1_544' title='bbox 1468 2604 1512 2642; x_wconf 87' lang='lat' dir='ltr'>ad</span> <span class='ocrx_word' id='word_1_545' title='bbox 1528 2605 1636 2642; x_wconf 79' lang='lat' dir='ltr'>breve</span> <span class='ocrx_word' id='word_1_546' title='bbox 1648 2605 1770 2642; x_wconf 85' lang='lat' dir='ltr'>saltem</span> <span class='ocrx_word' id='word_1_547' title='bbox 1789 2616 1927 2658; x_wconf 87' lang='lat' dir='ltr'>tempus</span> <span class='ocrx_word' id='word_1_548' title='bbox 1951 2608 1993 2645; x_wconf 87' lang='lat' dir='ltr'>iis</span> <span class='ocrx_word' id='word_1_549' title='bbox 2011 2611 2133 2655; x_wconf 82' lang='lat' dir='ltr'>ctiam,</span> <span class='ocrx_word' id='word_1_550' title='bbox 2155 2612 2215 2661; x_wconf 91' lang='lat' dir='ltr'>qui</span> <span class='ocrx_word' id='word_1_551' title='bbox 2237 2622 2270 2649; x_wconf 82' lang='lat' dir='ltr'>tc</span> 
     </span>
     <span class='ocr_line' id='line_1_63' title="bbox 1314 2665 2268 2718; baseline 0.006 -14"><span class='ocrx_word' id='word_1_552' title='bbox 1314 2666 1486 2704; x_wconf 79' lang='lat' dir='ltr'>consolari</span> <span class='ocrx_word' id='word_1_553' title='bbox 1500 2665 1773 2717; x_wconf 71' lang='lat' dir='ltr'>aggrediuntur,</span> <span class='ocrx_word' id='word_1_554' title='bbox 1791 2676 1824 2704; x_wconf 85' lang='lat' dir='ltr'>te</span> <span class='ocrx_word' id='word_1_555' title='bbox 1840 2668 1951 2718; x_wconf 81' lang='lat' dir='ltr'>ipsam</span> <span class='ocrx_word' id='word_1_556' title='bbox 1964 2668 2061 2710; x_wconf 73' lang='lat' dir='ltr'>darc.</span> <span class='ocrx_word' id='word_1_557' title='bbox 2079 2672 2162 2709; x_wconf 65' lang='lat' dir='ltr'>llaec</span> <span class='ocrx_word' id='word_1_558' title='bbox 2174 2673 2268 2710; x_wconf 87' lang='lat' dir='ltr'>enim</span> 
     </span>
     <span class='ocr_line' id='line_1_64' title="bbox 1315 2728 2266 2783; baseline 0.007 -18"><span class='ocrx_word' id='word_1_559' title='bbox 1315 2742 1418 2765; x_wconf 81' lang='lat' dir='ltr'>causa</span> <span class='ocrx_word' id='word_1_560' title='bbox 1437 2737 1509 2772; x_wconf 83' lang='lat' dir='ltr'>cst,</span> <span class='ocrx_word' id='word_1_561' title='bbox 1530 2741 1593 2763; x_wconf 89' lang='lat' dir='ltr'>cur</span> <span class='ocrx_word' id='word_1_562' title='bbox 1613 2736 1645 2764; x_wconf 84' lang='lat' dir='ltr'>et</span> <span class='ocrx_word' id='word_1_563' title='bbox 1666 2741 1728 2764; x_wconf 83' lang='lat' dir='ltr'>uus</span> <span class='ocrx_word' id='word_1_564' title='bbox 1748 2741 1814 2765; x_wconf 82' lang='lat' dir='ltr'>non</span> <span class='ocrx_word' id='word_1_565' title='bbox 1836 2728 1870 2764; x_wconf 90' lang='lat' dir='ltr'>iu</span> <span class='ocrx_word' id='word_1_566' title='bbox 1892 2729 1968 2780; x_wconf 85' lang='lat' dir='ltr'>ipso</span> <span class='ocrx_word' id='word_1_567' title='bbox 1989 2730 2106 2768; x_wconf 81' lang='lat' dir='ltr'>luctus</span> <span class='ocrx_word' id='word_1_568' title='bbox 2127 2733 2266 2783; x_wconf 61' lang='lat' dir='ltr'>vigore.</span> 
     </span>
     <span class='ocr_line' id='line_1_65' title="bbox 1315 2788 2266 2838; baseline 0.007 -13"><span class='ocrx_word' id='word_1_569' title='bbox 1315 2802 1426 2838; x_wconf 81' lang='lat' dir='ltr'>neque</span> <span class='ocrx_word' id='word_1_570' title='bbox 1448 2788 1554 2825; x_wconf 80' lang='lat' dir='ltr'>simul</span> <span class='ocrx_word' id='word_1_571' title='bbox 1579 2802 1619 2824; x_wconf 76' lang='lat' dir='ltr'>ue</span> <span class='ocrx_word' id='word_1_572' title='bbox 1641 2788 1773 2824; x_wconf 82' lang='lat' dir='ltr'>fulmen</span> <span class='ocrx_word' id='word_1_573' title='bbox 1795 2788 1927 2826; x_wconf 80' lang='lat' dir='ltr'>decidit</span> <span class='ocrx_word' id='word_1_574' title='bbox 1945 2820 1954 2831; x_wconf 82' lang='grc'>,</span> <span class='ocrx_word' id='word_1_575' title='bbox 1977 2790 2266 2837; x_wconf 75' lang='lat' dir='ltr'>obturbaremus.</span> 
     </span>
     <span class='ocr_line' id='line_1_66' title="bbox 1315 2850 2266 2905; baseline 0.006 -17"><span class='ocrx_word' id='word_1_576' title='bbox 1315 2850 1375 2888; x_wconf 87' lang='lat' dir='ltr'>scd</span> <span class='ocrx_word' id='word_1_577' title='bbox 1396 2858 1598 2887; x_wconf 78' lang='lat' dir='ltr'>cunctantes</span> <span class='ocrx_word' id='word_1_578' title='bbox 1621 2858 1691 2886; x_wconf 81' lang='lat' dir='ltr'>tuto</span> <span class='ocrx_word' id='word_1_579' title='bbox 1714 2850 1778 2886; x_wconf 78' lang='lat' dir='ltr'>lioe</span> <span class='ocrx_word' id='word_1_580' title='bbox 1799 2850 2010 2888; x_wconf 74' lang='lat' dir='ltr'>intermedio</span> <span class='ocrx_word' id='word_1_581' title='bbox 2028 2862 2204 2905; x_wconf 80' lang='lat' dir='ltr'>tempore.</span> <span class='ocrx_word' id='word_1_582' title='bbox 2227 2870 2266 2893; x_wconf 83' lang='lat' dir='ltr'>ae</span> 
     </span>
     <span class='ocr_line' id='line_1_67' title="bbox 1317 2910 2267 2964; baseline 0.008 -18"><span class='ocrx_word' id='word_1_583' title='bbox 1317 2911 1558 2962; x_wconf 79' lang='lat' dir='ltr'>permittentes</span> <span class='ocrx_word' id='word_1_584' title='bbox 1577 2919 1608 2947; x_wconf 79' lang='lat' dir='ltr'>te</span> <span class='ocrx_word' id='word_1_585' title='bbox 1625 2910 1744 2947; x_wconf 77' lang='lat' dir='ltr'>satiari</span> <span class='ocrx_word' id='word_1_586' title='bbox 1767 2911 1865 2951; x_wconf 84' lang='lat' dir='ltr'>lletu.</span> <span class='ocrx_word' id='word_1_587' title='bbox 1885 2912 2029 2961; x_wconf 76' lang='lat' dir='ltr'>quando</span> <span class='ocrx_word' id='word_1_588' title='bbox 2041 2914 2114 2964; x_wconf 76' lang='lat' dir='ltr'>jam</span> <span class='ocrx_word' id='word_1_589' title='bbox 2137 2929 2156 2952; x_wconf 78' lang='lat' dir='ltr'>a</span> <span class='ocrx_word' id='word_1_590' title='bbox 2180 2917 2267 2954; x_wconf 81' lang='lat' dir='ltr'>eali-</span> 
     </span>
     <span class='ocr_line' id='line_1_68' title="bbox 1316 2970 2270 3025; baseline 0.006 -17"><span class='ocrx_word' id='word_1_591' title='bbox 1316 2973 1397 3022; x_wconf 75' lang='lat' dir='ltr'>gine</span> <span class='ocrx_word' id='word_1_592' title='bbox 1422 2971 1482 3008; x_wconf 81' lang='lat' dir='ltr'>illa</span> <span class='ocrx_word' id='word_1_593' title='bbox 1505 2970 1689 3021; x_wconf 80' lang='lat' dir='ltr'>paululum</span> <span class='ocrx_word' id='word_1_594' title='bbox 1709 2971 1829 3007; x_wconf 75' lang='lat' dir='ltr'>oeulos</span> <span class='ocrx_word' id='word_1_595' title='bbox 1848 2972 2023 3016; x_wconf 73' lang='lat' dir='ltr'>attollere.</span> <span class='ocrx_word' id='word_1_596' title='bbox 2046 2983 2152 3025; x_wconf 77' lang='lat' dir='ltr'>atque</span> <span class='ocrx_word' id='word_1_597' title='bbox 2165 2990 2270 3014; x_wconf 77' lang='lat' dir='ltr'>aures</span> 
     </span>
    </p>
   </div>
   <div class='ocr_carea' id='block_1_11' title="bbox 1283 3032 2267 3086">
    <p class='ocr_par' dir='ltr' id='par_1_12' title="bbox 1283 3032 2267 3086">
     <span class='ocr_line' id='line_1_69' title="bbox 1283 3032 2267 3086; baseline 0.004 -16"><span class='ocrx_word' id='word_1_598' title='bbox 1283 3037 1289 3044; x_wconf 79' lang='grc'>’</span> <span class='ocrx_word' id='word_1_599' title='bbox 1317 3034 1376 3077; x_wconf 75' lang='lat' dir='ltr'>iis,</span> <span class='ocrx_word' id='word_1_600' title='bbox 1397 3033 1456 3083; x_wconf 83' lang='lat' dir='ltr'>qui</span> <span class='ocrx_word' id='word_1_601' title='bbox 1477 3041 1508 3068; x_wconf 80' lang='lat' dir='ltr'>te</span> <span class='ocrx_word' id='word_1_602' title='bbox 1527 3032 1700 3069; x_wconf 74' lang='lat' dir='ltr'>consulari</span> <span class='ocrx_word' id='word_1_603' title='bbox 1718 3040 1904 3075; x_wconf 79' lang='lat' dir='ltr'>tentarent,</span> <span class='ocrx_word' id='word_1_604' title='bbox 1931 3034 2087 3084; x_wconf 65' lang='lat' dir='ltr'>prwbere</span> <span class='ocrx_word' id='word_1_605' title='bbox 2106 3038 2267 3086; x_wconf 73' lang='lat' dir='ltr'>potuisti.</span> 
     </span>
    </p>
   </div>
   <div class='ocr_carea' id='block_1_12' title="bbox 1317 3092 2270 3269">
    <p class='ocr_par' dir='ltr' id='par_1_13' title="bbox 1317 3092 2270 3269">
     <span class='ocr_line' id='line_1_70' title="bbox 1317 3092 2269 3145; baseline 0.003 -13"><span class='ocrx_word' id='word_1_606' title='bbox 1317 3104 1400 3132; x_wconf 83' lang='lat' dir='ltr'>tune</span> <span class='ocrx_word' id='word_1_607' title='bbox 1414 3093 1479 3145; x_wconf 78' lang='lat' dir='ltr'>ipsi</span> <span class='ocrx_word' id='word_1_608' title='bbox 1493 3106 1632 3142; x_wconf 75' lang='lat' dir='ltr'>qumpne</span> <span class='ocrx_word' id='word_1_609' title='bbox 1646 3102 1720 3142; x_wconf 77' lang='lat' dir='ltr'>pust</span> <span class='ocrx_word' id='word_1_610' title='bbox 1737 3092 1945 3130; x_wconf 77' lang='lat' dir='ltr'>ancillarum</span> <span class='ocrx_word' id='word_1_611' title='bbox 1961 3108 2136 3133; x_wconf 76' lang='lat' dir='ltr'>sermones</span> <span class='ocrx_word' id='word_1_612' title='bbox 2153 3107 2269 3135; x_wconf 74' lang='lat' dir='ltr'>nostru</span> 
     </span>
     <span class='ocr_line' id='line_1_71' title="bbox 1317 3154 2268 3208; baseline 0.002 -15"><span class='ocrx_word' id='word_1_613' title='bbox 1317 3156 1601 3207; x_wconf 65' lang='lat' dir='ltr'>adjungeremus.</span> <span class='ocrx_word' id='word_1_614' title='bbox 1616 3155 1704 3190; x_wconf 73' lang='lat' dir='ltr'>Nam</span> <span class='ocrx_word' id='word_1_615' title='bbox 1718 3154 2128 3206; x_wconf 69' lang='lat' dir='ltr'>e1uu.·ulliuetempestas</span> <span class='ocrx_word' id='word_1_616' title='bbox 2143 3172 2268 3208; x_wconf 73' lang='lat' dir='ltr'>magna</span> 
     </span>
     <span class='ocr_line' id='line_1_72' title="bbox 1317 3216 2270 3269; baseline 0.003 -14"><span class='ocrx_word' id='word_1_617' title='bbox 1317 3226 1418 3261; x_wconf 44' lang='lat' dir='ltr'>csta-1</span> <span class='ocrx_word' id='word_1_618' title='bbox 1435 3217 1549 3253; x_wconf 77' lang='lat' dir='ltr'>luctus</span> <span class='ocrx_word' id='word_1_619' title='bbox 1566 3217 1658 3264; x_wconf 64' lang='lat' dir='ltr'>viget</span> <span class='ocrx_word' id='word_1_620' title='bbox 1670 3246 1678 3257; x_wconf 80' lang='grc'>,</span> <span class='ocrx_word' id='word_1_621' title='bbox 1693 3217 1754 3264; x_wconf 79' lang='lat' dir='ltr'>qui</span> <span class='ocrx_word' id='word_1_622' title='bbox 1769 3216 1928 3253; x_wconf 80' lang='lat' dir='ltr'>dolorem</span> <span class='ocrx_word' id='word_1_623' title='bbox 1943 3216 2117 3269; x_wconf 75' lang='lat' dir='ltr'>deponere</span> <span class='ocrx_word' id='word_1_624' title='bbox 2132 3220 2270 3261; x_wconf 63' lang='lat' dir='ltr'>sumit-1.</span> 
     </span>
    </p>
   </div>
   <div class='ocr_carea' id='block_1_13' title="bbox 267 3366 1947 3404">
    <p class='ocr_par' dir='ltr' id='par_1_14' title="bbox 267 3366 1947 3404">
     <span class='ocr_line' id='line_1_73' title="bbox 267 3366 1947 3404; baseline 0.001 -3"><span class='ocrx_word' id='word_1_625' title='bbox 267 3379 280 3395; x_wconf 61' lang='grc' dir='ltr'><strong><em>κ</em></strong></span> <span class='ocrx_word' id='word_1_626' title='bbox 302 3370 432 3403; x_wconf 55' lang='lat' dir='ltr'>(lullum</span> <span class='ocrx_word' id='word_1_627' title='bbox 449 3382 525 3404; x_wconf 88' lang='lat' dir='ltr'>cum</span> <span class='ocrx_word' id='word_1_628' title='bbox 540 3371 664 3404; x_wconf 80' lang='lat' dir='ltr'>Codice</span> <span class='ocrx_word' id='word_1_629' title='bbox 679 3371 876 3404; x_wconf 72' lang='lat' dir='ltr'>Collmrtino</span> <span class='ocrx_word' id='word_1_630' title='bbox 894 3373 955 3404; x_wconf 65' lang='lat'>974</span> <span class='ocrx_word' id='word_1_631' title='bbox 991 3379 1024 3404; x_wconf 85' lang='lat' dir='ltr'>et</span> <span class='ocrx_word' id='word_1_632' title='bbox 1041 3382 1115 3403; x_wconf 85' lang='lat' dir='ltr'>cum</span> <span class='ocrx_word' id='word_1_633' title='bbox 1136 3370 1224 3402; x_wconf 69' lang='lat' dir='ltr'>Edit.</span> <span class='ocrx_word' id='word_1_634' title='bbox 1263 3372 1343 3404; x_wconf 78' lang='lat' dir='ltr'>tium</span> <span class='ocrx_word' id='word_1_635' title='bbox 1363 3374 1412 3404; x_wconf 60' lang='lat' dir='ltr'>ml</span> <span class='ocrx_word' id='word_1_636' title='bbox 1427 3377 1503 3402; x_wconf 76' lang='lat' dir='ltr'>autc</span> <span class='ocrx_word' id='word_1_637' title='bbox 1520 3372 1630 3402; x_wconf 61' lang='lat' dir='ltr'>ivm‘h»</span> <span class='ocrx_word' id='word_1_638' title='bbox 1645 3367 1736 3400; x_wconf 80' lang='lat' dir='ltr'>deest</span> <span class='ocrx_word' id='word_1_639' title='bbox 1752 3367 1784 3402; x_wconf 88' lang='lat' dir='ltr'>iu</span> <span class='ocrx_word' id='word_1_640' title='bbox 1797 3366 1947 3401; x_wconf 69' lang='lat' dir='ltr'>colbert.</span> 
     </span>
    </p>
   </div>
   <div class='ocr_carea' id='block_1_14' title="bbox 223 3421 1229 3521">
    <p class='ocr_par' dir='ltr' id='par_1_15' title="bbox 223 3421 1229 3521">
     <span class='ocr_line' id='line_1_74' title="bbox 223 3421 1228 3469; baseline 0.004 -17"><span class='ocrx_word' id='word_1_641' title='bbox 223 3421 325 3456; x_wconf 67' lang='lat' dir='ltr'>Savil.</span> <span class='ocrx_word' id='word_1_642' title='bbox 342 3422 490 3456; x_wconf 72' lang='lat' dir='ltr'>Culbert.</span> <span class='ocrx_word' id='word_1_643' title='bbox 510 3432 544 3456; x_wconf 83' lang='lat' dir='ltr'>ct</span> <span class='ocrx_word' id='word_1_644' title='bbox 561 3424 674 3456; x_wconf 82' lang='lat' dir='ltr'>Murel.</span> <span class='ocrx_word' id='word_1_645' title='bbox 692 3424 816 3456; x_wconf 71' lang='lat' dir='ltr'>liulicut</span> <span class='ocrx_word' id='word_1_646' title='bbox 832 3428 1028 3469; x_wconf 57' lang='lat' dir='ltr'>xnpeuomw.</span> <span class='ocrx_word' id='word_1_647' title='bbox 1044 3422 1183 3456; x_wconf 69' lang='lat' dir='ltr'>Savilius</span> <span class='ocrx_word' id='word_1_648' title='bbox 1196 3425 1228 3455; x_wconf 85' lang='lat' dir='ltr'>iu</span> 
     </span>
     <span class='ocr_line' id='line_1_75' title="bbox 227 3476 1229 3521; baseline 0.006 -18"><span class='ocrx_word' id='word_1_649' title='bbox 227 3479 317 3506; x_wconf 57' lang='lat' dir='ltr'>textu</span> <span class='ocrx_word' id='word_1_650' title='bbox 335 3479 527 3519; x_wconf 66' lang='grc' dir='ltr'>χηρεύουσαν,</span> <span class='ocrx_word' id='word_1_651' title='bbox 547 3477 579 3510; x_wconf 87' lang='lat' dir='ltr'>iu</span> <span class='ocrx_word' id='word_1_652' title='bbox 596 3488 700 3518; x_wconf 65' lang='lat' dir='ltr'>nim-g.</span> <span class='ocrx_word' id='word_1_653' title='bbox 720 3481 917 3521; x_wconf 59' lang='grc' dir='ltr'>χημύγυτν.</span> <span class='ocrx_word' id='word_1_654' title='bbox 938 3476 1039 3508; x_wconf 75' lang='lat' dir='ltr'>l&#39;uulu</span> <span class='ocrx_word' id='word_1_655' title='bbox 1065 3485 1137 3518; x_wconf 81' lang='lat' dir='ltr'>pust</span> <span class='ocrx_word' id='word_1_656' title='bbox 1169 3478 1229 3509; x_wconf 86' lang='lat' dir='ltr'>iui-</span> 
     </span>
    </p>
   </div>
   <div class='ocr_carea' id='block_1_15' title="bbox 1307 3423 1683 3465">
    <p class='ocr_par' dir='ltr' id='par_1_16' title="bbox 1307 3423 1683 3465">
     <span class='ocr_line' id='line_1_76' title="bbox 1307 3423 1683 3465; baseline -0.005 -12"><span class='ocrx_word' id='word_1_657' title='bbox 1307 3426 1323 3448; x_wconf 76' lang='lat' dir='ltr'>l·</span> <span class='ocrx_word' id='word_1_658' title='bbox 1347 3423 1443 3455; x_wconf 66' lang='lat' dir='ltr'>(lull).</span> <span class='ocrx_word' id='word_1_659' title='bbox 1464 3437 1481 3457; x_wconf 75' lang='grc' dir='ltr'>π</span> <span class='ocrx_word' id='word_1_660' title='bbox 1494 3430 1683 3465; x_wconf 37' lang='lat' dir='ltr'>:paroni-mv.</span> 
     </span>
    </p>
   </div>
  </div>
 </body>
</html>
