2513 3871
271 223 332 271 90

268 303 436 356 voluptas
454 303 490 341 in
507 310 601 340 tanta
615 299 841 352 turpitudine
856 299 875 336 ,²
894 298 965 337 Sed
982 297 1060 337 haec
1077 297 1224 336 iuterim

267 365 436 415 indagare
454 362 683 408 omittamus,
704 373 768 398 nec
794 358 841 398 de
863 368 1062 397 amatorum
1090 359 1224 412 pugnis

265 426 456 476 loquamur
472 452 483 470 ,
505 436 568 460 nec
585 421 632 459 de
657 420 824 459 rivalium
851 419 1140 458 contentionibus
1165 420 1224 460 vel

266 484 551 524 accusationibus
573 498 582 521 ι
601 482 720 521 sedsit
737 481 868 533 aliquis
883 482 945 533 qui
965 495 1047 519 cum
1062 481 1226 521 libertate

266 546 429 584 obscoena
451 544 510 583 illa
526 543 677 582 libidine
692 544 845 590 fruatur,
861 557 975 594 neque
993 542 1146 581 rivalem
1162 542 1226 582 ba·

266 607 362 654 beat,
375 620 487 656 neque
500 605 547 643 ab
561 605 692 643 amasia
707 613 966 649 contemnatur,
979 604 1150 656 pecunias
1166 618 1228 643 ve-
1247 606 1273 637 D

270 667 324 705 lut
337 681 382 706 ex
396 666 554 705 sontibus
570 668 712 704 haustas
729 664 1068 718 impendat,etiamsi
1086 664 1162 703 fieri
1173 679 1230 703 ne·

266 737 371 779 queat
391 737 429 766 ut
448 727 523 767 haec
538 729 657 766 omnia
670 727 779 766 simul
793 726 1028 775 conveniant3
1044 725 1106 764 sed
1121 726 1152 764 ei
1165 726 1228 778 qui

267 789 417 828 rivalem
439 803 507 828 non
527 789 718 827 habiturus
735 797 787 827 est
816 802 937 826 omnes
963 787 1147 826 facultates
1165 801 1229 826 ex-

267 850 472 890 hauriendae
482 860 577 896 sunt,
586 861 625 888 ut
637 850 803 902 largitate
814 863 1002 888 munerum
1011 849 1100 887 alios
1107 863 1229 887 omnes

267 921 433 966 superet;
452 925 666 963 rursumque
679 926 760 949 eum
774 911 836 963 qui
854 910 1011 963 inopiam
1029 909 1165 948 devitat
1180 940 1189 955 ‚
1208 924 1228 948 a

269 973 452 1012 meretrice
470 981 657 1025 spernatur
670 981 704 1011 et
723 980 913 1025 respuatur
927 979 1077 1023 oportet.
1091 972 1228 1009 Verum

270 1034 508 1073 concedamus
528 1033 620 1072 nihil
639 1032 816 1086 ejusmodi
832 1033 922 1080 sore,
941 1030 1002 1070 scd
1022 1032 1140 1069 omnia
1159 1030 1228 1084 ipsi

268 1109 315 1134 ex
332 1094 503 1134 sententia
515 1104 684 1133 eventura
704 1107 917 1145 esse:quam
939 1093 974 1131 in
990 1093 1046 1131 his
1060 1092 1230 1145 volupta-

269 1165 339 1194 tem
368 1155 473 1194 nobis
500 1165 598 1207 potes
623 1154 836 1194 ostendere?
849 1155 928 1193 Non
961 1153 1055 1192 enim
1084 1153 1119 1191 in
1152 1153 1231 1205 ipso

269 1230 480 1268 congressus
499 1225 658 1268 tempore
674 1213 915 1268 apparet‚scd
936 1215 997 1265 qui
1018 1214 1151 1252 coitum
1170 1228 1230 1252 ex-

272 1277 402 1330 plevit,
412 1276 635 1328 voluptatem
649 1276 839 1321 exstinxit3
852 1275 912 1326 qui
927 1283 1046 1312 autem
1061 1273 1181 1311 adhuc
1194 1274 1230 1312 in

269 1351 457 1388 congressu
477 1346 549 1382 est,
563 1350 632 1373 non
654 1335 689 1373 in
712 1335 898 1387 voluptate
910 1335 1003 1386 egit,
1019 1333 1082 1372 sed
1104 1343 1201 1372 motu
1221 1363 1231 1383 ,

268 1398 392 1436 aculeo
400 1407 435 1435 et
448 1397 567 1434 furore
579 1406 612 1434 ct
626 1396 763 1434 fervore
776 1395 976 1434 vehementi
987 1395 1155 1447 agitatur.
1168 1399 1232 1434 At-

267 1459 330 1510 qui
344 1467 463 1496 nostra
478 1457 646 1510 voluptas
658 1470 727 1495 non
742 1455 952 1508 hujusmodi
967 1465 1030 1502 est,
1043 1455 1156 1504 absit3
1168 1457 1230 1495 sed

268 1520 430 1558 animum
443 1520 539 1557 omni
555 1518 822 1571 perturbatione
836 1532 988 1556 vacuum
1005 1527 1135 1566 servat,
1148 1519 1230 1557 nul·

269 1582 414 1633 lamque
433 1582 663 1633 agitationem
687 1579 849 1628 inducit,
872 1579 934 1618 sed
954 1594 1081 1632 puram
1101 1593 1230 1631 quam-

269 1643 354 1682 dam
372 1652 490 1681 servat
512 1642 757 1693 integramque
778 1641 940 1679 laetitiain
960 1670 970 1688 ‚
990 1654 1138 1692 eamque
1153 1641 1233 1692 glo-

269 1704 417 1752 riosam,
435 1718 515 1755 qua:
537 1704 643 1741 finem
665 1717 733 1740 non
755 1702 900 1749 habeat,
920 1702 1091 1754 longeque
1107 1711 1228 1754 poten-

271 1766 398 1804 tiorem
429 1779 471 1803 ac
502 1764 715 1802 vividiorem
730 1793 740 1809 ‚
752 1778 860 1815 quam
889 1772 1005 1802 vestra
1036 1764 1095 1803 sit.
1123 1763 1232 1811 Quod

270 1828 366 1865 enim
384 1836 502 1865 nostra
522 1825 567 1863 sit
583 1824 792 1876 jucundior,
811 1839 918 1876 quam
934 1833 1047 1863 vestra
1062 1853 1072 1870 ‚
1087 1824 1199 1875 liquet
1220 1841 1228 1862 ε

268 1903 352 1927 nam
375 1898 529 1927 vestr-im
551 1896 663 1925 metus
680 1886 835 1938 abjicere
851 1895 984 1939 potest:
999 1887 1026 1924 si
1043 1886 1137 1923 enim
1155 1887 1233 1924 Im-

269 1958 411 2002 perator
428 1948 539 1987 literis
563 1956 712 1986 mortem
736 1947 990 1994 comminetur,
1005 1946 1050 1984 ab
1067 1960 1106 1984 ea
1121 1947 1232 1984 volu-

269 2020 365 2064 ptate
387 2010 543 2049 maxima
573 2023 654 2061 pars
680 2008 865 2046 hominum
890 2008 1049 2048 absistet.
1066 2009 1232 2047 Nostram

269 2086 355 2110 vero
371 2071 507 2110 etiamsi
528 2071 607 2121 quis
627 2069 821 2108 sexcenties
841 2078 989 2107 mortem
1009 2069 1146 2116 inserat,
1161 2084 1230 2109 non

271 2132 378 2171 modo
391 2147 459 2170 uon
478 2131 706 2184 persuadebit
722 2139 759 2168 ut
771 2145 809 2168 ea
824 2140 1024 2183 spernatur,
1042 2144 1168 2169 verum
1185 2131 1232 2170 ir-

271 2193 465 2241 ridebitur3
479 2193 565 2231 adeo
581 2201 696 2231 nostra
710 2192 898 2230 violentior
911 2192 1018 2230 simul
1032 2201 1064 2229 et
1077 2192 1231 2244 dulcior,

270 2270 377 2306 quani
390 2264 504 2293 vestra
514 2264 578 2299 est,
592 2253 760 2304 nullaque
774 2267 920 2304 prorsus
935 2263 983 2291 est
997 2254 1088 2293 inter
1103 2264 1232 2293 utram-

271 2331 340 2367 que
356 2315 590 2368 comparatio.
610 2317 662 2353 Ne
685 2315 804 2366 itaque
821 2315 981 2353 invideas
1011 2317 1192 2363 silio‚cu¹n
1212 2332 1232 2355 a

272 2378 383 2417 ssuxis
399 2377 510 2423 bonis,
522 2391 600 2428 qua:
621 2391 663 2414 ne
678 2377 853 2415 exsistunt
868 2376 1029 2428 quidem,
1042 2378 1087 2417 ad
1104 2393 1141 2417 ca
1154 2394 1233 2431 quae

271 2449 356 2477 sunt
373 2448 407 2478 ct
427 2447 568 2477 manent
585 2452 620 2476 se
636 2439 792 2487 consert3
810 2453 922 2490 neque
939 2439 1061 2490 lugeas
1075 2454 1155 2478 eum
1171 2441 1233 2492 qui

272 2500 497 2538 beatissimus
512 2499 765 2552 praedicandus
775 2499 913 2548 est;sed
930 2500 958 2537 is
971 2499 1160 2551 lugendus,
1171 2502 1234 2553 qui

274 2577 342 2600 non
368 2562 449 2600 talis
471 2571 522 2599 est
539 2591 548 2609 ,
569 2561 703 2612 quique
726 2561 762 2599 in
792 2561 954 2614 praescnti
986 2562 1056 2600 vita
1073 2562 1175 2613 quasi
1198 2563 1234 2600 in

275 2623 400 2675 euripo
420 2623 682 2661 circumfertur.
715 2626 832 2673 Atque
853 2632 891 2660 ut
911 2622 956 2660 ad
974 2637 1152 2662 summam
1169 2637 1235 2662 ve-

278 2686 436 2723 niamus:
453 2684 517 2722 etsi
532 2685 628 2722 enim
644 2692 679 2721 tu
698 2684 842 2733 gentilis
862 2699 916 2730 es,
932 2684 1023 2722 lianc
1040 2694 1155 2723 tamen
1171 2699 1236 2723 no-

278 2757 388 2784 sti-ain
409 2746 602 2784 orationem
617 2745 800 2797 suscipies,
821 2746 934 2783 Audis
950 2760 1043 2798 saepe
1058 2748 1235 2799 Cocytos,

279 2818 312 2844 ct
329 2807 690 2859 Pyt-iplilegctliontas
707 2807 846 2852 fluvios,
859 2817 891 2845 et
907 2808 1032 2860 Stygis
1045 2807 1189 2855 undam,
1205 2817 1240 2846 ct

281 2870 475 2906 'sartarmn
505 2877 641 2906 tautum
667 2884 685 2906 a
710 2877 801 2907 terra
832 2868 1049 2914 distantem,
1065 2878 1238 2920 quantum

282 2930 355 2967 lua-c
371 2930 443 2982 ipsa
456 2929 565 2967 distat
578 2945 596 2966 a
611 2930 710 2976 (mlo,
725 2930 969 2982 plurimosque
980 2930 1239 2983 suppliciorum

283 2991 421 3029 modos.
438 2991 512 3029 Etsi
530 2991 623 3028 cuiun
644 2990 719 3029 liaffc
737 3001 774 3030 ut
787 3001 885 3030 crant
901 3006 1067 3030 enarrare
1086 3006 1231 3044 nonpo-

282 3061 425 3090 tueruut
443 3053 560 3091 Gra-ci
574 3082 583 3099 ‚
599 3062 719 3104 utpote
739 3054 895 3105 propriis
920 3054 1006 3091 inoti
1025 3053 1237 3100 ratiociniis,

283 3127 415 3151 necnon
438 3113 690 3151 traditionibus
711 3124 913 3152 nostrorum
938 3115 1029 3153 male
1055 3115 1209 3167 acceptis
1225 3145 1237 3161 ,

283 3183 436 3212 attamen
455 3174 644 3224 imaginem
659 3175 851 3225 quamdam
863 3175 990 3227 judicii
1011 3185 1234 3228 acceperunt.

330 3313 344 3332 ⁴
370 3314 442 3345 Duo
459 3313 536 3345 Min.
557 3319 653 3348 πάντα
671 3321 728 3351 tw,
744 3322 776 3345 ct
794 3315 841 3345 sic.
857 3314 959 3346 Savil.
981 3315 1012 3348 in
1031 3327 1136 3357 marg.

328 3376 340 3391 0
369 3365 474 3398 'idem
498 3369 543 3401 ἀπ’
564 3371 652 3409 αὐτῷ.
675 3366 764 3397 infra
784 3365 881 3398 ‘title-m
900 3375 994 3410 «ριχην
1013 3374 1059 3401 ναὶ
1078 3372 1164 3413 φίθον
1181 3370 1294 3405 eloim.

289 3423 352 3456 0213«
386 3418 396 3459 i
419 3419 524 3462 Supra
541 3419 619 3451 [ort.
635 3417 698 3461 leg.
717 3425 795 3452 ιατα
807 3419 906 3461 [ζοῦιΙ

701 219 741 250 8.
777 217 964 250 JOANms
999 215 1246 247 cnRYSOST.
1287 214 1495 247 utentur.
1533 215 1893 248 CONSTANTINOP-

1291 299 1427 349 ὁμιλεῖν
1459 299 1544 347 ἡδύς
1581 300 1652 339 Καὶ
1695 298 1779 339 ποία
1819 298 1908 350 μετὰ
1946 299 2120 346 τοσαύτης
2153 299 2322 352 αἰσχύνης

1292 359 1400 406 ἡδονὴ
1419 359 1545 411 γίνοιτ’
1576 361 1638 407 ἄη
1668 362 1836 401 Μάλιστα
1865 359 1900 399 δὲ
1932 360 2022 410 μηδὲ
2053 362 2202 399 ἐνταῦθα
2220 364 2323 399 τοῦτο

1291 420 1507 473 ἐξετάζωμεν
1537 421 1642 472 τέως,
1674 422 1763 474 μηδὲ
1793 421 1855 465 τὰς
1888 423 1928 460 ἐκ
1958 424 2028 460 τῶν
2060 423 2215 474 ἐραστῶν
2248 421 2321 472 μα’·

1296 496 1388 534 χας,
1426 482 1516 533 μηδὲ
1559 482 1637 527 τοὺς
1679 485 1718 522 ἐκ
1764 486 1834 521 τῶν
1872 485 2093 534 ἀντεραστῶν
2126 482 2324 534 πολέμους,

1297 543 1386 593 μηδὲ
1407 543 1470 587 τὰς
1498 544 1730 596 κατηγορίας·
1754 545 1833 583 ἀλλ’
1862 543 1953 582 ἔστω
1983 558 2036 587 τις
2058 545 2136 593 μετ’
2167 543 2325 588 ἐξουσίας

1297 604 1484 643 ἀπολαύων
1520 608 1584 651 τῆς
1617 606 1800 656 ἀσελγείας
1840 605 1998 651 ἐκείνης,
2039 604 2098 642 καὶ
2134 605 2224 654 μήτε
2256 607 2324 643 α’ν-

1296 666 1468 717 τεραστὴν
1518 666 1651 718 ἐχέτω,
1701 667 1790 717 μήτε
1841 663 2070 716 ὑπεροράσοω
2117 665 2215 716 παρὰ
2262 667 2328 711 τῆς

1297 727 1495 778 ἐρωμένης,
1513 729 1557 765 τα’
1593 743 1631 766 τε
1659 728 1831 780 χρήματα
1858 726 1980 777 ὥσπερ
2013 726 2054 764 ἐκ
2083 727 2208 775 πηγῶν
2237 726 2327 764 ἀνα-

1297 788 1476 836 λισκέτω,
1525 788 1639 828 καίτοι
1691 790 1845 838 οὐδαμοῦ
1899 791 2010 826 ταῦτα
2063 785 2329 837 συμὸεὸηκέναι

1298 848 1443 888 ι1πάντα
1474 851 1638 897 δυνατὸν,
1669 850 1760 888 ἀλλὰ
1794 850 1843 888 δεῖ
1877 848 1935 886 τὸν
1973 848 2037 898 μὲν
2072 847 2122 898 μὴ
2153 847 2329 898 μέλλοντα

1299 910 1392 963 ἔχειν
1433 911 1651 961 ἀντεραστὴν
1689 910 1753 956 τὴν
1797 910 1917 949 οὐσίαν
1953 911 2151 948 καταλῦσαι
2188 915 2329 956 πᾶσαν,

1299 973 1450 1010 νικῶντα
1479 975 1522 1023 τῇ
1559 972 1743 1024 φιλοτιμία
1775 971 1854 1015 τοὺς
1895 972 2021 1014 ἄλλους
2063 971 2239 1017 ἅπαντας,
2270 969 2330 1007 τὸν

1300 1032 1336 1070 δὲ
1367 1032 1416 1082 μὴ
1448 1033 1657 1084 βουλόμενον
1689 1036 1831 1084 ἀπορεῖν
1868 1035 2108 1085 ὑπερορᾶσθαι
2139 1030 2237 1084 παρὰ
2267 1033 2331 1078 τῆς

1299 1093 1429 1146 πόρνης
1466 1094 1526 1131 καὶ
1562 1092 1791 1132 διαπτύεσθαι
1822 1093 1939 1132 πάλιν.
1969 1093 2069 1139 Πλὴν
2099 1092 2191 1131 ἀλλὰ
2222 1093 2331 1143 μηδὲν

1301 1155 1391 1193 ἔστω
1425 1155 1571 1201 τούτων,
1605 1155 1697 1194 ἀλλὰ
1730 1154 1846 1194 πάντα
1881 1157 1975 1207 αὑτῷ
2009 1154 2100 1193 κατὰ
2135 1157 2214 1192 νοῦν
2242 1168 2332 1204 προ-

1300 1216 1481 1268 χωρείτω·
1520 1219 1586 1254 ποῦ
1627 1216 1691 1262 τὴν
1730 1218 1769 1255 ἐκ
1815 1215 1946 1255 τούτων
1990 1215 2117 1262 ἡδονὴν
2164 1214 2333 1259 ἐπιδεῖξαι

1302 1275 1394 1327 ἔχεις
1427 1279 1532 1325 ἧμῖν;
1565 1275 1659 1315 Οὐδὲ
1689 1275 1758 1328 γὰρ
1782 1280 1797 1296 ⁶
1825 1278 1860 1314 ἐν
1895 1278 1988 1327 αὐτῷ
2027 1278 2078 1328 τῷ
2109 1278 2173 1321 τῆς
2208 1273 2335 1323 μίξει-ις

1304 1337 1464 1388 φαίνεται
1483 1339 1618 1389 καιρῷ,
1643 1338 1720 1375 ἀλλ’
1753 1339 1771 1374 ὁ
1805 1337 1867 1386 μὲν
1897 1333 2088 1389 πληρώσας
2113 1335 2177 1383 τὴν
2208 1350 2331 1374 συνου-

1304 1398 1402 1444 σίαν,
1434 1398 1494 1436 καὶ
1518 1397 1582 1443 τὴν
1601 1397 1729 1444 ἡδονὴν
1749 1397 1914 1445 ἔσόεσεν,
1933 1400 1951 1435 ὁ
1979 1398 2016 1436 δὲ
2037 1400 2072 1436 ἐν
2091 1400 2134 1449 τῇ
2162 1395 2254 1447 μίξει
2272 1396 2337 1444 ὢν,

1303 1461 1365 1498 οὐκ
1397 1458 1490 1497 ἔστιν
1523 1460 1558 1496 ἐν
1591 1459 1718 1511 ἡδονῇ,
1747 1459 1824 1497 ἀλλ’
1857 1461 1892 1497 ἐν
1930 1458 2068 1512 θορύὸῳ
2100 1458 2163 1496 καὶ
2192 1460 2335 1510 ταραχῇ

1303 1518 1363 1559 καὶ
1390 1519 1518 1571 οἴστρῳ
1542 1518 1601 1557 καὶ
1631 1518 1739 1571 μανίᾳ
1770 1519 1830 1557 καὶ
1859 1518 1972 1571 κλόνῳ
2000 1520 2121 1570 πολλῷ
2152 1518 2212 1556 καὶ
2243 1520 2335 1570 βρα-

1304 1583 1398 1633 σμῷ.
1437 1579 1528 1619 Ἀλλ’
1566 1582 1631 1632 οὐχ
1661 1583 1682 1626 ἡ
1716 1582 1801 1633 παρ’
1831 1584 1916 1631 ἡμῖν
1947 1579 2055 1627 ἡδονὴ
2084 1579 2252 1627 τοιαύτη·
2283 1578 2334 1629 μὴ

1303 1641 1460 1694 γένοιτο·
1508 1641 1600 1679 ἀλλὰ
1641 1641 1830 1685 διαπαντὸς
1871 1641 2087 1693 ἀχείμαστον
2130 1646 2228 1692 τηρεῖ
2268 1640 2334 1687 τὴν

1303 1703 1442 1756 ψυχὴν,
1481 1702 1541 1741 καὶ
1574 1702 1718 1755 θόρυὸον
1747 1702 1891 1750 οὐδένα,
1923 1702 2001 1741 οὐδὲ
2035 1702 2156 1741 κλόνον
2184 1701 2332 1753 ἐπάγει,

1303 1765 1462 1816 καθαρὰν
1505 1765 1542 1803 δέ
1583 1780 1660 1802 τινα
1705 1765 1920 1817 εὐφροσύνην
1956 1765 2017 1802 καὶ
2061 1765 2231 1814 εἰλικρινῆ
2273 1763 2334 1801 καὶ

1303 1825 1435 1870 ἔνδοξον
1479 1826 1539 1863 καὶ
1573 1825 1670 1870 τέλος
1713 1829 1775 1864 οὐκ
1820 1827 1992 1879 ἔχουσαν,
2022 1823 2262 1877 δυνατωτέραν
2292 1839 2331 1862 τε

1304 1889 1423 1939 πολλῷ
1454 1887 1514 1924 καὶ
1544 1888 1777 1939 σφοδροτέραν
1813 1891 1877 1934 τῆς
1907 1888 1990 1939 παρ’
2021 1891 2116 1937 ὑμῖν.
2142 1885 2230 1925 Ὀτι
2263 1885 2332 1938 γὰρ

1302 1948 1410 1996 ἡδίων
1449 1947 1537 1996 αὕτη
1573 1951 1595 1995 ἡ
1631 1948 1761 1995 ἡδονὴ,
1799 1948 1862 1995 τὴν
1903 1947 1964 2000 μὲν
2007 1946 2179 2000 ὑμετέραν
2213 1946 2332 1990 ἱκανὸς

1303 2011 1503 2056 ἀποστῆσαι
1544 2010 1670 2062 φόὸος·
1712 2010 1777 2048 κᾶν
1818 2010 1887 2063 γὰρ
1932 2009 2094 2061 βασιλεὺς
2135 2008 2333 2061 γράμματα

1303 2070 1520 2124 καταπέμψῃ
1565 2071 1712 2110 Θάνατον
1758 2073 1992 2117 ἀπειλοῦντα,
2031 2071 2071 2109 τὸ
2108 2070 2213 2110 πλέον
2262 2070 2331 2107 τῶν

1303 2133 1495 2185 ἀνθρώπων
1525 2132 1736 2179 ἐκστήσεται
1762 2132 1891 2179 ταύτης
1915 2135 1977 2178 τῆς
2007 2129 2334 2178 ήδονῆς·“ἐκεῖνης

1303 2193 1361 2242 δὲ,
1388 2194 1452 2233 κᾶν
1485 2193 1628 2246 μυρίους
1661 2194 1828 2237 Θανάτους
1857 2210 1910 2237 τις
1942 2194 2112 2245 ἐπιφέρῃ,
2142 2195 2181 2232 οὐ
2218 2191 2333 2231 πείσει

1304 2262 1557 2307 καταφρονεῖν,
1584 2255 1674 2294 ἀλλὰ
1694 2256 1754 2293 καὶ
1779 2255 2036 2307 γελασΟησεται
2063 2255 2213 2305 μᾶλλον·
2241 2252 2334 2292 οὕτω

1303 2317 1584 2369 τυραννικωτέρα
1620 2333 1658 2355 τε
1695 2316 1784 2363 αὕτη
1824 2317 1918 2355 ἐστὶν
1957 2317 2091 2362 ἐκείνης
2124 2316 2184 2354 καὶ
2211 2315 2336 2362 ἡδίων,

1305 2379 1365 2417 καὶ
1397 2379 1467 2416 οὐδ’
1500 2378 1540 2415 ἂν
1571 2378 1752 2431 σύγκρισιν
1777 2377 1793 2397 ⁶
1811 2378 1947 2422 δέξαιτο
1978 2378 2064 2428 πρὸς
2091 2376 2240 2423 ἐκείνην.
2271 2375 2334 2423 Μὴ

1307 2441 1348 2487 δὴ
1371 2440 1551 2492 βασκήνῃς
1580 2443 1630 2491 τῷ
1651 2440 1770 2486 παιδὶ,
1801 2440 1872 2478 ἀπὸ
1898 2443 1967 2478 τῶν
1995 2439 2142 2491 ῥεόντων
2172 2439 2335 2489 ἀγαθῶν,

1307 2503 1439 2551 μᾶλλον
1472 2501 1508 2539 δὲ
1544 2501 1622 2539 οὐδὲ
1653 2501 1783 2548 ὄντων,
1815 2502 1874 2540 ἐπὶ
1904 2501 1948 2539 τὰ
1978 2501 2061 2539 ὄντα
2091 2500 2153 2539 καὶ
2185 2499 2335 2550 μένοντα

1307 2563 1538 2607 διαὸαίνοντι,
1575 2561 1663 2612 μηδὲ
1694 2563 1812 2614 θρήνει
1844 2564 1901 2601 τὸν
1934 2561 2188 2613 μακαρίζεσθαι
2216 2559 2335 2606 ἀξιον,

1308 2625 1386 2661 ἀλλ’
1427 2623 1458 2661 εἴ
1488 2638 1540 2666 τις
1581 2623 1630 2672 μὴ
1666 2628 1816 2667 τοιοῦτος
1848 2622 2007 2673 καθάπερ
2038 2623 2073 2659 ἐν
2113 2621 2244 2672 εὗρίπῳ
2282 2622 2335 2672 τῷ

1308 2686 1454 2736 παρόντι
1485 2684 1550 2736 βίῳ
1579 2684 1777 2736 φερόμενος.
1814 2684 1883 2722 Καὶ
1919 2684 1958 2722 τὸ
1990 2682 2032 2730 δὴ
2062 2682 2271 2734 κεφάλαιον·
2303 2682 2335 2719 εἰ

1308 2746 1377 2798 γὰρ
1404 2746 1463 2784 καὶ
1491 2745 1635 2789 ἄπιστος
1661 2745 1702 2783 σὺ
1729 2745 1787 2783 καὶ
1816 2743 1966 2791 Ἕλλην,
1993 2743 2090 2794 ὅμως
2121 2742 2185 2781 κᾶν
2214 2745 2337 2782 τοῦτον

1309 2806 1488 2859 παραδέξῃ
1531 2807 1587 2844 τὸν
1627 2806 1743 2856 λόγον.
1791 2805 1939 2848 Ἀκούεις
1978 2802 2160 2848 Κωκυτοὺς
2197 2803 2336 2847 πάντως

1311 2868 1371 2906 καὶ
1405 2867 1724 2919 Πυριφλεγέθοντας
1751 2865 1947 2915 ποταμοὺς,
1977 2866 2036 2903 καὶ
2065 2866 2198 2915 Στυγὸς
2224 2864 2338 2918 ὕδωρ,

1312 2929 1372 2968 καὶ
1407 2929 1592 2981 Τάρταρον
1627 2932 1788 2967 τοσοῦτον
1828 2929 2006 2979 ἀπέχοντα
2040 2929 2102 2972 τῆς
2139 2929 2223 2979 γῆς,
2255 2925 2337 2966 ὅσον

1313 2991 1399 3038 αὕτη
1431 2995 1490 3029 τοῦ
1521 2993 1681 3042 οὐρανοῦ,
1715 2991 1773 3028 καὶ
1804 2989 1949 3032 πολλοὺς
1978 2989 2154 3028 κολάσεων
2173 2988 2337 3041 τρόπους.

1314 3054 1357 3091 Et
1390 3052 1458 3104 γὰρ
1486 3052 1546 3090 καὶ
1583 3051 1674 3102 μετὰ
1705 3050 1892 3097 ἀληθείας,
1925 3054 1971 3093 ὡς
2007 3050 2101 3101 ἔχει,
2136 3053 2246 3087 ταῦτα
2285 3049 2333 3087 εἶ·

1313 3121 1390 3152 πεῖν
1422 3115 1484 3151 οὐκ
1509 3113 1729 3160 ἠδυνήθησαν
1750 3111 1941 3157 Ἵίλληνες,
1971 3111 2030 3149 ἅτε
2061 3112 2130 3149 ἀπὸ
2158 3111 2337 3161 λογισμῶν

1313 3175 1511 3222 κινηθέντις
1543 3175 1603 3213 καὶ
1644 3174 1951 3227 παρακουσμάτων
1994 3175 2063 3210 τῶν
2107 3173 2191 3223 παρ’
2233 3173 2340 3221 ἡμῖν,

1372 3325 1386 3339 ·
1413 3313 1519 3347 tiele-m
1535 3320 1644 3352 ἰιιίνην
1661 3318 1703 3347 Ed.

1375 3369 1391 3391 Ι·
1418 3366 1531 3400 Morel.
1561 3368 1685 3410 [quein
1718 3366 1915 3410 sequebatur
1942 3366 2062 3400 Montl'.
2085 3365 2093 3411 Ι
2119 3369 2253 3407 Electa«,
2284 3364 2338 3398 fll'ti

1333 3423 1462 3458 attam.
