2549 3825
692 261 921 292 ADVERSUS
957 260 1311 291 OPPUGNATORES
1350 259 1461 288 VtTAE
1498 259 1695 288 MONAST.
1739 257 1824 286 Ltss.
1864 255 1929 285 111.
2225 236 2311 281 115

273 347 305 387 οἳ
333 346 395 398 μὲν
411 347 446 384 ἐν
469 344 639 396 εὐημερίᾳ
654 372 663 386 ,
688 346 719 382 οἱ
738 342 775 382 δὲ
799 344 835 381 ἐν
861 342 1024 394 ἐσχάτοις
1049 348 1169 384 κακοῖς
1185 370 1196 388 ,
1215 342 1292 378 ἀλλ’

271 408 422 450 ἅπαντες
449 408 484 444 ἐν
518 405 637 456 εἰρήνῃ
672 410 738 456 μιᾷ
767 404 827 441 καὶ
851 408 949 454 χαρᾷ
977 403 1037 440 καὶ
1069 401 1170 453 δόξῃ,
1203 400 1292 439 οὕτω

271 467 313 514 δὴ
334 466 394 506 καὶ
417 468 567 505 ἐνταῦθα
583 479 590 486 ·
611 464 720 507 οὐδεὶς
746 463 904 508 ὀνειδίζει
933 462 1052 500 πενίαν
1066 492 1076 510 ,
1097 461 1207 504 οὐδεὶς
1233 461 1291 499 ἐπὶ

268 528 408 580 πλούτῳ
439 526 664 577 σεμνύνεται·
694 525 734 562 τὸ
765 525 823 563 σὸν
856 525 916 562 καὶ
937 524 977 561 τὸ
996 524 1100 574 ἐμὸν,
1125 528 1227 561 τοῦτο
1246 522 1287 569 δὴ

269 589 309 627 τὸ
335 589 451 628 πάντα
476 585 669 639 ἀνατρέπον
700 586 761 624 καὶ
793 585 956 637 θορυὸοῧν
991 584 1200 637 ἓξώρισται·
1229 583 1290 621 καὶ

267 649 383 688 πάντα
417 650 533 691 αὐτοῖς
566 647 686 694 κοινὰ,
706 646 766 685 καὶ
792 646 947 699 τράπεζα
979 646 1040 684 καὶ
1069 644 1203 691 οἴκησις
1230 644 1290 682 καὶ

269 710 406 761 ἱμάτια.
420 710 492 749 Καὶ
508 709 543 747 τί
564 708 764 759 θαυμαστὸν
777 734 788 754 ,
807 708 892 746 ὅπου
912 724 952 758 γε
970 707 1030 745 καὶ
1047 706 1134 753 αὐτὴ
1150 709 1172 753 ἡ
1192 705 1289 758 ψυχὴ

269 772 333 822 μία
357 778 445 810 πᾶσι
464 771 523 808 καὶ
545 773 568 817 ἡ
590 770 678 816 αὐτή
693 785 702 817 ;
719 769 856 812 Πάντες
883 769 947 815 τὴν
976 767 1085 815 αὐτὴν
1116 767 1289 815 εὐγένειάν

1365 339 1465 377 nulla
1485 348 1536 377 est
1548 339 1782 390 inaequalitas,
1797 350 1911 388 neque
1923 335 1984 373 alii
1998 346 2181 386 prospere,
2200 333 2260 370 alii
2282 334 2317 370 in

1364 400 1532 438 extremis
1548 400 1652 437 malis
1670 408 1872 443 versantur,
1888 396 1948 434 sed
1958 408 2079 433 omnes
2089 394 2124 431 in
2137 407 2206 431 una
2217 407 2316 445 pace,

1363 460 1488 497 taetitia
1502 469 1536 498 et
1554 461 1667 511 gloria
1683 490 1693 507 ,
1714 460 1765 497 sic
1784 468 1818 496 et
1835 457 1891 495 his
1911 457 1948 494 in
1968 455 2058 494 locis
2071 470 2083 504 ;
2104 468 2208 492 nemo
2222 467 2318 505 pau-

1362 529 1533 572 pertatem
1545 521 1751 572 exprobrat,
1771 532 1873 556 ncmo
1889 517 1933 555 de
1959 516 2097 554 divitiis
2110 515 2285 566 gloriatur
2305 528 2314 552 :

1364 594 1486 618 meum
1503 590 1536 619 et
1562 589 1665 618 tuum
1689 579 1803 626 illud,
1826 578 1922 629 quod
1943 577 2061 615 omnia
2081 576 2259 614 subvertit
2285 585 2320 613 et

1362 642 1709 694 perturbat,penitus
1721 640 1856 679 exulat.
1867 639 1997 676 Omnia
2015 638 2101 689 ipsis
2114 637 2319 675 communia

1362 711 1457 750 sunt,
1484 716 1623 750 mensa,
1652 700 1900 746 domicilium,
1928 698 2149 736 vestimenta.
2173 697 2320 748 Ecquid

1361 762 1510 810 mirum,
1525 762 1667 813 quando
1683 763 1758 814 ipsa
1769 760 1888 799 anima
1908 773 1980 797 una
1992 758 2186 808 eademque
2200 759 2317 796 omni-

268 835 354 871 εἰσιν
374 833 539 883 εὐγενεῖς,
553 830 618 877 τὴν
639 830 748 877 αὐτὴν
762 831 916 868 δουλείαν
937 831 1074 875 δοῦλοι,
1093 828 1157 875 τὴν
1180 828 1288 876 αὐτὴν
1313 834 1336 864 Β
1361 824 1430 861 bus
1449 833 1498 861 est
1511 825 1529 861 Ρ
1549 825 1682 861 Omnes
1701 822 1823 861 eadem
1841 829 1925 859 sunt
1945 820 2131 857 nobilitate
2150 818 2287 856 nobiles
2301 848 2313 865 ‚

267 893 461 944 ἐλευθερίαν
479 892 673 944 ἐλεύθεροι·
697 886 745 934 εἷς
763 893 835 928 ἐκεῖ
853 892 1001 934 πλοῦτος
1020 897 1127 929 πᾶσιν
1147 893 1165 928 ὁ
1184 890 1293 934 ὄντως

267 956 427 1001 πλοῦτος,
447 953 511 1004 μία
537 952 620 997 δόξα
638 955 660 999 ἡ
685 952 792 996 ὄντως
812 951 894 995 δόξα
913 967 921 975 ·
942 954 980 990 οὐ
1000 951 1069 1004 γὰρ
1102 953 1138 989 ἐν
1162 951 1293 1001 ὀνόμα-

268 1031 320 1053 σιν
332 1044 342 1062 ,
357 1016 433 1053 ἀλλ’
447 1017 482 1053 ἐν
499 1013 704 1067 πράγμασιν
726 1015 841 1055 αὐτοῖς
860 1012 905 1051 τὰ
925 1013 1039 1063 ἀγαθά
1055 1026 1062 1034 ·
1083 1012 1147 1063 μία
1165 1011 1289 1058 ἡδονὴ,

269 1077 333 1128 μία
363 1075 555 1127 ἐπιθυμία,
585 1074 650 1125 μία
681 1075 780 1117 ἐλπὶς
809 1080 917 1122 πᾶσι,
942 1074 1003 1112 καὶ
1033 1073 1194 1126 καθάπερ
1220 1073 1292 1110 ἀπὸ

270 1137 413 1180 κανόνος
443 1137 535 1180 τινος
573 1136 634 1174 καὶ
670 1136 829 1185 στάθμης
862 1136 1003 1174 ἅπαντα
1039 1135 1291 1187 διηκρίὸωται,

268 1199 329 1237 καὶ
348 1198 536 1249 ἀνωμαλία
558 1198 620 1250 μὲν
636 1197 783 1248 οὐδεμία
795 1227 806 1246 ,
820 1196 917 1241 τάξις
943 1197 979 1236 δὲ
995 1197 1056 1236 καὶ
1075 1198 1203 1250 ῥυθμὸς
1235 1197 1296 1236 καὶ

270 1260 421 1312 ἁρμονία
442 1260 502 1298 καὶ
529 1258 643 1305 πολλὴ
663 1261 726 1304 τῆς
744 1258 949 1311 συμφωνίας
982 1263 1003 1306 ἡ
1025 1258 1189 1310 ἀκρίὸεια
1206 1289 1215 1303 ,
1237 1259 1297 1297 καὶ

271 1321 432 1369 διηνεκὴς
448 1320 613 1371 εὐθυμίας
628 1321 801 1363 ὑπόθεσις.
821 1319 886 1358 Διὸ
899 1320 1028 1362 πάντες
1045 1320 1163 1358 πάντα
1179 1325 1297 1358 ποιοῦ-

273 1398 310 1420 σι
336 1382 396 1420 καὶ
414 1382 633 1434 πάσχουσιν,
663 1381 720 1419 ἵνα
739 1380 914 1431 εὐθυμῶσί
945 1397 983 1419 τε
1016 1381 1075 1418 καὶ
1104 1380 1290 1432 χαίρωσιν.

275 1444 375 1481 Ἐκεῖ
404 1442 472 1494 γὰρ
504 1442 608 1493 μόνον
641 1447 743 1480 τοῦτο
771 1444 932 1493 καθαρῶς
969 1441 1163 1491 συμὸαῖνόν
1198 1443 1293 1480 ἐστιν

273 1506 378 1552 ἰδεῖν,
399 1505 520 1543 ἄλλοθι
550 1503 585 1541 δὲ
609 1504 781 1552 οὐδαμοῦ,
799 1504 836 1540 οὖ
869 1503 971 1553 μόνον
989 1505 1040 1555 τῷ
1066 1506 1135 1541 τῶν
1157 1503 1294 1554 παρόν-

274 1581 343 1603 των
364 1568 537 1617 ὗπερορᾷν
552 1593 562 1611 ,
583 1564 643 1602 καὶ
671 1571 789 1602 πᾶσαν
825 1564 1033 1615 ἐκκεκόφθαι
1054 1564 1208 1607 στάσεως
1237 1565 1296 1602 καὶ

1363 885 1488 923 eadem
1519 886 1693 923 servitute
1727 883 1819 922 servi
1835 912 1846 930 ‚
1864 883 1986 920 eadem
2007 881 2171 919 libertate
2200 879 2318 917 liberi.

1364 948 1454 985 Unae
1462 946 1713 985 illicomnibus
1728 944 1878 989 divifiae,
1889 957 1968 994 quae
1978 956 2060 981 vere
2072 940 2210 979 divitiae
2219 949 2317 978 sunt:

1364 1023 1434 1047 una
1450 1008 1578 1060 gloria,
1593 1021 1671 1058 quae
1687 1020 1768 1044 vere
1779 1005 1890 1057 gloria
1908 1020 1916 1041 ε
1937 1017 2007 1041 non
2033 1002 2126 1040 enim
2149 1003 2293 1039 nomine
2309 1031 2319 1048 ‚

1365 1070 1428 1108 sed
1446 1085 1484 1108 re
1498 1070 1590 1108 bona
1603 1076 1722 1106 tenent
1733 1083 1744 1117 3
1762 1081 1831 1104 una
1851 1065 2157 1116 voluptas,unum
2175 1062 2320 1101 deside-

1365 1132 1476 1179 rium,
1492 1145 1564 1169 una
1579 1144 1660 1183 spes
1678 1128 1846 1167 omnibus
1863 1140 1871 1164 ε
1891 1140 1933 1164 ac
1954 1124 2054 1177 quasi
2067 1123 2224 1175 quadam
2243 1137 2323 1161 nor-

1366 1207 1425 1230 ma
1449 1202 1483 1230 et
1504 1191 1597 1229 libra
1631 1190 1749 1228 omnia
1767 1196 1932 1226 accurate
1951 1185 2179 1225 ordinantur.
2210 1184 2321 1222 Nulla

1366 1252 1603 1304 inaequalitas,
1623 1250 1683 1289 sed
1700 1249 1803 1297 ordo,
1822 1247 2052 1293 concinnitas,
2065 1245 2267 1295 harmonia,
2288 1254 2322 1283 et

1367 1315 1479 1352 multa
1495 1312 1692 1352 concordiae
1708 1310 1893 1349 servandae
1911 1309 2113 1360 diligentia,
2134 1316 2323 1359 perpetua-

1366 1389 1434 1426 que
1453 1374 1585 1412 laetitiae
1601 1373 1762 1411 materia.
1785 1370 2029 1417 Quamobrem
2054 1382 2175 1406 omnes
2202 1368 2324 1406 omnia

1365 1436 1499 1474 faciunt
1532 1443 1566 1472 et
1592 1433 1798 1486 patiuntur,
1819 1440 1857 1468 ut
1879 1430 2042 1467 laetentur
2059 1438 2092 1466 et
2126 1427 2318 1479 gaudeant.

1365 1496 1450 1534 Illic
1464 1496 1559 1533 enim
1577 1494 1694 1532 solum
1716 1492 1838 1530 videas
1853 1491 1928 1527 haec
1939 1490 2089 1542 perfecte
2103 1488 2320 1539 contingere,

1366 1571 1538 1607 nusquam
1550 1555 1637 1593 alibi
1652 1570 1659 1590 :
1674 1568 1743 1591 non
1764 1551 1869 1590 modo
1888 1550 1987 1601 quod
2000 1549 2185 1602 praesentia
2200 1549 2322 1586 omnia

272 1625 390 1676 μάχης
407 1625 568 1663 ὑπόθεσιν
584 1654 594 1671 ,
615 1624 675 1661 καὶ
694 1624 860 1676 λαμπρὰς
880 1626 995 1668 αὐτοῖς
1014 1618 1101 1662 εἶναι
1121 1625 1201 1677 περὶ
1222 1627 1290 1662 τῶν
1318 1630 1341 1660 c
1367 1625 1592 1655 contemnant
1608 1645 1619 1662 ,
1645 1625 1754 1665 atque
1781 1626 1923 1651 omnem
1948 1612 2036 1648 rixae
2070 1624 2110 1648 ac
2130 1609 2323 1648 discordias

272 1685 468 1736 μελλόντων
498 1685 562 1728 τὰς
588 1684 750 1730 ἐλπίδας,
778 1684 870 1723 ἀλλὰ
896 1685 957 1723 καὶ
988 1689 1039 1738 τῷ
1066 1685 1110 1723 τὰ
1138 1686 1296 1736 συμῧαί-

270 1762 373 1785 νοντα
392 1746 530 1799 ἑκάστῳ
558 1745 700 1798 λυπηρὰ
724 1745 782 1784 καὶ
802 1745 950 1798 χρηστα
971 1746 1071 1785 κοινὰ
1088 1747 1227 1785 πάντων
1249 1740 1298 1785 εἶ-

270 1825 326 1847 ναι
345 1808 510 1859 νομίζειν.
532 1805 583 1845 Ἥ
603 1823 639 1844 τε
671 1807 739 1859 γὰρ
764 1807 895 1858 ἀθυμία
929 1808 1135 1860 ἀφανίζεται
1156 1808 1295 1861 ῥᾴδιον,

271 1869 450 1921 ἀναλόγως
465 1871 514 1921 τῷ
531 1868 580 1906 ἑνὶ
599 1868 897 1920 συνδιαφερόντων
909 1869 950 1908 τὸ
964 1870 1100 1922 φορτίον
1118 1869 1294 1920 ἁπάντων,

270 1934 332 1977 τῆς
345 1946 383 1968 τε
405 1929 569 1980 εὐθυμίας
587 1933 602 1950 ³
618 1929 752 1973 πολλὰς
772 1930 892 1982 ἔχουσι
916 1930 979 1974 τὰς
1011 1931 1192 1974 ὑποθέσεις
1204 1961 1213 1978 ,
1230 1933 1292 1969 οὐκ

271 1992 329 2031 ἐπὶ
358 1998 429 2035 τοῖς
449 1994 580 2029 ἑαυτῶν
613 1990 729 2041 μόνοις
750 1991 1014 2043 εὐφραινόμενοι
1044 1995 1183 2040 καλοῖς,
1205 1992 1295 2030 ἀλλὰ

271 2053 330 2092 καὶ
349 2054 406 2092 ἐπὶ
424 2057 495 2097 τοῖς
516 2051 679 2098 ἀλλήλων
709 2055 773 2105 οὐχ
793 2048 897 2100 ἧττον
911 2083 919 2099 ,
938 2052 960 2099 ἢ
982 2053 1039 2092 ἐπὶ
1057 2060 1128 2097 τοῖς
1149 2056 1295 2092 ἑαυτῶν.

271 2116 355 2159 Πῶς
374 2108 430 2153 οῧν
458 2117 544 2164 ἡμῖν
576 2113 759 2165 οἰχήσεται
784 2115 828 2152 τὰ
859 2114 1074 2166 πράγματα,
1096 2114 1136 2152 ἂν
1156 2114 1296 2158 τούτους

271 2175 398 2219 πάντες
420 2174 654 2225 ζηλώσωμεν;
676 2176 748 2213 Νῦν
765 2175 831 2227 γὰρ
859 2176 993 2228 οἴχεται
1014 2175 1074 2214 καὶ
1093 2175 1295 2228 διέφθαρται

271 2237 329 2276 διὰ
347 2236 425 2280 τοὺς
457 2236 577 2290 πόρῥω
595 2241 657 2284 τῆς
679 2236 883 2280 ι’πολιτείας
901 2237 1031 2283 ταύτης
1058 2237 1291 2288 ἠσκημένους.

271 2298 322 2337 Σὺ
358 2298 394 2336 δὲ
421 2297 590 2336 τάναντία
621 2298 854 2350 ψηφιζόμενος
885 2298 992 2336 ταύτὸ
1024 2304 1154 2345 ποιεῖς,
1175 2298 1293 2349 ὥσπερ

1367 1679 1554 1716 materiam
1573 1676 1803 1722 absciderint,
1824 1672 2086 1727 splendidaque
2117 1672 2324 1709 futurorum

1366 1753 1428 1791 spe
1457 1738 1538 1776 fulti
1555 1738 1645 1786 sint,
1665 1736 1727 1775 sed
1747 1737 1852 1773 etiam
1873 1734 1968 1786 quod
2003 1747 2043 1771 ea
2069 1746 2148 1784 quae
2170 1732 2324 1783 singulis

1366 1799 1555 1847 accidunt,
1577 1813 1637 1837 scu
1667 1797 1781 1835 tristia
1814 1810 1875 1834 sen
1910 1796 2014 1842 bona,
2036 1793 2203 1832 omnihus
2221 1807 2323 1831 com-

1367 1862 1490 1900 munia
1506 1875 1579 1899 esse
1598 1868 1779 1913 putentur.
1798 1859 1930 1896 Moeror
1949 1856 2084 1907 quippe
2098 1854 2238 1893 facilius
2252 1854 2324 1892 tol-

1365 1925 1465 1972 litur,
1476 1938 1556 1962 cum
1568 1921 1796 1975 proportione
1806 1918 1958 1969 quadem
1969 1931 2088 1955 omncs
2100 1916 2324 1967 singulorum

1368 1993 1586 2038 comportent
1618 1996 1723 2021 onera
1746 1997 1753 2018 :
1772 1980 1904 2018 laetitiae
1923 1993 2008 2016 vero
2031 1978 2162 2015 multas
2190 1977 2322 2015 habent

1366 2047 1579 2094 occasiones,
1603 2058 1672 2082 non
1692 2043 1737 2081 de
1758 2042 1833 2080 suis
1847 2040 1952 2079 modo
1969 2037 2176 2085 commodis,
2197 2038 2258 2075 sed
2276 2037 2322 2076 de

1366 2109 1519 2146 aliorum
1536 2119 1688 2158 quoque,
1708 2117 1777 2141 non
1799 2102 2048 2151 minus,quam
2067 2098 2111 2137 de
2126 2099 2214 2140 suis,
2233 2111 2321 2150 gau-

1365 2169 1499 2208 dentes,
1515 2168 1630 2214 Quem
1645 2167 1755 2218 igitur
1769 2163 1906 2202 exitum
1920 2161 2102 2199 habebunt
2114 2174 2169 2198 res
2179 2168 2319 2202 nostae,

1366 2230 1395 2268 si
1414 2230 1533 2268 cuncti
1556 2229 1620 2266 hos
1638 2225 1847 2265 imitemur?
1865 2225 1970 2262 Nunc
1987 2222 2079 2260 enim
2100 2229 2246 2274 propter
2261 2235 2319 2260 eos

1364 2291 1545 2344 perierunt
1566 2304 1606 2328 ac
1621 2297 1786 2339 corrupta
1806 2294 1902 2330 sunt,
1920 2284 1984 2335 qui
2001 2283 2106 2334 longe
2124 2283 2169 2320 ab
2187 2283 2254 2320 hoc
2271 2283 2320 2320 vi-

272 2359 312 2397 ἃν
346 2358 379 2396 εἴ
409 2373 462 2402 τις
486 2359 546 2396 καὶ
572 2359 679 2409 λύραν
713 2358 774 2408 μὲν
802 2359 956 2409 ἀκριίῶς
987 2360 1214 2409 ἡρμοσμένην
1248 2363 1294 2402 ὡς
1317 2379 1341 2407 D
1367 2362 1409 2390 tae
1423 2352 1585 2390 instituto
1597 2358 1798 2388 versantur.
1817 2348 1874 2385 Tu
1893 2345 2079 2383 verodom
2092 2343 2319 2382 contariade-

271 2420 448 2472 ἄχρηστον
479 2419 682 2467 διαὸάλλοι,
701 2419 765 2466 τὴν
787 2419 950 2463 ἐναντίως
983 2420 1020 2457 δὲ
1041 2420 1189 2472 ἔχουσαν
1204 2451 1214 2467 ,
1235 2422 1295 2458 καὶ

272 2480 431 2520 ἐπιτάσει
460 2479 520 2518 καὶ
553 2480 666 2519 ἀνέσει
692 2480 947 2532 διεφθαρμένην
979 2480 1141 2533 ἀμέτρῳ,
1162 2480 1293 2528 ταύτην

272 2543 473 2592 ἐπιτηδείαν
494 2538 582 2582 εἶναι
604 2543 664 2582 καὶ
692 2544 778 2595 πρὸς
797 2541 982 2596 κρούματα
1015 2543 1075 2581 καὶ
1101 2544 1187 2594 πρὸς
1211 2544 1294 2596 τέρ-

271 2607 330 2658 ψιν
362 2605 458 2657 λέγοι
487 2608 556 2644 τῶν
581 2608 725 2643 θεατῶν.
748 2604 847 2642 Ἀλλ’
869 2605 964 2643 οὐδὲν
988 2605 1066 2642 οὔτε
1088 2607 1150 2650 τῆς
1182 2606 1294 2655 ἀμου-

274 2666 352 2710 σίας
369 2670 429 2706 τοῦ
447 2671 559 2705 ταῦτα
571 2666 731 2717 λέγοντος
751 2666 865 2719 ἕτερον
886 2667 1008 2704 τούτου
1030 2669 1144 2716 μεῖζον
1164 2666 1298 2715 τεκμή-

273 2741 344 2777 ριον
363 2727 582 2778 ἐζητήσαμεν
605 2727 666 2774 ἂν,
688 2726 765 2766 οὔτε
783 2730 845 2773 τῆς
874 2727 1068 2778 βασκανίας
1087 2727 1147 2765 καὶ
1168 2742 1294 2778 μισαν-

272 2788 426 2836 θρωπίας
452 2790 522 2826 τῶν
546 2788 591 2827 τὰ
615 2792 759 2827 τοιαῦτα
779 2788 1025 2839 ψηφιζομένων
1047 2789 1197 2838 ‘aalma
1227 2803 1295 2826 σα-

271 2848 434 2902 φέστερον
455 2849 552 2888 ἄλλο.
574 2850 686 2888 Ἀλλὰ
721 2849 771 2892 τίς
787 2851 804 2886 ὃ
824 2852 892 2887 τῶν
914 2849 1179 2900 ἐπιεικεστέρων
1198 2849 1295 2898 λόγος

270 2910 448 2962 πατέρων;
470 2909 703 2954 Μαθέτωσαν,
717 2910 802 2963 φησὶ
814 2941 822 2958 ,
835 2910 1031 2963 γράμματα
1045 2911 1227 2962 πρότερον,
1237 2911 1295 2948 καὶ

270 2969 334 3017 τὴν
348 2974 416 3009 τῶν
435 2971 546 3022 λόγων
565 2971 822 3024 προσλαὸόντες
842 2972 1000 3022 δύναμιν,
1020 2971 1129 3014 οὕτως
1154 2972 1210 3010 ἐπὶ
1230 2972 1292 3016 τὴν

271 3031 474 3083 φιλοσοφίαν
488 3031 687 3083 ἀγέσθωσαν
699 3031 829 3079 ταύτην
845 3045 852 3054 ‘
866 3032 944 3070 τότε
955 3035 972 3070 ὁ
988 3032 1156 3070 κωλύσων
1171 3032 1291 3074 οὐδείς.

272 3090 340 3128 Καὶ
362 3091 465 3130 πόθεν
485 3092 588 3138 δῆλον
609 3092 663 3130 ὅτι
681 3092 822 3136 πάντως
842 3094 889 3136 εἷς
910 3093 1037 3144 ἄνδρας
1062 3092 1292 3139 ε’κὸήσονταις

1365 2414 1493 2459 cernis,
1515 2412 1672 2463 idipsum
1691 2410 1789 2455 facis,
1809 2422 1849 2445 ac
1870 2408 1897 2444 si
1917 2406 1998 2457 quis
2014 2406 2129 2457 lyram
2149 2405 2319 2442 concinne

1365 2484 1521 2528 aptatam
1542 2473 1643 2524 quasi
1663 2471 1825 2509 inutilem
1842 2469 2060 2520 reprobaret,
2081 2481 2180 2504 secus
2195 2466 2317 2518 dispo·

1365 2538 1480 2584 titam,
1501 2535 1558 2572 vel
1574 2533 1779 2574 intentione,
1798 2530 1853 2567 vel
1868 2529 2073 2566 remissione
2090 2527 2198 2564 nimia
2217 2526 2318 2564 labe-

1366 2600 1546 2640 factatam,
1564 2595 1727 2633 idoneam
1747 2591 1879 2628 diceret
1900 2590 1947 2627 ad
1967 2588 2203 2640 pulsationem
2219 2596 2252 2624 et
2274 2586 2318 2625 ad

1365 2668 1603 2713 spectatorum
1616 2655 1849 2705 voluptatem.
1861 2654 1901 2688 At
1917 2649 2082 2700 nequead
2097 2648 2240 2686 musica·
2255 2649 2319 2687 im·

1367 2720 1528 2774 peritiam
1551 2718 1626 2755 haec
1647 2715 1797 2753 dicentis
1817 2711 1916 2750 atiud
1936 2712 2050 2761 majus
2067 2719 2317 2760 argumentum

1366 2794 1614 2834 quaereremus,
1626 2790 1737 2828 neque
1751 2775 1794 2812 ad
1812 2775 1960 2811 livorem
1975 2782 2007 2809 et
2024 2770 2318 2808 inhumanitatem

1367 2844 1535 2886 illorum,
1566 2840 1626 2890 qui
1663 2839 1709 2874 itu
1735 2836 1946 2878 decernunt,
1967 2832 2317 2871 commonstrandum

1366 2905 1506 2954 signnm
1527 2900 1627 2938 atiud
1651 2899 1781 2936 clarius
1802 2896 2050 2948 proferremus.
2072 2895 2097 2930 Y
2108 2908 2207 2930 erum
2229 2892 2318 2944 quid

1366 2966 1488 3002 dicunt
1509 2972 1623 3014 patres
1649 2960 1700 2996 illi
1727 2958 1787 3008 qui
1808 2956 2043 2995 moderatiore
2064 2955 2182 2991 :inimo
2202 2964 2283 2991 sunt
2299 2953 2318 2990 i'

1321 3034 1342 3062 t··.
1372 3027 1530 3067 Discunt,
1552 3023 1666 3062 aiunt.
1693 3019 1848 3071 priunum
1875 3017 2008 3056 literas.
2027 3025 2130 3065 utque
2145 3028 2225 3052 eum
2247 3014 2320 3052 illis

1369 3087 1478 3139 probe
1510 3081 1636 3122 imbuti
1658 3080 1808 3123 fuerint,
1836 3087 1919 3115 tune
1940 3075 2204 3128 philosophiam
2229 3074 2321 3112 hanc

317 3223 330 3237 ι
356 3214 428 3245 Duo
444 3213 520 3248 Mss.
539 3218 652 3251 πολλὰς
667 3218 787 3257 ὶχοὺσης
810 3220 864 3252 τὰς
887 3217 1045 3253 ὑποθέσεις.
1067 3213 1182 3246 Moret.
1206 3217 1282 3247 πολ·
1318 3211 1385 3243 ιΙιιυ
1401 3210 1480 3241 Mss.
1510 3211 1600 3251 λύραν
1622 3208 1678 3246 μὶ.
1700 3205 1826 3245 ἁιιειίεῑις
1851 3208 2042 3244 ἡρμοευινην
2065 3202 2256 3238 λυμαίνεσθαι
2286 3205 2322 3232 τῆ

278 3268 328 3303 λὰς
346 3270 440 3308 ι”χουσι
457 3272 508 3303 τὰς
525 3270 610 3301 ὐποθ.
629 3266 731 3300 savit.
753 3270 866 3305 πολλὰ,-
891 3272 988 3311 ἱχουσι
1014 3273 1066 3303 τὰς
1083 3272 1233 3311 ἀφορμάς.
1251 3273 1283 3296 et
1318 3269 1443 3304 μοοαιιῦ,
1463 3265 1550 3299 λιχοι·
1570 3273 1620 3294 την

280 3319 310 3348 tn
328 3328 431 3359 marg.
450 3322 608 3357 [amotum.
630 3319 703 3350 Mox
718 3318 819 3350 savit.
838 3327 871 3351 et
890 3331 972 3352 tinus
992 3318 1106 3350 (lodex
1127 3324 1282 3363 appu-a:-

280 3383 373 3411 μινοι,
396 3370 507 3402 Mutet.
527 3378 559 3402 et
574 3370 658 3403 nlius
677 3374 895 3415 εὐφραίνονται.

326 3421 342 3444 ¹·
365 3421 419 3453 sic
436 3422 512 3454 Mas.
531 3431 561 3455 et
579 3422 680 3457 Snril.
703 3422 816 3456 Morel.
836 3435 914 3456 vero
932 3427 1044 3461 ἡλικίας
1062 3425 1181 3459 uium-
1197 3420 1287 3454 1¹¹ssu

1637 3260 1664 3287 ιῖὲ
1683 3260 1872 3297 ἀνὶρμοστον
1889 3256 1938 3283 ιωιί
1954 3253 2168 3294 ἱαιὲιὲηγμυψ
2190 3255 2237 3282 καὶ
2255 3254 2325 3283 ἑπι-

1500 3319 1595 3342 uss-11.
1614 3306 1716 3339 basil.
1737 3315 1768 3337 et.
1794 3302 1906 3336 Mon-l.
1930 3308 1964 3334 ut.
1991 3304 2024 3334 iu
2047 3309 2151 3333 trun.
2179 3301 2326 3343 [traque

1320 3324 1399 3348 5312:
1420 3319 1465 3344 nsi
1490 3331 1498 3343 ι

1322 3367 1419 3399 lectio
1436 3362 1594 3404 quadrat.

1366 3428 1377 3442 ι·
1405 3417 1476 3448 uno
1494 3414 1568 3446 Mu.
1587 3415 1692 3454 διιγμα
1713 3418 1762 3447 τῆς
1778 3416 1872 3453 »ht-fou
1889 3416 2082 3452 ηρὶιτιρον.

2104 3449 2140 3485 3,
