2549 3825
885 308 1115 342 ADVERSUS
1149 311 1322 342 JUDAEOS
1332 333 1340 343 .
1377 313 1442 344 Vt.

140 389 361 442 πραγμάτων
386 391 498 428 αὐτῶν
514 418 524 435 ,
553 389 606 428 ὅτι
636 389 702 441 οὐχ
718 389 766 432 ὡς
785 390 932 441 ἀδελφὸν
951 392 1011 430 καὶ
1029 393 1164 444 προσή-

141 465 248 488 κοντα
263 451 321 489 καὶ
342 453 466 489 οἰκεῖον
486 449 544 488 ἐπὶ
561 450 692 497 ταύτην
711 450 822 502 ἤγαγε
841 451 903 498 τὴν
919 453 1051 505 ἀρχὴν,
1071 454 1161 493 ἀλλὰ

141 514 186 562 τῇ
204 511 309 563 ψήφῳ
327 515 388 549 τοῦ
410 513 503 550 Θεοῦ
521 510 724 561 πειθόμενος
756 512 964 565 ἐνεχείρισεν
984 515 1078 567 αὐτῷ
1096 515 1160 561 τὴν

140 571 331 624 ἱερωσύνην
350 572 502 619 ἐκείνην,
522 571 702 611 ἐκέλευσεν
716 571 782 610 ἀνὰ
802 573 953 620 ἑκάστην
974 575 1084 626 φυλὴν
1101 576 1161 626 ῥά·

141 632 223 670 ἔδον
242 633 405 684 κομίσαι,
427 633 478 672 ἔτι
493 633 529 671 δὲ
543 633 603 671 καὶ
622 636 672 684 τῷ
687 633 833 685 Ἀαρών.
851 634 997 681 Ἐπειδὴ
1028 635 1064 674 δὲ
1083 636 1159 674 ἐκό-

142 708 274 742 μισαν,
295 693 413 732 λαῧὼν
447 693 552 736 αὐτὰς
583 693 740 740 ἁπάσας,
772 694 867 732 ἔνδον
900 695 1070 743 ἀπέθετο,
1099 695 1160 733 καὶ

141 753 354 803 ἀποθέμενος
382 754 445 800 τὴν
479 757 539 792 τοῦ
560 755 653 792 Θεοῦ
679 754 800 792 λοιπὸν
832 754 946 806 κρίσιν
974 755 1158 805 ἀναμένειν

139 812 301 852 ἐκέλευσε
327 813 390 861 τὴν
419 815 477 852 διὰ
504 817 573 852 τῶν
602 815 738 864 ῥάὸδων
768 813 953 864 γινομένην
975 815 1160 866 [ἐκείνων].

139 867 231 912 Εἶτα
262 875 382 926 ἀθρόον
419 878 488 913 τῶν
517 875 632 912 ἄλλων
664 876 837 923 μενουσῶν
875 874 934 911 ἐπὶ
964 878 1024 911 τοῦ
1058 877 1162 913 αὐτοῦ

141 935 342 987 σχήματος,
362 939 383 982 ἦ
403 939 463 974 τοῦ
481 934 613 987 Ἀαρὼν
629 934 825 981 ἐὸλοίστησε
846 934 954 985 μόνη,
972 934 1031 972 καὶ
1049 937 1162 986 φύλλα

139 995 265 1047 ἤνεγκε
284 996 344 1034 καὶ
370 996 546 1046 καρποὺς,
571 994 626 1032 ἵνα
657 993 816 1044 μάθωσιν
843 995 896 1033 ὅτι
915 998 932 1033 ὃ
949 999 1012 1042 τῆς
1032 996 1164 1048 φύσεως

140 1056 322 1102 Δεσπότης
340 1055 447 1093 πάλιν
467 1055 568 1093 αὐτὸν
588 1055 815 1106 ἐχειροτόνει,
836 1055 913 1093 ἀντὶ
941 1055 1161 1108 γραμμάτων

139 1122 211 1159 τοῖς
241 1116 382 1168 φύλλοις
406 1114 599 1168 χρώμενος.
619 1114 676 1167 [Ο
713 1115 781 1166 γὰρ
810 1114 917 1154 εἷπὼν
955 1116 990 1160 ἐξ
1024 1119 1158 1168 ἀρχῆς·

139 1176 384 1224 Βλαστησᾶτω
411 1180 434 1222 ἡ
466 1179 511 1227 γῆ
545 1176 693 1227 βοτάνην
713 1176 862 1229 χόρτου,
891 1177 952 1214 καὶ
980 1177 1044 1224 τὴν
1061 1177 1165 1215 δύνα-

141 1255 201 1288 μιν
223 1239 330 1285 αὔτῆς
359 1238 445 1290 πρὸς
475 1237 708 1290 καρπογονίαν
743 1237 938 1290 διεγείρας,
973 1232 1071 1281 οὗτος
1101 1237 1163 1276 καὶ

139 1300 180 1338 τὸ
211 1298 308 1344 ξύλον
339 1299 418 1337 τότε
449 1301 580 1346 ἐκεῖνο,
615 1297 715 1350 ξηρὸν
742 1298 778 1336 ὂν
812 1298 872 1335 καὶ
893 1299 1068 1349 ἄκαρπον,
1103 1298 1163 1336 καὶ
1185 1305 1211 1334 D

139 1362 205 1411 γῆς
223 1359 332 1411 χωρὶς
364 1359 424 1397 καὶ
453 1358 572 1410 ῥίζης,
610 1360 807 1409 βλαστῆσαι
837 1358 996 1405 ἐποίησε·
1031 1360 1090 1397 καὶ
1120 1354 1164 1406 ἦν

139 1421 260 1459 λοιπὸν
280 1419 422 1472 ἔλεγχός
451 1419 510 1457 καὶ
540 1420 673 1471 μάρτυς
701 1419 761 1456 καὶ
789 1422 852 1464 τῆς
879 1419 1020 1457 ἐκείνων
1040 1419 1164 1461 κακίας

141 1481 201 1519 καὶ
219 1483 281 1527 τῆς
307 1484 366 1518 τοῦ
396 1482 489 1519 Θεοῦ
517 1479 665 1532 κρίσεως
684 1482 706 1525 ἠ
737 1479 863 1531 ῥοίὸδος
891 1480 1026 1526 ἐκείνη,
1047 1480 1162 1531 φωνὴν

141 1543 206 1592 μὲν
237 1545 298 1581 οὐκ
327 1545 488 1593 ἀφιεῖσα,
507 1541 699 1593 σάλπιγγος
720 1541 753 1579 δὲ
773 1542 1013 1594 λαμπρότερον
1031 1542 1087 1579 διὰ
1102 1544 1164 1587 τῆς

140 1603 251 1654 ὄψεως
270 1607 358 1640 πᾶσι
387 1605 609 1652 παραινοῦσα
623 1631 632 1648 ,
654 1601 781 1652 μηκέτι
809 1607 880 1646 τοῖς
899 1601 1066 1645 τοιούτοις
1088 1605 1164 1639 ἐπι-

137 1669 265 1714 χειρεῖν
292 1662 489 1714 πράγμασι.
524 1662 595 1700 Καὶ
623 1664 662 1700 οὗ
694 1666 797 1700 τοῦτο
826 1662 951 1712 μόνον,
985 1662 1076 1700 ἀλλὰ
1103 1663 1163 1700 καὶ

139 1722 249 1774 ἑτέρῳ
288 1721 394 1760 πάλιν
432 1722 535 1760 αὐτὸν
568 1721 812 1775 ἐχειροτόνησε
846 1723 975 1774 τρόπῳ.
1015 1723 1162 1770 Ἐπειδὴ

136 1784 206 1835 γὰρ
237 1784 361 1822 πολλοὶ
389 1784 577 1827 συστάντες
608 1783 800 1833 ἐπεθύμουν
828 1786 932 1822 αὐτοῦ
961 1786 1024 1830 τῆς
1056 1788 1164 1834 τιμῆς

137 1845 403 1897 (περιμάχητον
421 1844 489 1896 γάρ
508 1860 582 1888 πως
602 1849 624 1892 ἧ
643 1844 756 1897 ἀρχὴ,
784 1845 844 1883 καὶ
869 1847 1010 1889 πολλοῖς
1032 1846 1163 1898 ἐπέρα-

140 1920 221 1944 στον
234 1910 259 1954 ),
272 1906 431 1944 ἐκέλευσε
461 1911 587 1958 πυρεῖα
617 1906 723 1944 πάλιν
756 1905 974 1957 ἐνεγκόντας,
1003 1906 1062 1944 καὶ
1099 1911 1165 1946 θυ-

142 1966 260 2016 μίαμα
283 1967 482 2013 ἐπιθέντας,
506 1967 570 2014 τὴν
597 1967 724 2005 ἄνωθεν
746 1967 926 2016 ἀναμένειν
943 1969 1069 2019 ψ’ἧερον.
1093 1969 1164 2006 Καὶ

139 2028 344 2077 θυμιώντων
373 2030 501 2076 αὐτῶν,
522 2032 544 2075 ἡ
573 2030 618 2079 γῆ
651 2029 824 2066 διαστᾶσα
849 2028 982 2071 πάντας
1017 2029 1163 2067 κατέπιε

138 2087 219 2132 τοὺς
244 2089 509 2140 συναιρομένους
531 2092 665 2135 αὐτοῖς,
693 2089 752 2128 καὶ
782 2088 860 2132 τοὺς
879 2090 922 2128 τὰ
950 2097 1075 2143 πυρεῖα
1096 2094 1163 2129 λα-

143 2148 269 2194 ὅόντας
315 2150 443 2189 ἄνωθεν
495 2150 683 2202 κατέφλεξε
711 2154 792 2201 πῦρ.
833 2151 903 2188 Καὶ
936 2152 993 2188 ἰ’να
1030 2152 1079 2202 μὴ
1114 2155 1164 2203 τῷ

140 2211 257 2263 χρόνῳ
275 2211 364 2263 λήθῃ
383 2211 444 2249 οἰτὸ
471 2211 656 2262 γενόμενον
689 2210 884 2262 παραδοθὲν
919 2213 1054 2262 ἀγνοεῖν
1087 2213 1165 2256 τοὺς

142 2272 231 2321 μετὰ
263 2275 375 2310 ταῦτα
399 2275 482 2324 ποιῇ
514 2274 578 2318 τὴν
609 2272 802 2323 παράδοξον
831 2275 890 2310 τοῦ
911 2274 1004 2310 Θεοῦ
1029 2275 1164 2325 ψῆφον,

141 2331 351 2384 προσέταξεν
379 2335 397 2370 ὁ
427 2335 583 2378 Μωῦσῆς
614 2335 729 2370 ἐκεῖνα
763 2332 807 2370 τὰ
838 2339 965 2385 πυρεῖα
996 2334 1166 2378 λαὸόντας

142 2393 348 2444 περιελάσαι
378 2395 429 2445 τῷ
461 2392 720 2445 θυσιαστηρίῳ,
753 2392 797 2430 ἵν’
836 2392 955 2446 ὥσπερ
987 2397 1008 2440 ἡ
1041 2395 1167 2447 ῥοίὸδος

141 2453 250 2505 χωρὶς
272 2456 388 2504 φωνῆς
415 2453 511 2506 ἠφίει
540 2454 657 2505 φωνὴν
688 2453 744 2491 διὰ
763 2457 825 2500 τῆς
846 2455 978 2506 ὄψεως,
995 2454 1086 2493 οὕτω
1106 2457 1163 2494 καὶ

1177 2490 1225 2514 659

2089 299 2181 346 805

1234 393 1308 431 illis
1326 394 1432 433 rebus
1450 394 1538 447 ipsis
1555 395 1668 434 facere
1694 396 1816 445 fidem,
1833 397 1928 449 quod
1948 410 2018 435 non
2046 406 2085 435 ut
2103 398 2182 435 fra-

1183 461 1207 491 C
1232 463 1336 502 trem,
1359 464 1420 493 aut
1446 465 1649 508 cognatum,
1675 466 1736 495 aut
1753 458 1982 505 familiarem,
2005 459 2183 496 evexisset

1228 514 1332 552 illum
1356 515 1402 553 ad
1424 530 1506 554 eum
1528 517 1715 566 honorem,
1739 518 1802 556 sed
1833 519 1900 557 Dei
1920 532 2046 572 parens
2065 518 2181 557 edicto

1229 574 1434 613 tradidisset
1452 576 1508 613 illi
1528 577 1765 616 sacerdotium
1783 578 1889 627 illud,
1903 580 2011 631 jussit
2030 588 2070 617 ut
2091 593 2180 617 una·

1230 649 1378 686 quaeque
1395 636 1512 674 tribus
1528 637 1669 688 virgam
1682 640 1839 689 afferret,
1858 640 1954 677 idem
1972 640 2182 693 praecipiens

1230 696 1361 734 Aaroni
1376 712 1384 732 :
1403 710 1483 733 eum
1497 698 1711 746 attulissent,
1728 714 1850 738 omnes
1863 702 2013 752 accepit,
2033 711 2067 739 et
2085 702 2181 739 intus
2196 705 2286 736 Num.
2308 715 2357 744 ¹7·

1231 756 1402 808 reposuit.
1425 757 1479 794 Eo
1498 757 1590 794 facto
1607 759 1713 809 jussit
1732 761 1928 811 exspectari
1948 761 2112 799 divinum
2126 762 2182 813 ju-

1231 816 1380 863 dicium,
1393 817 1489 866 quod
1508 831 1570 868 per
1584 818 1704 869 virgas
1719 820 1798 856 illas
1816 829 1904 858 esset
1918 821 2182 872 proferendum.

1233 876 1372 914 Deinde
1399 891 1481 916 cum
1511 878 1618 915 simul
1641 880 1802 917 omnium
1827 881 2048 931 reliquorum
2075 882 2184 933 virgae

1233 945 1415 973 manerent
1447 937 1481 974 in
1509 937 1631 976 eodem
1660 939 1807 982 habitu,
1837 941 1910 978 sola
1938 941 2038 992 virga
2068 944 2184 979 Aaron

1234 997 1460 1047 germinavit,
1485 999 1702 1050 frondesque
1721 1000 1894 1052 produxit
1912 1015 1952 1039 ac
1971 1002 2120 1049 fructus,
2147 1012 2188 1039 ut

1233 1057 1485 1109 intelligerent,
1509 1068 1642 1096 naturae
1662 1060 1860 1098 Dominum
1882 1062 1985 1099 illum
2014 1062 2189 1114 delegisse

1234 1117 1368 1165 denuo,
1388 1118 1572 1157 literarum
1597 1121 1678 1158 viee
1700 1121 1796 1159 foliis
1814 1136 1933 1160 usum.
1960 1123 2102 1161 Etenim
2124 1125 2185 1175 qui

1234 1177 1335 1216 initio
1349 1179 1490 1217 dicebat
1509 1196 1516 1221 :
1539 1182 1734 1220 Germinet
1752 1192 1854 1221 terra
1871 1185 2030 1222 herbam
2045 1189 2186 1236 grami-
2205 1193 2279 1219 Gen.
2295 1199 2320 1219 ι.
2340 1200 2385 1220 ιι-

1236 1242 1310 1287 nis,
1339 1241 1484 1292 ejusque
1503 1241 1577 1279 vim
1597 1242 1644 1279 ad
1673 1243 1965 1282 fructificandum
1985 1246 2154 1284 excitavit
2173 1262 2184 1283 z

1233 1299 1330 1338 idem
1346 1309 1379 1337 et
1395 1301 1486 1338 illud
1504 1301 1643 1352 lignum
1658 1303 1752 1353 quod
1767 1314 1840 1341 erat
1860 1305 2003 1342 aridum
2020 1314 2051 1343 et
2068 1306 2183 1344 infru·

1234 1361 1397 1412 gistrum,
1412 1362 1492 1399 fecit
1507 1373 1543 1400 ut
1559 1363 1692 1415 absque
1710 1374 1800 1402 terra
1816 1375 1848 1404 et
1869 1367 1944 1404 sine
1963 1367 2081 1406 radice
2101 1382 2184 1420 ger-

1234 1422 1404 1460 minaret:
1419 1433 1562 1474 eratque
1573 1424 1738 1477 deinceps
1750 1426 1850 1477 virga
1862 1427 1921 1465 illa
1935 1439 2186 1480 argumentum

1234 1493 1268 1521 et
1281 1483 1521 1523 testimonium
1538 1494 1609 1523 tam
1621 1487 1765 1525 illorum
1781 1489 1935 1534 malitiae,
1949 1504 2056 1540 quam
2069 1491 2187 1530 divini

1229 1543 1375 1594 judicii,
1397 1558 1466 1583 non
1492 1546 1655 1584 emittens
1687 1548 1831 1598 quidem
1863 1564 2000 1600 vocem,
2029 1551 2090 1589 sed
2110 1552 2187 1604 ipso

1235 1613 1377 1655 aspectu
1397 1606 1523 1655 quavis
1543 1607 1626 1644 tuba
1647 1608 1776 1646 clarius
1803 1610 2009 1658 exhortans,
2034 1627 2078 1651 ne
2099 1613 2188 1664 quid

1235 1665 1362 1702 talium
1390 1666 1587 1704 facinorum
1617 1668 1652 1706 in
1679 1679 1857 1721 posterum
1894 1673 2184 1724 aggrederentur.

1235 1726 1308 1763 Nec
1328 1725 1394 1763 hoc
1415 1727 1522 1765 modo
1549 1737 1701 1775 tantum,
1728 1730 1788 1768 sed
1809 1731 1879 1769 alio
1900 1733 2056 1783 quodam
2076 1748 2187 1786 argu-

1236 1796 1355 1824 mento
1374 1788 1470 1826 Deus
1489 1788 1681 1828 declaravit
1697 1805 1777 1829 eum
1794 1793 2024 1832 sacerdotem.
2044 1796 2187 1834 Etenim

1236 1863 1318 1885 cum
1338 1848 1442 1886 multi
1463 1859 1555 1887 mota
1577 1850 1747 1890 adversus
1763 1853 1865 1891 illum
1886 1855 2060 1894 seditione
2078 1871 2186 1909 appe-

1188 1912 1213 1943 E
1236 1918 1350 1947 terent
1367 1909 1479 1962 ipsius
1498 1911 1666 1950 honorem
1686 1927 1694 1950 ε
1718 1914 1938 1966 principatus
1958 1917 2051 1954 cnim
2067 1931 2121 1955 res
2135 1927 2185 1956 est

1235 1983 1299 2020 pro
1323 1984 1392 2020 qua
1422 1970 1623 2023 depugnari
1651 1973 1762 2020 solet,
1793 1984 1825 2012 et
1854 1990 1932 2026 quae
1960 1978 2140 2029 expetitur
2166 1993 2185 2015 a

1233 2030 1358 2068 multis
1379 2046 1387 2067 ε
1416 2032 1524 2083 jussit
1543 2042 1581 2070 ut
1602 2033 1712 2072 illatis
1731 2034 1938 2082 thuribulis,
1963 2047 1996 2075 et
2020 2038 2186 2090 imposito

1234 2091 1489 2143 thymiamate,
1525 2094 1659 2132 caelitus
1691 2106 1932 2148 exspectarent
1961 2100 2184 2139 sententiam.

1236 2156 1348 2203 Atque
1376 2153 1449 2192 illis
1478 2153 1703 2195 adolentibus
1732 2166 1822 2195 terra
1850 2159 2036 2197 dehiscens
2066 2174 2188 2200 omnes

1235 2213 1432 2262 absorbuit,
1457 2215 1520 2265 qui
1548 2229 1627 2254 cum
1647 2218 1734 2269 ipsis
1754 2230 1998 2259 consenserant
2026 2236 2034 2259 :
2059 2236 2188 2273 eosque

1236 2274 1297 2323 qui
1319 2274 1504 2312 thuribula
1524 2287 1736 2323 sutnseiant,
1758 2279 1850 2330 ignis
1867 2294 1886 2317 e
1904 2282 1989 2319 caelo
2012 2282 2187 2321 demissus

1235 2335 1383 2373 exussit.
1407 2337 1503 2373 Tum
1524 2350 1566 2374 ne
1594 2337 1690 2387 quod
1710 2340 1885 2378 acciderat
1912 2344 2080 2394 temporis
2099 2359 2184 2396 pro-

1236 2410 1356 2445 gressu
1372 2396 1544 2434 oblivioni
1561 2397 1721 2447 daretur,
1733 2414 1820 2438 neve
1831 2401 2080 2441 admirabilem
2097 2405 2188 2442 hanc

1235 2458 1302 2494 Dei
1320 2457 1526 2495 sententiam
1544 2458 1744 2509 ignorarent
1766 2462 1906 2511 posteri,
1922 2465 2088 2515 praecepit
2110 2467 2186 2503 Mo-

141 2514 186 2552 τὰ
214 2514 350 2552 πέταλα
374 2517 484 2552 ταῦτα
505 2521 576 2557 τοῖς
604 2514 694 2564 μετὰ
715 2518 825 2552 ταῦτα
854 2516 1057 2568 διαλέγηται
1077 2523 1165 2555 πᾶσι
1190 2530 1213 2556 Α
1235 2531 1302 2567 scs,
1321 2527 1359 2556 ut
1375 2518 1558 2556 thuribula
1576 2529 1690 2557 sumta
1708 2521 1928 2572 applicarent
1944 2525 1987 2561 ad
2006 2525 2131 2570 altare,
2150 2538 2187 2564 ut

142 2574 202 2612 καὶ
231 2578 384 2628 παραινῇ
415 2575 474 2612 καὶ
505 2574 748 2626 συμῧουλεύῃ,
779 2577 952 2626 μηδαμῶς
982 2582 1165 2628 μιμεῖσθαι

141 2635 205 2682 τὴν
231 2639 300 2674 τῶν
322 2636 501 2688 προτέρων
535 2636 673 2683 ἄνοιαν,
692 2636 749 2674 ἵνα
779 2637 828 2687 μὴ
849 2637 912 2684 τὴν
934 2638 1040 2684 αὐτὴν
1074 2642 1164 2677 ὑπο-

144 2696 287 2747 μείνωσι
307 2697 419 2743 δίκην.
438 2696 547 2749 “Ορ’ᾅς
561 2700 635 2741 πῶς
653 2698 692 2735 τὸ
711 2699 860 2736 παλαιὸν
875 2702 906 2737 οἱ
919 2701 1019 2750 ἱερεῖς
1035 2702 1166 2751 ἐχειρο-

141 2761 325 2803 τονοῦντο;
345 2757 432 2796 Νυνὶ
449 2757 484 2796 δὲ
504 2758 650 2808 παίγνια
679 2758 723 2796 τὰ
739 2759 836 2810 παρὰ
855 2760 1033 2802 Ἰουδαίοις
1051 2761 1166 2798 πάντα

142 2817 203 2856 καὶ
234 2818 344 2870 γέλως
385 2818 444 2857 καὶ
470 2818 618 2870 αἰσχύνη
649 2820 708 2857 καὶ
741 2822 918 2867 καπηλεῖα
947 2822 1004 2859 καὶ
1041 2821 1166 2873 μυρίας

145 2879 257 2929 μεστὰ
296 2879 530 2931 παρανομίας.
564 2880 711 2924 Τούτοις
743 2875 801 2918 οῦν
836 2883 1052 2928 ἀκολουθεῐς,
1091 2884 1166 2922 εἶπέ

144 2955 225 2988 μοι,
242 2944 312 2982 τοῖς
332 2940 540 2984 ἀπεναντίας
558 2941 611 2978 ἀεὶ
627 2947 697 2985 τοῖς
718 2944 776 2979 τοῦ
794 2946 886 2980 (θεοῦ
899 2944 1015 2994 νόμοις
1026 2944 1164 2981 ἅπαντα

144 2999 204 3038 καὶ
230 3005 339 3038 ποιεῖν
370 2999 428 3037 καὶ
457 3001 570 3052 λέγειν
610 3003 861 3052 φιλονεικοῦσι,
896 3004 956 3040 καὶ
986 3005 1070 3055 πρὸς
1103 3005 1165 3047 τὰς

143 3059 346 3112 συναγωγὰς
366 3062 480 3098 αὐτῶν
505 3061 659 3115 τρέχειςς
681 3062 740 3100 καὶ
772 3065 809 3100 οὐ
830 3063 986 3105 δέδοικας
1005 3064 1052 3113 μὴ
1074 3080 1165 3111 σκη-

144 3122 228 3164 πτὸς
257 3122 386 3160 ἄνωθεν
418 3123 638 3175 κατενεχθεὶς
670 3124 868 3175 καταφλέξῃ
890 3140 950 3162 σου
969 3124 1032 3171 τὴν
1055 3141 1166 3176 κεφα-

146 3182 231 3229 λήν;
251 3183 327 3220 Οὐκ
355 3176 449 3226 οἶδας
476 3182 552 3230 ὅτι,
585 3185 648 3222 κᾶν
680 3184 728 3233 μὴ
749 3184 900 3236 λῃστεύῃ
918 3200 987 3229 τις,
1008 3187 1041 3222 ἐν
1066 3186 1099 3224 δὲ
1119 3189 1169 3238 τῷ

148 3245 217 3279 τῶν
234 3242 473 3294 λῃστευόντων
489 3245 654 3296 σπηλαίῳ
674 3248 784 3296 φανῇ,
809 3245 874 3290 τὴν
898 3246 1006 3292 αὐτὴν
1028 3246 1170 3288 ἐκείνοις

150 3302 270 3340 δίδωσι
287 3302 385 3348 δίκην
401 3321 409 3350 ;
434 3305 501 3342 Καὶ
520 3306 553 3343 τί
572 3306 663 3356 λέγω
680 3305 721 3343 τὰ
735 3309 803 3343 τῶν
824 3307 983 3357 λῃστιῖινς
1003 3306 1096 3345 ’Ὶστε
1117 3307 1172 3353 δή·

152 3377 218 3401 που
235 3363 360 3406 πάντες
382 3364 439 3402 καὶ
455 3365 631 3416 μέμνησθε
645 3397 654 3414 ,
672 3368 728 3404 ὅτε
745 3367 822 3409 τοὺς
839 3367 1044 3418 ἀνδριάντας
1062 3373 1174 3406 καθεὶ-

1235 2579 1539 2628 quemadmodum
1571 2581 1672 2630 virga
1708 2582 1783 2619 siue
1811 2597 1894 2621 voce
1921 2598 2041 2622 vocem
2072 2588 2188 2625 emisit

1235 2640 1312 2692 ipso
1333 2650 1536 2693 conspectu,
1566 2642 1690 2679 itidem
1717 2653 1749 2680 et
1779 2643 1832 2680 1»ae
1860 2644 1999 2683 lamina·
2028 2658 2187 2699 posteros

1234 2702 1498 2752 alloquerentur
1517 2716 1651 2751 omues,
1672 2703 1911 2750 admouerent,
1929 2706 2042 2757 iisque
2061 2722 2185 2746 cousu-

1236 2762 1360 2806 lcreut‚
1383 2776 1426 2800 ne
1452 2763 1627 2814 majorum
1650 2765 1840 2802 amentiam
1875 2766 2109 2814 inum-entur,
2145 2785 2186 2807 ne

1235 2819 1379 2870 quando
1395 2820 1503 2858 simili
1521 2835 1621 2872 [ια-ιιι]
1640 2823 1885 2874 piet-terentina
1907 2826 2016 2864 &ides
2033 2839 2068 2866 ut
2094 2830 2180 2867 ulim

1235 2880 1433 2918 sacerdotes
1445 2884 1674 2919 crearentur?
1689 2884 1789 2920 Nunc
1802 2899 1883 2921 vero
1899 2887 1995 2923 lusus
2009 2889 2093 2926 meri
2105 2900 2184 2927 stunt

1237 2942 1398 2992 risusque
1423 2956 1501 2992 qua·
1521 2944 1608 2980 liunt
1626 2944 1721 2995 apud
1741 2945 1882 2983 ‚lud-eos
1908 2948 2047 2993 oumia,
2072 2950 2187 3001 pudor

1235 3012 1266 3038 et
1296 3004 1505 3054 cauponando
1535 3003 1636 3054 plena
1668 3004 1845 3042 inum-usa·
1876 3008 2081 3059 impietatis,
2116 3013 2187 3050 llos

1238 3064 1346 3112 igitur
1367 3063 1609 3112 s‹·qu«·1·is‚‹tic
1628 3065 1729 3107 mihi,
1750 3066 1810 3116 qui
1833 3069 2057 3118 pertinaciter
2077 3071 2187 3108 solent

1239 3139 1376 3175 semper
1398 3134 1471 3161 tum
1491 3126 1617 3167 tiu-vro,
1637 3135 1711 3163 ιιιιιι
1731 3125 1848 3164 dict-re
1867 3131 1999 3173 υιιιιιίιι,
2018 3146 2096 3181 qua*
2127 3134 2190 3171 liei

1241 3187 1378 3235 legibus
1406 3186 1638 3222 adversentur
1649 3188 1665 3222 '.'
1686 3187 1729 3223 ml
1753 3188 1878 3226 horum
1901 3204 2098 3242 synagogas
2126 3207 2189 3230 ae-

1241 3247 1383 3283 eurrisi'
1403 3260 1463 3283 nee
1493 3247 1633 3289 metuis,
1651 3262 1692 3283 ne
1708 3248 1868 3285 lulmiuis
1887 3251 2038 3303 impetus
2056 3254 2192 3291 melitus

1242 3308 1396 3344 enuit-aus
1411 3316 1534 3344 exurat
1552 3317 1654 3359 vaput
1675 3318 1773 3346 tuum
1787 3311 1804 3345 ἶ*
1823 3313 1871 3347 tn
1891 3311 2043 3360 ignitius,
2059 3328 2117 3351 eos
2132 3330 2192 3365 «pn

1199 3378 1219 3407 ιι
1247 3368 1312 3420 ipsi
1336 3368 1479 3419 quidem
1500 3382 1566 3405 ιιιιιι
1589 3368 1802 3420 [ιι·.ι·ι1;ιιιίιιι·,
1826 3371 1882 3408 sed
1907 3382 2020 3410 tamen
2043 3375 2077 3412 iu
2102 3391 2193 3428 prr·

200 3495 211 3508 ⁸
235 3484 288 3516 Sir
305 3496 359 3517 sex
378 3487 454 3519 Μιιιι.
475 3488 521 3528 [rt
537 3491 610 3520 Sur,
635 3488 803 3521 Edu-luitur
827 3507 878 3532 1⁴⁹·
897 3495 1051 3535 παραῦοτῇ
1067 3498 1113 3525 καὶ
1130 3491 1211 3534 dlv-l
1235 3491 1297 3523 lid.
1319 3498 1530 3537 -τπμυεοᾴῒν
1545 3504 1603 3534 pru
1624 3503 1702 3531 πνειξ,
1722 3503 1793 3535 pust
1814 3502 1901 3539 ,Μ’,ῥυν
1921 3505 2080 3538 pom-ntes

2203 2166 2295 2195 Num.

2342 2166 2386 2196 16.
