<?xml version="1.0" encoding="UTF-8"?>
<!DOCTYPE html PUBLIC "-//W3C//DTD XHTML 1.0 Transitional//EN"
    "http://www.w3.org/TR/xhtml1/DTD/xhtml1-transitional.dtd">
<html xmlns="http://www.w3.org/1999/xhtml" xml:lang="en" lang="en">
 <head>
  <title>
</title>
<meta http-equiv="Content-Type" content="text/html;charset=utf-8" />
  <meta name='ocr-system' content='tesseract 3.04.00' />
  <meta name='ocr-capabilities' content='ocr_page ocr_carea ocr_par ocr_line ocrx_word'/>
</head>
<body>
  <div class='ocr_page' id='page_1' title='image "./operaomniaquaeex01johnuoft/operaomniaquaeex01johnuoft_0548.png"; bbox 0 0 2513 3871; ppageno 0'>
   <div class='ocr_carea' id='block_1_1' title="bbox 152 1261 343 1455">
    <p class='ocr_par' dir='ltr' id='par_1_1' title="bbox 152 1261 343 1455">
     <span class='ocr_line' id='line_1_1' title="bbox 194 1261 343 1301; baseline 0 -11"><span class='ocrx_word' id='word_1_1' title='bbox 194 1261 224 1301; x_wconf 68' lang='grc'>4.</span> <span class='ocrx_word' id='word_1_2' title='bbox 240 1263 343 1291; x_wconf 73' lang='grc' dir='ltr'>ὅκοι·-</span> 
     </span>
     <span class='ocr_line' id='line_1_2' title="bbox 153 1304 341 1331; baseline -0.005 -1"><span class='ocrx_word' id='word_1_3' title='bbox 153 1304 252 1331; x_wconf 74' lang='lat' dir='ltr'>dutern</span> <span class='ocrx_word' id='word_1_4' title='bbox 277 1305 341 1331; x_wconf 77' lang='lat' dir='ltr'>orbi</span> 
     </span>
     <span class='ocr_line' id='line_1_3' title="bbox 153 1353 297 1373; baseline 0.007 -1"><span class='ocrx_word' id='word_1_5' title='bbox 153 1353 297 1373; x_wconf 74' lang='lat' dir='ltr'>terrarum</span> 
     </span>
     <span class='ocr_line' id='line_1_4' title="bbox 152 1396 343 1425; baseline 0.005 -12"><span class='ocrx_word' id='word_1_6' title='bbox 152 1396 213 1414; x_wconf 70' lang='lat' dir='ltr'>esse</span> <span class='ocrx_word' id='word_1_7' title='bbox 230 1397 280 1423; x_wconf 72' lang='lat' dir='ltr'>pm</span> <span class='ocrx_word' id='word_1_8' title='bbox 290 1396 343 1425; x_wconf 84' lang='lat' dir='ltr'>po-</span> 
     </span>
     <span class='ocr_line' id='line_1_5' title="bbox 153 1434 253 1455; baseline 0 -1"><span class='ocrx_word' id='word_1_9' title='bbox 153 1434 253 1455; x_wconf 75' lang='lat' dir='ltr'>ntum.</span> 
     </span>
    </p>
   </div>
   <div class='ocr_carea' id='block_1_2' title="bbox 170 2780 325 2807">
    <p class='ocr_par' dir='ltr' id='par_1_2' title="bbox 170 2780 325 2807">
     <span class='ocr_line' id='line_1_6' title="bbox 170 2780 325 2807; baseline 0.013 -2"><span class='ocrx_word' id='word_1_10' title='bbox 170 2780 195 2803; x_wconf 76' lang='grc' dir='ltr'>Ἰ·</span> <span class='ocrx_word' id='word_1_11' title='bbox 210 2782 325 2807; x_wconf 70' lang='lat' dir='ltr'>intutu.</span> 
     </span>
    </p>
   </div>
   <div class='ocr_carea' id='block_1_3' title="bbox 361 245 1309 290">
    <p class='ocr_par' dir='ltr' id='par_1_3' title="bbox 361 245 1309 290">
     <span class='ocr_line' id='line_1_7' title="bbox 361 245 1309 290; baseline -0.002 -3"><span class='ocrx_word' id='word_1_12' title='bbox 361 245 452 290; x_wconf 72' lang='lat'>518</span> <span class='ocrx_word' id='word_1_13' title='bbox 770 258 808 288; x_wconf 84' lang='lat' dir='ltr'>s.</span> <span class='ocrx_word' id='word_1_14' title='bbox 846 256 1032 288; x_wconf 60' lang='lat' dir='ltr'>sommis</span> <span class='ocrx_word' id='word_1_15' title='bbox 1067 255 1309 287; x_wconf 70' lang='lat' dir='ltr'>cum‘sosr,</span> 
     </span>
    </p>
   </div>
   <div class='ocr_carea' id='block_1_4' title="bbox 354 337 1317 2221">
    <p class='ocr_par' dir='ltr' id='par_1_4' title="bbox 354 337 1317 2221">
     <span class='ocr_line' id='line_1_8' title="bbox 367 337 1310 391; baseline -0.004 -12"><span class='ocrx_word' id='word_1_16' title='bbox 367 342 518 380; x_wconf 77' lang='lat' dir='ltr'>nammae</span> <span class='ocrx_word' id='word_1_17' title='bbox 545 338 692 377; x_wconf 79' lang='lat' dir='ltr'>materia</span> <span class='ocrx_word' id='word_1_18' title='bbox 710 352 755 377; x_wconf 86' lang='lat' dir='ltr'>ex</span> <span class='ocrx_word' id='word_1_19' title='bbox 775 338 960 377; x_wconf 89' lang='lat' dir='ltr'>oculorum</span> <span class='ocrx_word' id='word_1_20' title='bbox 979 346 1122 391; x_wconf 85' lang='lat' dir='ltr'>aspectu</span> <span class='ocrx_word' id='word_1_21' title='bbox 1136 337 1310 391; x_wconf 86' lang='lat' dir='ltr'>suppedi-</span> 
     </span>
     <span class='ocr_line' id='line_1_9' title="bbox 364 398 1311 451; baseline -0.003 -11"><span class='ocrx_word' id='word_1_22' title='bbox 364 411 471 442; x_wconf 87' lang='lat' dir='ltr'>tatur.</span> <span class='ocrx_word' id='word_1_23' title='bbox 500 404 551 439; x_wconf 77' lang='lat' dir='ltr'>Ac</span> <span class='ocrx_word' id='word_1_24' title='bbox 577 399 774 438; x_wconf 85' lang='lat' dir='ltr'>monachus</span> <span class='ocrx_word' id='word_1_25' title='bbox 792 399 939 451; x_wconf 86' lang='lat' dir='ltr'>quidem</span> <span class='ocrx_word' id='word_1_26' title='bbox 959 399 1028 438; x_wconf 85' lang='lat' dir='ltr'>sibi</span> <span class='ocrx_word' id='word_1_27' title='bbox 1049 398 1115 438; x_wconf 91' lang='lat' dir='ltr'>soli</span> <span class='ocrx_word' id='word_1_28' title='bbox 1136 398 1235 437; x_wconf 88' lang='lat' dir='ltr'>timet</span> <span class='ocrx_word' id='word_1_29' title='bbox 1254 414 1263 446; x_wconf 76' lang='lat'>3</span> <span class='ocrx_word' id='word_1_30' title='bbox 1282 398 1311 437; x_wconf 90' lang='lat' dir='ltr'>si</span> 
     </span>
     <span class='ocr_line' id='line_1_10' title="bbox 361 459 1313 513; baseline -0.003 -13"><span class='ocrx_word' id='word_1_31' title='bbox 361 476 446 500; x_wconf 85' lang='lat' dir='ltr'>vero</span> <span class='ocrx_word' id='word_1_32' title='bbox 472 460 519 500; x_wconf 90' lang='lat' dir='ltr'>de</span> <span class='ocrx_word' id='word_1_33' title='bbox 536 460 618 499; x_wconf 88' lang='lat' dir='ltr'>aliis</span> <span class='ocrx_word' id='word_1_34' title='bbox 635 459 852 512; x_wconf 86' lang='lat' dir='ltr'>quandoque</span> <span class='ocrx_word' id='word_1_35' title='bbox 869 473 996 499; x_wconf 87' lang='lat' dir='ltr'>curare</span> <span class='ocrx_word' id='word_1_36' title='bbox 1013 469 1164 513; x_wconf 79' lang='lat' dir='ltr'>cogatur</span> <span class='ocrx_word' id='word_1_37' title='bbox 1182 490 1194 510; x_wconf 83' lang='lat'><em>,</em></span> <span class='ocrx_word' id='word_1_38' title='bbox 1219 468 1313 497; x_wconf 85' lang='lat' dir='ltr'>certe</span> 
     </span>
     <span class='ocr_line' id='line_1_11' title="bbox 361 519 1312 576; baseline -0.003 -15"><span class='ocrx_word' id='word_1_39' title='bbox 361 522 566 576; x_wconf 88' lang='lat' dir='ltr'>paucissimi</span> <span class='ocrx_word' id='word_1_40' title='bbox 579 521 633 559; x_wconf 91' lang='lat' dir='ltr'>illi</span> <span class='ocrx_word' id='word_1_41' title='bbox 649 530 731 560; x_wconf 87' lang='lat' dir='ltr'>sunt</span> <span class='ocrx_word' id='word_1_42' title='bbox 743 539 752 568; x_wconf 90' lang='lat'>;</span> <span class='ocrx_word' id='word_1_43' title='bbox 764 521 818 560; x_wconf 91' lang='lat' dir='ltr'>sin</span> <span class='ocrx_word' id='word_1_44' title='bbox 834 521 954 574; x_wconf 60' lang='lat' dir='ltr'>plures</span> <span class='ocrx_word' id='word_1_45' title='bbox 970 520 1103 559; x_wconf 82' lang='lat' dir='ltr'>suerint</span> <span class='ocrx_word' id='word_1_46' title='bbox 1119 549 1130 567; x_wconf 90' lang='lat'>‚</span> <span class='ocrx_word' id='word_1_47' title='bbox 1145 529 1181 558; x_wconf 91' lang='lat' dir='ltr'>at</span> <span class='ocrx_word' id='word_1_48' title='bbox 1197 519 1312 558; x_wconf 89' lang='lat' dir='ltr'>multo</span> 
     </span>
     <span class='ocr_line' id='line_1_12' title="bbox 359 582 1309 634; baseline -0.002 -12"><span class='ocrx_word' id='word_1_49' title='bbox 359 585 513 623; x_wconf 86' lang='lat' dir='ltr'>minores</span> <span class='ocrx_word' id='word_1_50' title='bbox 543 596 693 622; x_wconf 89' lang='lat' dir='ltr'>numero</span> <span class='ocrx_word' id='word_1_51' title='bbox 722 597 831 634; x_wconf 75' lang='lat' dir='ltr'>quam</span> <span class='ocrx_word' id='word_1_52' title='bbox 856 583 881 621; x_wconf 87' lang='lat' dir='ltr'>ii</span> <span class='ocrx_word' id='word_1_53' title='bbox 897 583 960 634; x_wconf 91' lang='lat' dir='ltr'>qui</span> <span class='ocrx_word' id='word_1_54' title='bbox 982 582 1015 620; x_wconf 92' lang='lat' dir='ltr'>in</span> <span class='ocrx_word' id='word_1_55' title='bbox 1036 582 1206 621; x_wconf 84' lang='lat' dir='ltr'>Ecclesiis</span> <span class='ocrx_word' id='word_1_56' title='bbox 1225 595 1309 620; x_wconf 85' lang='lat' dir='ltr'>ver-</span> 
     </span>
     <span class='ocr_line' id='line_1_13' title="bbox 358 643 1311 696; baseline -0.003 -13"><span class='ocrx_word' id='word_1_57' title='bbox 358 655 502 695; x_wconf 75' lang='lat' dir='ltr'>santur,</span> <span class='ocrx_word' id='word_1_58' title='bbox 520 653 627 696; x_wconf 87' lang='lat' dir='ltr'>atque</span> <span class='ocrx_word' id='word_1_59' title='bbox 659 644 683 682; x_wconf 90' lang='lat' dir='ltr'>ii</span> <span class='ocrx_word' id='word_1_60' title='bbox 716 644 832 683; x_wconf 89' lang='lat' dir='ltr'>multo</span> <span class='ocrx_word' id='word_1_61' title='bbox 859 643 1031 683; x_wconf 85' lang='lat' dir='ltr'>leviorem</span> <span class='ocrx_word' id='word_1_62' title='bbox 1051 643 1218 696; x_wconf 80' lang='lat' dir='ltr'>praesecto</span> <span class='ocrx_word' id='word_1_63' title='bbox 1247 656 1311 681; x_wconf 90' lang='lat' dir='ltr'>suo</span> 
     </span>
     <span class='ocr_line' id='line_1_14' title="bbox 359 704 1312 757; baseline -0.003 -13"><span class='ocrx_word' id='word_1_64' title='bbox 359 705 638 745; x_wconf 78' lang='lat' dir='ltr'>sollicitudinem</span> <span class='ocrx_word' id='word_1_65' title='bbox 653 705 839 752; x_wconf 81' lang='lat' dir='ltr'>exhibent,</span> <span class='ocrx_word' id='word_1_66' title='bbox 855 718 925 743; x_wconf 94' lang='lat' dir='ltr'>non</span> <span class='ocrx_word' id='word_1_67' title='bbox 944 704 991 743; x_wconf 86' lang='lat' dir='ltr'>ob</span> <span class='ocrx_word' id='word_1_68' title='bbox 1006 704 1220 757; x_wconf 77' lang='lat' dir='ltr'><strong>paucitatem</strong></span> <span class='ocrx_word' id='word_1_69' title='bbox 1237 711 1312 741; x_wconf 74' lang='lat' dir='ltr'>tan—</span> 
     </span>
     <span class='ocr_line' id='line_1_15' title="bbox 359 764 1312 819; baseline -0.003 -12"><span class='ocrx_word' id='word_1_70' title='bbox 359 777 456 816; x_wconf 91' lang='lat' dir='ltr'>tum,</span> <span class='ocrx_word' id='word_1_71' title='bbox 476 767 540 807; x_wconf 84' lang='lat' dir='ltr'>sed</span> <span class='ocrx_word' id='word_1_72' title='bbox 558 768 728 819; x_wconf 84' lang='lat' dir='ltr'>quoniam</span> <span class='ocrx_word' id='word_1_73' title='bbox 754 781 877 806; x_wconf 83' lang='lat' dir='ltr'>omnes</span> <span class='ocrx_word' id='word_1_74' title='bbox 895 781 915 805; x_wconf 91' lang='lat' dir='ltr'>a</span> <span class='ocrx_word' id='word_1_75' title='bbox 936 766 1172 806; x_wconf 81' lang='lat' dir='ltr'>saecularibus</span> <span class='ocrx_word' id='word_1_76' title='bbox 1205 764 1312 804; x_wconf 86' lang='lat' dir='ltr'>rebus</span> 
     </span>
     <span class='ocr_line' id='line_1_16' title="bbox 359 828 1311 881; baseline -0.004 -14"><span class='ocrx_word' id='word_1_77' title='bbox 359 828 464 867; x_wconf 83' lang='lat' dir='ltr'>vacui</span> <span class='ocrx_word' id='word_1_78' title='bbox 483 829 642 881; x_wconf 82' lang='lat' dir='ltr'>degunt,</span> <span class='ocrx_word' id='word_1_79' title='bbox 663 842 725 868; x_wconf 87' lang='lat' dir='ltr'>nec</span> <span class='ocrx_word' id='word_1_80' title='bbox 746 829 896 878; x_wconf 77' lang='lat' dir='ltr'>liberos,</span> <span class='ocrx_word' id='word_1_81' title='bbox 915 842 980 867; x_wconf 91' lang='lat' dir='ltr'>nec</span> <span class='ocrx_word' id='word_1_82' title='bbox 1001 841 1150 865; x_wconf 83' lang='lat' dir='ltr'>uxorem</span> <span class='ocrx_word' id='word_1_83' title='bbox 1167 856 1177 874; x_wconf 86' lang='lat'><strong>,</strong></span> <span class='ocrx_word' id='word_1_84' title='bbox 1198 839 1311 876; x_wconf 86' lang='lat' dir='ltr'>neque</span> 
     </span>
     <span class='ocr_line' id='line_1_17' title="bbox 360 887 1311 942; baseline -0.003 -14"><span class='ocrx_word' id='word_1_85' title='bbox 360 890 471 928; x_wconf 85' lang='lat' dir='ltr'>ullam</span> <span class='ocrx_word' id='word_1_86' title='bbox 487 887 734 942; x_wconf 78' lang='lat' dir='ltr'>hujuscemodi</span> <span class='ocrx_word' id='word_1_87' title='bbox 750 903 871 928; x_wconf 84' lang='lat' dir='ltr'>euram</span> <span class='ocrx_word' id='word_1_88' title='bbox 887 896 1128 941; x_wconf 81' lang='lat' dir='ltr'>susceperunt.</span> <span class='ocrx_word' id='word_1_89' title='bbox 1144 887 1187 925; x_wconf 87' lang='lat' dir='ltr'>ld</span> <span class='ocrx_word' id='word_1_90' title='bbox 1203 901 1311 940; x_wconf 87' lang='lat' dir='ltr'>porro</span> 
     </span>
     <span class='ocr_line' id='line_1_18' title="bbox 361 947 1312 1003; baseline -0.004 -15"><span class='ocrx_word' id='word_1_91' title='bbox 361 951 442 990; x_wconf 90' lang='lat' dir='ltr'>illos</span> <span class='ocrx_word' id='word_1_92' title='bbox 473 949 669 989; x_wconf 78' lang='lat' dir='ltr'>admodum</span> <span class='ocrx_word' id='word_1_93' title='bbox 698 950 876 1003; x_wconf 68' lang='lat' dir='ltr'>praesectis</span> <span class='ocrx_word' id='word_1_94' title='bbox 906 950 1103 1000; x_wconf 82' lang='lat' dir='ltr'>morigeros</span> <span class='ocrx_word' id='word_1_95' title='bbox 1122 947 1230 986; x_wconf 81' lang='lat' dir='ltr'>efficit</span> <span class='ocrx_word' id='word_1_96' title='bbox 1246 977 1258 997; x_wconf 84' lang='lat'><em>‚</em></span> <span class='ocrx_word' id='word_1_97' title='bbox 1278 956 1312 985; x_wconf 86' lang='lat' dir='ltr'>et</span> 
     </span>
     <span class='ocr_line' id='line_1_19' title="bbox 360 1009 1313 1063; baseline -0.004 -13"><span class='ocrx_word' id='word_1_98' title='bbox 360 1011 458 1063; x_wconf 86' lang='lat' dir='ltr'>quod</span> <span class='ocrx_word' id='word_1_99' title='bbox 480 1012 659 1054; x_wconf 89' lang='lat' dir='ltr'>communi</span> <span class='ocrx_word' id='word_1_100' title='bbox 673 1011 859 1051; x_wconf 89' lang='lat' dir='ltr'>domicilio</span> <span class='ocrx_word' id='word_1_101' title='bbox 875 1020 1034 1055; x_wconf 87' lang='lat' dir='ltr'>utantur,</span> <span class='ocrx_word' id='word_1_102' title='bbox 1049 1009 1150 1047; x_wconf 83' lang='lat' dir='ltr'>facile</span> <span class='ocrx_word' id='word_1_103' title='bbox 1165 1016 1313 1061; x_wconf 80' lang='lat' dir='ltr'><strong>possunt</strong></span> 
     </span>
     <span class='ocr_line' id='line_1_20' title="bbox 359 1069 1311 1124; baseline -0.006 -12"><span class='ocrx_word' id='word_1_104' title='bbox 359 1087 481 1112; x_wconf 89' lang='lat' dir='ltr'>eorum</span> <span class='ocrx_word' id='word_1_105' title='bbox 489 1073 620 1112; x_wconf 82' lang='lat' dir='ltr'>delicta</span> <span class='ocrx_word' id='word_1_106' title='bbox 635 1083 668 1112; x_wconf 86' lang='lat' dir='ltr'>et</span> <span class='ocrx_word' id='word_1_107' title='bbox 681 1073 844 1124; x_wconf 82' lang='lat' dir='ltr'>cognosci</span> <span class='ocrx_word' id='word_1_108' title='bbox 859 1081 893 1111; x_wconf 89' lang='lat' dir='ltr'>ct</span> <span class='ocrx_word' id='word_1_109' title='bbox 906 1070 1109 1110; x_wconf 85' lang='lat' dir='ltr'>emendari:</span> <span class='ocrx_word' id='word_1_110' title='bbox 1126 1069 1225 1120; x_wconf 88' lang='lat' dir='ltr'>quod</span> <span class='ocrx_word' id='word_1_111' title='bbox 1243 1082 1311 1107; x_wconf 92' lang='lat' dir='ltr'>non</span> 
     </span>
     <span class='ocr_line' id='line_1_21' title="bbox 359 1133 1312 1176; baseline -0.006 -3"><span class='ocrx_word' id='word_1_112' title='bbox 359 1135 541 1173; x_wconf 90' lang='lat' dir='ltr'>modicum</span> <span class='ocrx_word' id='word_1_113' title='bbox 555 1135 689 1172; x_wconf 80' lang='lat' dir='ltr'>confert</span> <span class='ocrx_word' id='word_1_114' title='bbox 708 1134 753 1172; x_wconf 91' lang='lat' dir='ltr'>ad</span> <span class='ocrx_word' id='word_1_115' title='bbox 771 1134 914 1172; x_wconf 84' lang='lat' dir='ltr'>virtutis</span> <span class='ocrx_word' id='word_1_116' title='bbox 934 1133 1189 1170; x_wconf 85' lang='lat' dir='ltr'>incrementum</span> <span class='ocrx_word' id='word_1_117' title='bbox 1203 1160 1212 1176; x_wconf 91' lang='lat'>,</span> <span class='ocrx_word' id='word_1_118' title='bbox 1230 1144 1312 1168; x_wconf 88' lang='lat' dir='ltr'>cum</span> 
     </span>
     <span class='ocr_line' id='line_1_22' title="bbox 360 1190 1307 1246; baseline -0.006 -12"><span class='ocrx_word' id='word_1_119' title='bbox 360 1195 494 1234; x_wconf 82' lang='lat' dir='ltr'>scilicet</span> <span class='ocrx_word' id='word_1_120' title='bbox 505 1196 673 1246; x_wconf 85' lang='lat' dir='ltr'>magister</span> <span class='ocrx_word' id='word_1_121' title='bbox 681 1203 888 1246; x_wconf 88' lang='lat' dir='ltr'>perpetuam</span> <span class='ocrx_word' id='word_1_122' title='bbox 904 1201 1000 1245; x_wconf 89' lang='lat' dir='ltr'>gerat</span> <span class='ocrx_word' id='word_1_123' title='bbox 1012 1190 1307 1230; x_wconf 84' lang='lat' dir='ltr'>sollicitudinem.</span> 
     </span>
     <span class='ocr_line' id='line_1_23' title="bbox 414 1251 1312 1306; baseline -0.009 -11"><span class='ocrx_word' id='word_1_124' title='bbox 414 1258 550 1296; x_wconf 86' lang='lat' dir='ltr'>Eorum</span> <span class='ocrx_word' id='word_1_125' title='bbox 571 1269 677 1305; x_wconf 73' lang='lat' dir='ltr'>vero,</span> <span class='ocrx_word' id='word_1_126' title='bbox 695 1255 758 1306; x_wconf 82' lang='lat' dir='ltr'>qui</span> <span class='ocrx_word' id='word_1_127' title='bbox 780 1253 953 1293; x_wconf 88' lang='lat' dir='ltr'>sacerdoti</span> <span class='ocrx_word' id='word_1_128' title='bbox 969 1253 1140 1299; x_wconf 80' lang='lat' dir='ltr'>subsunt,</span> <span class='ocrx_word' id='word_1_129' title='bbox 1155 1251 1312 1289; x_wconf 84' lang='lat' dir='ltr'>maxima</span> 
     </span>
     <span class='ocr_line' id='line_1_24' title="bbox 358 1311 1314 1371; baseline -0.006 -16"><span class='ocrx_word' id='word_1_130' title='bbox 358 1332 440 1371; x_wconf 88' lang='lat' dir='ltr'>pars</span> <span class='ocrx_word' id='word_1_131' title='bbox 458 1317 693 1356; x_wconf 63' lang='lat' dir='ltr'>saecularibus</span> <span class='ocrx_word' id='word_1_132' title='bbox 717 1315 813 1353; x_wconf 89' lang='lat' dir='ltr'>curis</span> <span class='ocrx_word' id='word_1_133' title='bbox 832 1323 914 1353; x_wconf 90' lang='lat' dir='ltr'>sunt</span> <span class='ocrx_word' id='word_1_134' title='bbox 933 1313 1067 1352; x_wconf 76' lang='lat' dir='ltr'>addicti</span> <span class='ocrx_word' id='word_1_135' title='bbox 1084 1343 1094 1361; x_wconf 94' lang='lat'>,</span> <span class='ocrx_word' id='word_1_136' title='bbox 1114 1311 1210 1364; x_wconf 86' lang='lat' dir='ltr'>quod</span> <span class='ocrx_word' id='word_1_137' title='bbox 1233 1311 1314 1350; x_wconf 91' lang='lat' dir='ltr'>illos</span> 
     </span>
     <span class='ocr_line' id='line_1_25' title="bbox 355 1371 1308 1432; baseline -0.006 -15"><span class='ocrx_word' id='word_1_138' title='bbox 355 1379 402 1417; x_wconf 89' lang='lat' dir='ltr'>ad</span> <span class='ocrx_word' id='word_1_139' title='bbox 419 1378 621 1432; x_wconf 84' lang='lat' dir='ltr'>spiritualia</span> <span class='ocrx_word' id='word_1_140' title='bbox 637 1390 744 1429; x_wconf 91' lang='lat' dir='ltr'>opera</span> <span class='ocrx_word' id='word_1_141' title='bbox 763 1374 964 1429; x_wconf 83' lang='lat' dir='ltr'>peragenda</span> <span class='ocrx_word' id='word_1_142' title='bbox 980 1374 1157 1426; x_wconf 75' lang='lat' dir='ltr'>segniores</span> <span class='ocrx_word' id='word_1_143' title='bbox 1176 1371 1308 1411; x_wconf 81' lang='lat' dir='ltr'>reddit.</span> 
     </span>
     <span class='ocr_line' id='line_1_26' title="bbox 358 1433 1312 1487; baseline -0.008 -8"><span class='ocrx_word' id='word_1_144' title='bbox 358 1439 462 1479; x_wconf 84' lang='lat' dir='ltr'>Unde</span> <span class='ocrx_word' id='word_1_145' title='bbox 481 1449 515 1478; x_wconf 90' lang='lat' dir='ltr'>et</span> <span class='ocrx_word' id='word_1_146' title='bbox 532 1438 715 1477; x_wconf 86' lang='lat' dir='ltr'>doctorem</span> <span class='ocrx_word' id='word_1_147' title='bbox 735 1450 873 1476; x_wconf 87' lang='lat' dir='ltr'>necesse</span> <span class='ocrx_word' id='word_1_148' title='bbox 886 1445 939 1474; x_wconf 88' lang='lat' dir='ltr'>est</span> <span class='ocrx_word' id='word_1_149' title='bbox 952 1434 1124 1487; x_wconf 85' lang='lat' dir='ltr'>singulis,</span> <span class='ocrx_word' id='word_1_150' title='bbox 1139 1442 1178 1472; x_wconf 89' lang='lat' dir='ltr'>ut</span> <span class='ocrx_word' id='word_1_151' title='bbox 1194 1434 1243 1473; x_wconf 91' lang='lat' dir='ltr'>ita</span> <span class='ocrx_word' id='word_1_152' title='bbox 1257 1433 1312 1472; x_wconf 88' lang='lat' dir='ltr'>di—</span> 
     </span>
     <span class='ocr_line' id='line_1_27' title="bbox 355 1494 1312 1551; baseline -0.008 -11"><span class='ocrx_word' id='word_1_153' title='bbox 355 1516 448 1548; x_wconf 86' lang='lat' dir='ltr'>cam,</span> <span class='ocrx_word' id='word_1_154' title='bbox 463 1500 591 1539; x_wconf 83' lang='lat' dir='ltr'>dicbus</span> <span class='ocrx_word' id='word_1_155' title='bbox 612 1499 944 1551; x_wconf 86' lang='lat' dir='ltr'>sementcmjacerc‚</span> <span class='ocrx_word' id='word_1_156' title='bbox 965 1506 1005 1535; x_wconf 91' lang='lat' dir='ltr'>ut</span> <span class='ocrx_word' id='word_1_157' title='bbox 1029 1494 1312 1534; x_wconf 75' lang='lat' dir='ltr'>assiduitateilla</span> 
     </span>
     <span class='ocr_line' id='line_1_28' title="bbox 354 1555 1311 1616; baseline -0.007 -15"><span class='ocrx_word' id='word_1_158' title='bbox 354 1563 466 1616; x_wconf 78' lang='lat' dir='ltr'>possit</span> <span class='ocrx_word' id='word_1_159' title='bbox 483 1561 654 1600; x_wconf 66' lang='lat' dir='ltr'>doctrinm</span> <span class='ocrx_word' id='word_1_160' title='bbox 672 1559 823 1599; x_wconf 87' lang='lat' dir='ltr'>verbum</span> <span class='ocrx_word' id='word_1_161' title='bbox 843 1560 888 1598; x_wconf 88' lang='lat' dir='ltr'>ab</span> <span class='ocrx_word' id='word_1_162' title='bbox 906 1557 1134 1596; x_wconf 88' lang='lat' dir='ltr'>auditoribus</span> <span class='ocrx_word' id='word_1_163' title='bbox 1154 1555 1311 1595; x_wconf 87' lang='lat' dir='ltr'>retineri.</span> 
     </span>
     <span class='ocr_line' id='line_1_29' title="bbox 357 1617 1311 1673; baseline -0.008 -11"><span class='ocrx_word' id='word_1_164' title='bbox 357 1623 498 1662; x_wconf 83' lang='lat' dir='ltr'>Etenim</span> <span class='ocrx_word' id='word_1_165' title='bbox 517 1622 657 1660; x_wconf 84' lang='lat' dir='ltr'>divitiae</span> <span class='ocrx_word' id='word_1_166' title='bbox 677 1621 836 1673; x_wconf 85' lang='lat' dir='ltr'>ingentes</span> <span class='ocrx_word' id='word_1_167' title='bbox 854 1650 863 1667; x_wconf 91' lang='lat'>‚</span> <span class='ocrx_word' id='word_1_168' title='bbox 885 1618 1050 1672; x_wconf 78' lang='lat' dir='ltr'>potentia·</span> <span class='ocrx_word' id='word_1_169' title='bbox 1070 1617 1282 1670; x_wconf 85' lang='lat' dir='ltr'>magnitudo</span> <span class='ocrx_word' id='word_1_170' title='bbox 1302 1647 1311 1663; x_wconf 89' lang='lat'>‚</span> 
     </span>
     <span class='ocr_line' id='line_1_30' title="bbox 354 1678 1313 1737; baseline -0.008 -14"><span class='ocrx_word' id='word_1_171' title='bbox 354 1684 519 1737; x_wconf 73' lang='lat' dir='ltr'>segnities</span> <span class='ocrx_word' id='word_1_172' title='bbox 551 1698 594 1721; x_wconf 81' lang='lat' dir='ltr'>ex</span> <span class='ocrx_word' id='word_1_173' title='bbox 616 1683 802 1735; x_wconf 85' lang='lat' dir='ltr'>voluptate</span> <span class='ocrx_word' id='word_1_174' title='bbox 831 1690 912 1719; x_wconf 91' lang='lat' dir='ltr'>nata</span> <span class='ocrx_word' id='word_1_175' title='bbox 930 1711 942 1728; x_wconf 92' lang='lat'><em>,</em></span> <span class='ocrx_word' id='word_1_176' title='bbox 964 1679 1149 1731; x_wconf 89' lang='lat' dir='ltr'>multaque</span> <span class='ocrx_word' id='word_1_177' title='bbox 1167 1678 1238 1717; x_wconf 89' lang='lat' dir='ltr'>alia</span> <span class='ocrx_word' id='word_1_178' title='bbox 1253 1680 1313 1730; x_wconf 84' lang='lat' dir='ltr'>ja-</span> 
     </span>
     <span class='ocr_line' id='line_1_31' title="bbox 355 1740 1314 1794; baseline -0.009 -8"><span class='ocrx_word' id='word_1_179' title='bbox 355 1756 452 1785; x_wconf 91' lang='lat' dir='ltr'>ctum</span> <span class='ocrx_word' id='word_1_180' title='bbox 471 1759 589 1785; x_wconf 84' lang='lat' dir='ltr'>semen</span> <span class='ocrx_word' id='word_1_181' title='bbox 609 1744 786 1782; x_wconf 80' lang='lat' dir='ltr'>suffocant</span> <span class='ocrx_word' id='word_1_182' title='bbox 804 1755 918 1794; x_wconf 85' lang='lat' dir='ltr'>:saepe</span> <span class='ocrx_word' id='word_1_183' title='bbox 936 1755 1020 1780; x_wconf 80' lang='lat' dir='ltr'>vero</span> <span class='ocrx_word' id='word_1_184' title='bbox 1039 1742 1223 1794; x_wconf 86' lang='lat' dir='ltr'>spinarum</span> <span class='ocrx_word' id='word_1_185' title='bbox 1245 1740 1314 1778; x_wconf 84' lang='lat' dir='ltr'>sre-</span> 
     </span>
     <span class='ocr_line' id='line_1_32' title="bbox 356 1801 1312 1858; baseline -0.007 -13"><span class='ocrx_word' id='word_1_186' title='bbox 356 1807 522 1858; x_wconf 83' lang='lat' dir='ltr'>quentia,</span> <span class='ocrx_word' id='word_1_187' title='bbox 544 1820 587 1844; x_wconf 90' lang='lat' dir='ltr'>ne</span> <span class='ocrx_word' id='word_1_188' title='bbox 605 1804 650 1844; x_wconf 91' lang='lat' dir='ltr'>ad</span> <span class='ocrx_word' id='word_1_189' title='bbox 668 1803 894 1857; x_wconf 80' lang='lat' dir='ltr'>superficiem</span> <span class='ocrx_word' id='word_1_190' title='bbox 907 1801 1051 1854; x_wconf 87' lang='lat' dir='ltr'>quidem</span> <span class='ocrx_word' id='word_1_191' title='bbox 1073 1811 1175 1840; x_wconf 86' lang='lat' dir='ltr'>terrae</span> <span class='ocrx_word' id='word_1_192' title='bbox 1195 1814 1312 1839; x_wconf 85' lang='lat' dir='ltr'>semen</span> 
     </span>
     <span class='ocr_line' id='line_1_33' title="bbox 357 1860 1314 1913; baseline -0.009 -6"><span class='ocrx_word' id='word_1_193' title='bbox 357 1868 481 1907; x_wconf 86' lang='lat' dir='ltr'>cadere</span> <span class='ocrx_word' id='word_1_194' title='bbox 500 1867 598 1906; x_wconf 89' lang='lat' dir='ltr'>sinit.</span> <span class='ocrx_word' id='word_1_195' title='bbox 620 1865 713 1903; x_wconf 84' lang='lat' dir='ltr'>Hinc</span> <span class='ocrx_word' id='word_1_196' title='bbox 731 1878 817 1903; x_wconf 77' lang='lat' dir='ltr'>vero</span> <span class='ocrx_word' id='word_1_197' title='bbox 832 1876 1073 1901; x_wconf 72' lang='lat' dir='ltr'>:erumnarum</span> <span class='ocrx_word' id='word_1_198' title='bbox 1089 1860 1314 1913; x_wconf 80' lang='lat' dir='ltr'>magnitudo,</span> 
     </span>
     <span class='ocr_line' id='line_1_34' title="bbox 359 1923 1314 1982; baseline -0.009 -14"><span class='ocrx_word' id='word_1_199' title='bbox 359 1931 414 1968; x_wconf 88' lang='lat' dir='ltr'>vis</span> <span class='ocrx_word' id='word_1_200' title='bbox 424 1927 659 1982; x_wconf 77' lang='lat' dir='ltr'>paupertatis,</span> <span class='ocrx_word' id='word_1_201' title='bbox 672 1925 844 1964; x_wconf 71' lang='lat' dir='ltr'>molestiae</span> <span class='ocrx_word' id='word_1_202' title='bbox 857 1923 1024 1970; x_wconf 71' lang='lat' dir='ltr'>assidam,</span> <span class='ocrx_word' id='word_1_203' title='bbox 1035 1923 1176 1973; x_wconf 87' lang='lat' dir='ltr'>aliaque</span> <span class='ocrx_word' id='word_1_204' title='bbox 1190 1923 1314 1975; x_wconf 86' lang='lat' dir='ltr'>hujus·</span> 
     </span>
     <span class='ocr_line' id='line_1_35' title="bbox 359 1983 1315 2040; baseline -0.005 -12"><span class='ocrx_word' id='word_1_205' title='bbox 359 1989 456 2028; x_wconf 90' lang='lat' dir='ltr'>modi</span> <span class='ocrx_word' id='word_1_206' title='bbox 472 2019 484 2038; x_wconf 89' lang='lat'>‚</span> <span class='ocrx_word' id='word_1_207' title='bbox 506 1987 685 2040; x_wconf 83' lang='lat' dir='ltr'>prioribus</span> <span class='ocrx_word' id='word_1_208' title='bbox 712 1985 890 2025; x_wconf 83' lang='lat' dir='ltr'>contraria</span> <span class='ocrx_word' id='word_1_209' title='bbox 907 2015 916 2033; x_wconf 94' lang='lat'>,</span> <span class='ocrx_word' id='word_1_210' title='bbox 931 1999 949 2022; x_wconf 91' lang='lat' dir='ltr'>a</span> <span class='ocrx_word' id='word_1_211' title='bbox 964 1983 1174 2023; x_wconf 86' lang='lat' dir='ltr'>divinorum</span> <span class='ocrx_word' id='word_1_212' title='bbox 1194 1983 1315 2023; x_wconf 77' lang='lat' dir='ltr'>studio</span> 
     </span>
     <span class='ocr_line' id='line_1_36' title="bbox 360 2045 1315 2097; baseline -0.006 -8"><span class='ocrx_word' id='word_1_213' title='bbox 360 2050 557 2090; x_wconf 87' lang='lat' dir='ltr'>abducunt.</span> <span class='ocrx_word' id='word_1_214' title='bbox 572 2051 800 2087; x_wconf 86' lang='lat' dir='ltr'>Peccatorum</span> <span class='ocrx_word' id='word_1_215' title='bbox 816 2055 934 2084; x_wconf 87' lang='lat' dir='ltr'>autem</span> <span class='ocrx_word' id='word_1_216' title='bbox 950 2059 992 2084; x_wconf 90' lang='lat' dir='ltr'>ne</span> <span class='ocrx_word' id='word_1_217' title='bbox 1011 2046 1147 2085; x_wconf 90' lang='lat' dir='ltr'>tantilla</span> <span class='ocrx_word' id='word_1_218' title='bbox 1168 2045 1315 2097; x_wconf 89' lang='lat' dir='ltr'>quidem</span> 
     </span>
     <span class='ocr_line' id='line_1_37' title="bbox 362 2106 1316 2163; baseline -0.005 -13"><span class='ocrx_word' id='word_1_219' title='bbox 362 2125 443 2163; x_wconf 85' lang='lat' dir='ltr'>pars</span> <span class='ocrx_word' id='word_1_220' title='bbox 462 2119 575 2163; x_wconf 87' lang='lat' dir='ltr'>potest</span> <span class='ocrx_word' id='word_1_221' title='bbox 595 2109 630 2147; x_wconf 91' lang='lat' dir='ltr'>in</span> <span class='ocrx_word' id='word_1_222' title='bbox 648 2123 770 2147; x_wconf 88' lang='lat' dir='ltr'>eorum</span> <span class='ocrx_word' id='word_1_223' title='bbox 789 2107 953 2146; x_wconf 84' lang='lat' dir='ltr'>notitiam</span> <span class='ocrx_word' id='word_1_224' title='bbox 970 2107 1093 2145; x_wconf 81' lang='lat' dir='ltr'>venire</span> <span class='ocrx_word' id='word_1_225' title='bbox 1111 2124 1118 2145; x_wconf 81' lang='lat'><em>2</em></span> <span class='ocrx_word' id='word_1_226' title='bbox 1135 2106 1316 2158; x_wconf 86' lang='lat' dir='ltr'>quomodo</span> 
     </span>
     <span class='ocr_line' id='line_1_38' title="bbox 362 2167 1317 2221; baseline -0.004 -12"><span class='ocrx_word' id='word_1_227' title='bbox 362 2172 477 2221; x_wconf 82' lang='lat' dir='ltr'>enim,</span> <span class='ocrx_word' id='word_1_228' title='bbox 497 2185 578 2209; x_wconf 90' lang='lat' dir='ltr'>cum</span> <span class='ocrx_word' id='word_1_229' title='bbox 597 2170 793 2208; x_wconf 80' lang='lat' dir='ltr'>maximam</span> <span class='ocrx_word' id='word_1_230' title='bbox 809 2182 931 2206; x_wconf 89' lang='lat' dir='ltr'>eorum</span> <span class='ocrx_word' id='word_1_231' title='bbox 949 2176 1084 2220; x_wconf 87' lang='lat' dir='ltr'>partem</span> <span class='ocrx_word' id='word_1_232' title='bbox 1107 2182 1149 2206; x_wconf 92' lang='lat' dir='ltr'>ne</span> <span class='ocrx_word' id='word_1_233' title='bbox 1165 2168 1211 2206; x_wconf 90' lang='lat' dir='ltr'>de</span> <span class='ocrx_word' id='word_1_234' title='bbox 1229 2167 1317 2206; x_wconf 81' lang='lat' dir='ltr'>facie</span> 
     </span>
    </p>
   </div>
   <div class='ocr_carea' id='block_1_5' title="bbox 1331 2213 1378 2239">
    <p class='ocr_par' dir='ltr' id='par_1_5' title="bbox 1331 2213 1378 2239">
     <span class='ocr_line' id='line_1_39' title="bbox 1331 2213 1378 2239; baseline 0 -1"><span class='ocrx_word' id='word_1_235' title='bbox 1331 2213 1378 2239; x_wconf 66' lang='lat'>1224</span> 
     </span>
    </p>
   </div>
   <div class='ocr_carea' id='block_1_6' title="bbox 1350 255 1952 287">
    <p class='ocr_par' dir='ltr' id='par_1_6' title="bbox 1350 255 1952 287">
     <span class='ocr_line' id='line_1_40' title="bbox 1350 255 1952 287; baseline 0.002 -2"><span class='ocrx_word' id='word_1_236' title='bbox 1350 255 1538 286; x_wconf 66' lang='lat' dir='ltr'>,menter</span> <span class='ocrx_word' id='word_1_237' title='bbox 1548 276 1556 284; x_wconf 91' lang='lat'>.</span> <span class='ocrx_word' id='word_1_238' title='bbox 1596 255 1764 287; x_wconf 68' lang='lat' dir='ltr'>CONSTA</span> <span class='ocrx_word' id='word_1_239' title='bbox 1774 256 1952 287; x_wconf 67' lang='grc' dir='ltr'><strong>ΝΤΙΝΟΡ.</strong></span> 
     </span>
    </p>
   </div>
   <div class='ocr_carea' id='block_1_7' title="bbox 1337 338 2414 2226">
    <p class='ocr_par' dir='ltr' id='par_1_7' title="bbox 1381 338 2409 941">
     <span class='ocr_line' id='line_1_41' title="bbox 1384 338 2402 390; baseline 0 -14"><span class='ocrx_word' id='word_1_240' title='bbox 1384 338 1433 388; x_wconf 83' lang='grc' dir='ltr'>μὴ</span> <span class='ocrx_word' id='word_1_241' title='bbox 1450 342 1680 390; x_wconf 81' lang='grc' dir='ltr'>προσκεῖσθαι</span> <span class='ocrx_word' id='word_1_242' title='bbox 1698 338 1822 384; x_wconf 77' lang='grc' dir='ltr'>ἔξωθεν</span> <span class='ocrx_word' id='word_1_243' title='bbox 1841 338 1906 385; x_wconf 85' lang='grc' dir='ltr'>τὴν</span> <span class='ocrx_word' id='word_1_244' title='bbox 1925 338 1996 377; x_wconf 76' lang='grc' dir='ltr'>ἀπὸ</span> <span class='ocrx_word' id='word_1_245' title='bbox 2013 338 2075 383; x_wconf 81' lang='grc' dir='ltr'>τῆς</span> <span class='ocrx_word' id='word_1_246' title='bbox 2094 338 2240 390; x_wconf 75' lang='grc' dir='ltr'>θεωρίας</span> <span class='ocrx_word' id='word_1_247' title='bbox 2257 338 2343 386; x_wconf 72' lang='grc' dir='ltr'>ὅλην</span> <span class='ocrx_word' id='word_1_248' title='bbox 2358 340 2402 390; x_wconf 75' lang='grc' dir='ltr'>τῇ</span> 
     </span>
     <span class='ocr_line' id='line_1_42' title="bbox 1383 398 2405 452; baseline 0.001 -15"><span class='ocrx_word' id='word_1_249' title='bbox 1383 399 1497 451; x_wconf 88' lang='grc' dir='ltr'>φλογί.</span> <span class='ocrx_word' id='word_1_250' title='bbox 1513 400 1582 438; x_wconf 79' lang='grc' dir='ltr'>Καὶ</span> <span class='ocrx_word' id='word_1_251' title='bbox 1598 403 1617 439; x_wconf 82' lang='grc' dir='ltr'>ὁ</span> <span class='ocrx_word' id='word_1_252' title='bbox 1633 399 1696 451; x_wconf 74' lang='grc' dir='ltr'>μὲν</span> <span class='ocrx_word' id='word_1_253' title='bbox 1709 400 1860 452; x_wconf 73' lang='grc' dir='ltr'>μοναχὸς</span> <span class='ocrx_word' id='word_1_254' title='bbox 1873 400 1962 452; x_wconf 80' lang='grc' dir='ltr'>ὑπὲρ</span> <span class='ocrx_word' id='word_1_255' title='bbox 1977 400 2101 438; x_wconf 75' lang='grc' dir='ltr'>ἑαυτοῦ</span> <span class='ocrx_word' id='word_1_256' title='bbox 2119 398 2224 450; x_wconf 84' lang='grc' dir='ltr'>μόνου</span> <span class='ocrx_word' id='word_1_257' title='bbox 2241 399 2405 439; x_wconf 83' lang='grc' dir='ltr'>δέδοικεν·</span> 
     </span>
     <span class='ocr_line' id='line_1_43' title="bbox 1386 460 2408 514; baseline 0.003 -17"><span class='ocrx_word' id='word_1_258' title='bbox 1386 462 1414 498; x_wconf 76' lang='grc' dir='ltr'>εἰ</span> <span class='ocrx_word' id='word_1_259' title='bbox 1434 460 1469 498; x_wconf 84' lang='grc' dir='ltr'>δὲ</span> <span class='ocrx_word' id='word_1_260' title='bbox 1489 461 1550 500; x_wconf 80' lang='grc' dir='ltr'>καὶ</span> <span class='ocrx_word' id='word_1_261' title='bbox 1566 460 1691 512; x_wconf 80' lang='grc' dir='ltr'>ἐτέρων</span> <span class='ocrx_word' id='word_1_262' title='bbox 1710 461 1901 514; x_wconf 79' lang='grc' dir='ltr'>φροντίζειν</span> <span class='ocrx_word' id='word_1_263' title='bbox 1922 460 2173 512; x_wconf 81' lang='grc' dir='ltr'>ἀναγκασθείη,</span> <span class='ocrx_word' id='word_1_264' title='bbox 2194 462 2272 500; x_wconf 76' lang='grc' dir='ltr'>ἀλλ’</span> <span class='ocrx_word' id='word_1_265' title='bbox 2292 462 2408 513; x_wconf 80' lang='grc' dir='ltr'>εὐαρι-</span> 
     </span>
     <span class='ocr_line' id='line_1_44' title="bbox 1384 516 2409 572; baseline 0.001 -12"><span class='ocrx_word' id='word_1_266' title='bbox 1384 522 1527 572; x_wconf 71' lang='grc' dir='ltr'>θμήτων</span> <span class='ocrx_word' id='word_1_267' title='bbox 1554 522 1635 562; x_wconf 90' lang='grc' dir='ltr'>λίαν</span> <span class='ocrx_word' id='word_1_268' title='bbox 1649 536 1657 545; x_wconf 90' lang='grc'><em>·</em></span> <span class='ocrx_word' id='word_1_269' title='bbox 1676 524 1706 561; x_wconf 78' lang='grc' dir='ltr'>εἰ</span> <span class='ocrx_word' id='word_1_270' title='bbox 1736 522 1773 562; x_wconf 81' lang='grc' dir='ltr'>δὲ</span> <span class='ocrx_word' id='word_1_271' title='bbox 1802 523 1862 561; x_wconf 77' lang='grc' dir='ltr'>καὶ</span> <span class='ocrx_word' id='word_1_272' title='bbox 1887 522 2043 566; x_wconf 88' lang='grc' dir='ltr'>πλείονες</span> <span class='ocrx_word' id='word_1_273' title='bbox 2062 516 2149 569; x_wconf 72' lang='grc' dir='ltr'>εἶεν,</span> <span class='ocrx_word' id='word_1_274' title='bbox 2176 522 2268 561; x_wconf 77' lang='grc' dir='ltr'>ἀλλὰ</span> <span class='ocrx_word' id='word_1_275' title='bbox 2286 525 2355 561; x_wconf 83' lang='grc' dir='ltr'>τῶν</span> <span class='ocrx_word' id='word_1_276' title='bbox 2373 525 2409 562; x_wconf 73' lang='grc' dir='ltr'>ἐν</span> 
     </span>
     <span class='ocr_line' id='line_1_45' title="bbox 1384 582 2407 635; baseline 0.001 -15"><span class='ocrx_word' id='word_1_277' title='bbox 1384 590 1459 626; x_wconf 88' lang='grc' dir='ltr'>ταῖς</span> <span class='ocrx_word' id='word_1_278' title='bbox 1477 582 1706 631; x_wconf 83' lang='grc' dir='ltr'>Ἐκκλησίαις</span> <span class='ocrx_word' id='word_1_279' title='bbox 1721 583 1883 627; x_wconf 76' lang='grc' dir='ltr'>ἐλάττους</span> <span class='ocrx_word' id='word_1_280' title='bbox 1901 584 1939 622; x_wconf 75' lang='grc' dir='ltr'>τέ</span> <span class='ocrx_word' id='word_1_281' title='bbox 1959 585 2040 631; x_wconf 84' lang='grc' dir='ltr'>εἰσι,</span> <span class='ocrx_word' id='word_1_282' title='bbox 2057 584 2117 622; x_wconf 80' lang='grc' dir='ltr'>καὶ</span> <span class='ocrx_word' id='word_1_283' title='bbox 2138 582 2200 627; x_wconf 76' lang='grc' dir='ltr'>τὰς</span> <span class='ocrx_word' id='word_1_284' title='bbox 2219 582 2309 635; x_wconf 61' lang='grc' dir='ltr'>ὅπερ</span> <span class='ocrx_word' id='word_1_285' title='bbox 2321 585 2407 622; x_wconf 74' lang='grc' dir='ltr'>ἑαυ-</span> 
     </span>
     <span class='ocr_line' id='line_1_46' title="bbox 1382 643 2408 698; baseline 0 -16"><span class='ocrx_word' id='word_1_286' title='bbox 1382 645 1452 682; x_wconf 79' lang='grc' dir='ltr'>τῶν</span> <span class='ocrx_word' id='word_1_287' title='bbox 1486 644 1670 696; x_wconf 78' lang='grc' dir='ltr'>φροντίδας</span> <span class='ocrx_word' id='word_1_288' title='bbox 1700 646 1820 698; x_wconf 84' lang='grc' dir='ltr'>πολλῷ</span> <span class='ocrx_word' id='word_1_289' title='bbox 1859 643 2071 697; x_wconf 72' lang='grc' dir='ltr'>κουφοτέρας</span> <span class='ocrx_word' id='word_1_290' title='bbox 2100 643 2295 696; x_wconf 77' lang='grc' dir='ltr'>παρέχωσι</span> <span class='ocrx_word' id='word_1_291' title='bbox 2321 643 2408 697; x_wconf 58' lang='grc' dir='ltr'>*τῷ</span> 
     </span>
     <span class='ocr_line' id='line_1_47' title="bbox 1382 703 2409 758; baseline 0.001 -15"><span class='ocrx_word' id='word_1_292' title='bbox 1382 707 1592 758; x_wconf 78' lang='grc' dir='ltr'>προεστῶτι,</span> <span class='ocrx_word' id='word_1_293' title='bbox 1607 706 1646 745; x_wconf 84' lang='grc' dir='ltr'>οὗ</span> <span class='ocrx_word' id='word_1_294' title='bbox 1662 706 1720 744; x_wconf 74' lang='grc' dir='ltr'>διὰ</span> <span class='ocrx_word' id='word_1_295' title='bbox 1741 705 1805 752; x_wconf 80' lang='grc' dir='ltr'>τὴν</span> <span class='ocrx_word' id='word_1_296' title='bbox 1826 704 2015 756; x_wconf 78' lang='grc' dir='ltr'>ὀλιγότητα</span> <span class='ocrx_word' id='word_1_297' title='bbox 2033 703 2151 755; x_wconf 83' lang='grc' dir='ltr'>μόνον,</span> <span class='ocrx_word' id='word_1_298' title='bbox 2168 704 2248 743; x_wconf 76' lang='grc' dir='ltr'>ἀλλ’</span> <span class='ocrx_word' id='word_1_299' title='bbox 2272 703 2327 743; x_wconf 77' lang='grc' dir='ltr'>ὅτι</span> <span class='ocrx_word' id='word_1_300' title='bbox 2347 705 2409 744; x_wconf 82' lang='grc' dir='ltr'>καὶ</span> 
     </span>
     <span class='ocr_line' id='line_1_48' title="bbox 1381 764 2406 817; baseline -0.001 -13"><span class='ocrx_word' id='word_1_301' title='bbox 1381 765 1509 810; x_wconf 78' lang='grc' dir='ltr'>πάντες</span> <span class='ocrx_word' id='word_1_302' title='bbox 1531 768 1600 804; x_wconf 84' lang='grc' dir='ltr'>τῶν</span> <span class='ocrx_word' id='word_1_303' title='bbox 1627 767 1807 817; x_wconf 84' lang='grc' dir='ltr'>κοσμικῶν</span> <span class='ocrx_word' id='word_1_304' title='bbox 1834 766 1920 804; x_wconf 79' lang='grc' dir='ltr'>εἰσιν</span> <span class='ocrx_word' id='word_1_305' title='bbox 1949 764 2218 816; x_wconf 73' lang='grc' dir='ltr'>ἀπηλλαγμένοι</span> <span class='ocrx_word' id='word_1_306' title='bbox 2238 765 2406 817; x_wconf 73' lang='grc' dir='ltr'>πραγμά·</span> 
     </span>
     <span class='ocr_line' id='line_1_49' title="bbox 1382 825 2408 878; baseline 0.001 -14"><span class='ocrx_word' id='word_1_307' title='bbox 1382 843 1451 865; x_wconf 88' lang='grc' dir='ltr'>των</span> <span class='ocrx_word' id='word_1_308' title='bbox 1465 858 1473 871; x_wconf 82' lang='grc'>,</span> <span class='ocrx_word' id='word_1_309' title='bbox 1494 827 1554 866; x_wconf 78' lang='grc' dir='ltr'>καὶ</span> <span class='ocrx_word' id='word_1_310' title='bbox 1573 827 1652 866; x_wconf 77' lang='grc' dir='ltr'>οὔτε</span> <span class='ocrx_word' id='word_1_311' title='bbox 1680 828 1830 873; x_wconf 88' lang='grc' dir='ltr'>παῖδας,</span> <span class='ocrx_word' id='word_1_312' title='bbox 1852 826 1930 864; x_wconf 84' lang='grc' dir='ltr'>οὗτε</span> <span class='ocrx_word' id='word_1_313' title='bbox 1959 832 2128 878; x_wconf 85' lang='grc' dir='ltr'>γυναῖκα.</span> <span class='ocrx_word' id='word_1_314' title='bbox 2152 825 2231 865; x_wconf 77' lang='grc' dir='ltr'>οὔτε</span> <span class='ocrx_word' id='word_1_315' title='bbox 2258 826 2346 865; x_wconf 77' lang='grc' dir='ltr'>ἄλλο</span> <span class='ocrx_word' id='word_1_316' title='bbox 2373 841 2408 865; x_wconf 87' lang='grc' dir='ltr'>τι</span> 
     </span>
     <span class='ocr_line' id='line_1_50' title="bbox 1383 885 2406 941; baseline 0 -15"><span class='ocrx_word' id='word_1_317' title='bbox 1383 895 1557 941; x_wconf 76' lang='grc' dir='ltr'>μεριμνᾷν</span> <span class='ocrx_word' id='word_1_318' title='bbox 1585 889 1707 940; x_wconf 72' lang='grc' dir='ltr'>ἔχουσι</span> <span class='ocrx_word' id='word_1_319' title='bbox 1740 892 1888 927; x_wconf 83' lang='grc' dir='ltr'>τοιοῦτο.</span> <span class='ocrx_word' id='word_1_320' title='bbox 1907 889 2023 927; x_wconf 80' lang='grc' dir='ltr'>Τοῦτο</span> <span class='ocrx_word' id='word_1_321' title='bbox 2044 887 2080 927; x_wconf 77' lang='grc' dir='ltr'>δὲ</span> <span class='ocrx_word' id='word_1_322' title='bbox 2114 885 2237 930; x_wconf 71' lang='grc' dir='ltr'>αὐτοὺς</span> <span class='ocrx_word' id='word_1_323' title='bbox 2256 887 2335 926; x_wconf 85' lang='grc' dir='ltr'>λίαν</span> <span class='ocrx_word' id='word_1_324' title='bbox 2368 903 2406 926; x_wconf 87' lang='grc' dir='ltr'>τε</span> 
     </span>
    </p>

    <p class='ocr_par' dir='ltr' id='par_1_8' title="bbox 1338 943 2408 1239">
     <span class='ocr_line' id='line_1_51' title="bbox 1338 943 2408 1000; baseline 0.002 -14"><span class='ocrx_word' id='word_1_325' title='bbox 1338 956 1362 986; x_wconf 89' lang='lat' dir='ltr'>D</span> <span class='ocrx_word' id='word_1_326' title='bbox 1383 943 1471 988; x_wconf 76' lang='grc' dir='ltr'>εἶναι</span> <span class='ocrx_word' id='word_1_327' title='bbox 1488 951 1657 993; x_wconf 75' lang='grc' dir='ltr'>εὐπειθεῖς</span> <span class='ocrx_word' id='word_1_328' title='bbox 1677 955 1748 992; x_wconf 89' lang='grc' dir='ltr'>τοῖς</span> <span class='ocrx_word' id='word_1_329' title='bbox 1766 948 1973 1000; x_wconf 79' lang='grc' dir='ltr'>ἡγουμένοις</span> <span class='ocrx_word' id='word_1_330' title='bbox 1990 948 2051 987; x_wconf 79' lang='grc' dir='ltr'>καὶ</span> <span class='ocrx_word' id='word_1_331' title='bbox 2068 948 2108 987; x_wconf 82' lang='grc' dir='ltr'>τὸ</span> <span class='ocrx_word' id='word_1_332' title='bbox 2129 947 2249 995; x_wconf 85' lang='grc' dir='ltr'>κοινὴν</span> <span class='ocrx_word' id='word_1_333' title='bbox 2269 947 2335 995; x_wconf 75' lang='grc' dir='ltr'>τὴν</span> <span class='ocrx_word' id='word_1_334' title='bbox 2353 948 2408 988; x_wconf 65' lang='grc' dir='ltr'>οἵ·</span> 
     </span>
     <span class='ocr_line' id='line_1_52' title="bbox 1382 1008 2407 1062; baseline 0 -14"><span class='ocrx_word' id='word_1_335' title='bbox 1382 1026 1484 1058; x_wconf 86' lang='grc' dir='ltr'>κησιν</span> <span class='ocrx_word' id='word_1_336' title='bbox 1502 1010 1597 1062; x_wconf 77' lang='grc' dir='ltr'>ἔχειν</span> <span class='ocrx_word' id='word_1_337' title='bbox 1621 1011 1805 1058; x_wconf 77' lang='grc' dir='ltr'>ἐποίησεν,</span> <span class='ocrx_word' id='word_1_338' title='bbox 1824 1012 1871 1054; x_wconf 83' lang='grc' dir='ltr'>ὡς</span> <span class='ocrx_word' id='word_1_339' title='bbox 1895 1009 2063 1048; x_wconf 86' lang='grc' dir='ltr'>δύνασθαι</span> <span class='ocrx_word' id='word_1_340' title='bbox 2089 1010 2203 1047; x_wconf 75' lang='grc' dir='ltr'>αὐτῶν</span> <span class='ocrx_word' id='word_1_341' title='bbox 2229 1008 2276 1047; x_wconf 72' lang='grc' dir='ltr'>τὰ</span> <span class='ocrx_word' id='word_1_342' title='bbox 2297 1010 2407 1048; x_wconf 86' lang='grc' dir='ltr'>πταί-</span> 
     </span>
     <span class='ocr_line' id='line_1_53' title="bbox 1383 1070 2406 1124; baseline 0 -14"><span class='ocrx_word' id='word_1_343' title='bbox 1383 1087 1502 1122; x_wconf 82' lang='grc' dir='ltr'>σματα</span> <span class='ocrx_word' id='word_1_344' title='bbox 1523 1073 1676 1124; x_wconf 70' lang='grc' dir='ltr'>ἀκριὸῶς</span> <span class='ocrx_word' id='word_1_345' title='bbox 1700 1078 1847 1123; x_wconf 76' lang='grc' dir='ltr'>συνορᾷν</span> <span class='ocrx_word' id='word_1_346' title='bbox 1868 1087 1906 1110; x_wconf 88' lang='grc' dir='ltr'>τε</span> <span class='ocrx_word' id='word_1_347' title='bbox 1922 1071 1982 1109; x_wconf 82' lang='grc' dir='ltr'>καὶ</span> <span class='ocrx_word' id='word_1_348' title='bbox 2002 1073 2230 1122; x_wconf 73' lang='grc' dir='ltr'>ἐπανορθοῦν,</span> <span class='ocrx_word' id='word_1_349' title='bbox 2251 1070 2339 1122; x_wconf 75' lang='grc' dir='ltr'>ὅπερ</span> <span class='ocrx_word' id='word_1_350' title='bbox 2368 1073 2406 1110; x_wconf 82' lang='grc' dir='ltr'>οὗ</span> 
     </span>
     <span class='ocr_line' id='line_1_54' title="bbox 1385 1132 2408 1185; baseline 0 -15"><span class='ocrx_word' id='word_1_351' title='bbox 1385 1133 1509 1184; x_wconf 76' lang='grc' dir='ltr'>μικρὸν</span> <span class='ocrx_word' id='word_1_352' title='bbox 1529 1134 1614 1185; x_wconf 83' lang='grc' dir='ltr'>πρὸς</span> <span class='ocrx_word' id='word_1_353' title='bbox 1631 1134 1757 1185; x_wconf 74' lang='grc' dir='ltr'>ἀρετῆς</span> <span class='ocrx_word' id='word_1_354' title='bbox 1776 1133 1943 1180; x_wconf 80' lang='grc' dir='ltr'>ἐπίδοσιν,</span> <span class='ocrx_word' id='word_1_355' title='bbox 1962 1132 2149 1171; x_wconf 81' lang='grc' dir='ltr'>ἐπιστασία</span> <span class='ocrx_word' id='word_1_356' title='bbox 2165 1132 2408 1172; x_wconf 67' lang='grc' dir='ltr'>εδιδασκάλων</span> 
     </span>
     <span class='ocr_line' id='line_1_55' title="bbox 1384 1193 1561 1239; baseline 0 -9"><span class='ocrx_word' id='word_1_357' title='bbox 1384 1193 1561 1239; x_wconf 77' lang='grc' dir='ltr'>διηνεκῆς.</span> 
     </span>
    </p>

    <p class='ocr_par' dir='ltr' id='par_1_9' title="bbox 1381 1253 2411 1612">
     <span class='ocr_line' id='line_1_56' title="bbox 1437 1253 2410 1305; baseline 0.001 -13"><span class='ocrx_word' id='word_1_358' title='bbox 1437 1255 1519 1292; x_wconf 83' lang='grc' dir='ltr'>Τῶν</span> <span class='ocrx_word' id='word_1_359' title='bbox 1536 1253 1572 1292; x_wconf 82' lang='grc' dir='ltr'>δὲ</span> <span class='ocrx_word' id='word_1_360' title='bbox 1591 1253 1659 1291; x_wconf 78' lang='grc' dir='ltr'>ὑπὸ</span> <span class='ocrx_word' id='word_1_361' title='bbox 1683 1256 1733 1304; x_wconf 86' lang='grc' dir='ltr'>τῷ</span> <span class='ocrx_word' id='word_1_362' title='bbox 1748 1255 1834 1305; x_wconf 77' lang='grc' dir='ltr'>ἱερεῖ</span> <span class='ocrx_word' id='word_1_363' title='bbox 1857 1253 2080 1304; x_wconf 82' lang='grc' dir='ltr'>τεταγμένων</span> <span class='ocrx_word' id='word_1_364' title='bbox 2099 1254 2140 1291; x_wconf 80' lang='grc' dir='ltr'>τὸ</span> <span class='ocrx_word' id='word_1_365' title='bbox 2158 1253 2264 1292; x_wconf 77' lang='grc' dir='ltr'>πλέον</span> <span class='ocrx_word' id='word_1_366' title='bbox 2283 1256 2385 1305; x_wconf 87' lang='grc' dir='ltr'>βιωτι</span> <span class='ocrx_word' id='word_1_367' title='bbox 2397 1276 2410 1284; x_wconf 83' lang='grc'><em>·</em></span> 
     </span>
     <span class='ocr_line' id='line_1_57' title="bbox 1384 1311 2409 1365; baseline 0 -12"><span class='ocrx_word' id='word_1_368' title='bbox 1384 1320 1463 1357; x_wconf 84' lang='grc' dir='ltr'>καῖς</span> <span class='ocrx_word' id='word_1_369' title='bbox 1485 1313 1683 1360; x_wconf 86' lang='grc' dir='ltr'>πεπέδηται</span> <span class='ocrx_word' id='word_1_370' title='bbox 1711 1311 1890 1365; x_wconf 85' lang='grc' dir='ltr'>φροντίσι,</span> <span class='ocrx_word' id='word_1_371' title='bbox 1910 1313 1970 1351; x_wconf 76' lang='grc' dir='ltr'>καὶ</span> <span class='ocrx_word' id='word_1_372' title='bbox 1988 1315 2092 1351; x_wconf 80' lang='grc' dir='ltr'>τοῦτο</span> <span class='ocrx_word' id='word_1_373' title='bbox 2111 1313 2236 1357; x_wconf 75' lang='grc' dir='ltr'>αὖτοὺς</span> <span class='ocrx_word' id='word_1_374' title='bbox 2258 1314 2409 1365; x_wconf 75' lang='grc' dir='ltr'>ἀργοτί-</span> 
     </span>
     <span class='ocr_line' id='line_1_58' title="bbox 1385 1373 2407 1428; baseline 0.001 -15"><span class='ocrx_word' id='word_1_375' title='bbox 1385 1391 1461 1428; x_wconf 86' lang='grc' dir='ltr'>ρους</span> <span class='ocrx_word' id='word_1_376' title='bbox 1476 1374 1560 1426; x_wconf 81' lang='grc' dir='ltr'>πρὸς</span> <span class='ocrx_word' id='word_1_377' title='bbox 1573 1374 1636 1422; x_wconf 78' lang='grc' dir='ltr'>τὴν</span> <span class='ocrx_word' id='word_1_378' title='bbox 1655 1376 1724 1412; x_wconf 84' lang='grc' dir='ltr'>τῶν</span> <span class='ocrx_word' id='word_1_379' title='bbox 1742 1376 1991 1424; x_wconf 78' lang='grc' dir='ltr'>πνευματικῶν</span> <span class='ocrx_word' id='word_1_380' title='bbox 2007 1373 2173 1426; x_wconf 82' lang='grc' dir='ltr'>ἐργασίαν</span> <span class='ocrx_word' id='word_1_381' title='bbox 2187 1374 2407 1422; x_wconf 68' lang='grc' dir='ltr'>καθίστησιν.</span> 
     </span>
     <span class='ocr_line' id='line_1_59' title="bbox 1381 1434 2410 1488; baseline 0.001 -14"><span class='ocrx_word' id='word_1_382' title='bbox 1381 1435 1491 1475; x_wconf 79' lang='lat' dir='ltr'>‘&#39;OOev</span> <span class='ocrx_word' id='word_1_383' title='bbox 1513 1435 1649 1486; x_wconf 79' lang='grc' dir='ltr'>ἀνάγκη</span> <span class='ocrx_word' id='word_1_384' title='bbox 1673 1436 1724 1488; x_wconf 80' lang='grc' dir='ltr'>τῷ</span> <span class='ocrx_word' id='word_1_385' title='bbox 1744 1434 1945 1487; x_wconf 81' lang='grc' dir='ltr'>διδασκάλῳ</span> <span class='ocrx_word' id='word_1_386' title='bbox 1974 1435 2128 1488; x_wconf 80' lang='grc' dir='ltr'>σπείρειν</span> <span class='ocrx_word' id='word_1_387' title='bbox 2147 1437 2226 1474; x_wconf 84' lang='grc' dir='ltr'>καθ’</span> <span class='ocrx_word' id='word_1_388' title='bbox 2244 1436 2410 1484; x_wconf 73' lang='grc' dir='ltr'>ἑκάστην,</span> 
     </span>
     <span class='ocr_line' id='line_1_60' title="bbox 1383 1495 2409 1552; baseline 0.001 -17"><span class='ocrx_word' id='word_1_389' title='bbox 1383 1501 1429 1541; x_wconf 83' lang='grc' dir='ltr'>ὡς</span> <span class='ocrx_word' id='word_1_390' title='bbox 1466 1499 1596 1544; x_wconf 85' lang='grc' dir='ltr'>εἰπεῖν,</span> <span class='ocrx_word' id='word_1_391' title='bbox 1617 1496 1773 1548; x_wconf 71' lang='grc' dir='ltr'>ἡμέραν,</span> <span class='ocrx_word' id='word_1_392' title='bbox 1792 1495 1850 1534; x_wconf 76' lang='grc' dir='ltr'>ἵνα</span> <span class='ocrx_word' id='word_1_393' title='bbox 1883 1497 1926 1548; x_wconf 78' lang='grc' dir='ltr'>τῇ</span> <span class='ocrx_word' id='word_1_394' title='bbox 1954 1499 2035 1547; x_wconf 74' lang='grc' dir='ltr'>γοῦν</span> <span class='ocrx_word' id='word_1_395' title='bbox 2067 1495 2255 1552; x_wconf 57' lang='grc' dir='ltr'>’συνεχείᾳ</span> <span class='ocrx_word' id='word_1_396' title='bbox 2279 1498 2409 1549; x_wconf 79' lang='grc' dir='ltr'>δυνηθῇ</span> 
     </span>
     <span class='ocr_line' id='line_1_61' title="bbox 1383 1557 2411 1612; baseline 0.002 -15"><span class='ocrx_word' id='word_1_397' title='bbox 1383 1561 1601 1612; x_wconf 74' lang='grc' dir='ltr'>κρατηθῆναι</span> <span class='ocrx_word' id='word_1_398' title='bbox 1629 1557 1727 1610; x_wconf 79' lang='grc' dir='ltr'>παρὰ</span> <span class='ocrx_word' id='word_1_399' title='bbox 1752 1563 1824 1601; x_wconf 86' lang='grc' dir='ltr'>τοῖς</span> <span class='ocrx_word' id='word_1_400' title='bbox 1857 1557 2020 1596; x_wconf 82' lang='grc' dir='ltr'>ἀκούουσι</span> <span class='ocrx_word' id='word_1_401' title='bbox 2053 1560 2116 1605; x_wconf 73' lang='grc' dir='ltr'>τῆς</span> <span class='ocrx_word' id='word_1_402' title='bbox 2147 1559 2374 1604; x_wconf 83' lang='grc' dir='ltr'>διδασκαλίας</span> <span class='ocrx_word' id='word_1_403' title='bbox 2392 1564 2411 1599; x_wconf 80' lang='grc' dir='ltr'><strong>ὁ</strong></span> 
     </span>
    </p>

    <p class='ocr_par' dir='ltr' id='par_1_10' title="bbox 1337 1618 2414 2226">
     <span class='ocr_line' id='line_1_62' title="bbox 1337 1618 2410 1671; baseline 0.005 -16"><span class='ocrx_word' id='word_1_404' title='bbox 1337 1626 1361 1655; x_wconf 79' lang='lat' dir='ltr'><strong>E</strong></span> <span class='ocrx_word' id='word_1_405' title='bbox 1383 1620 1498 1671; x_wconf 82' lang='grc' dir='ltr'>λόγος.</span> <span class='ocrx_word' id='word_1_406' title='bbox 1521 1619 1592 1658; x_wconf 75' lang='grc' dir='ltr'>Καὶ</span> <span class='ocrx_word' id='word_1_407' title='bbox 1614 1618 1683 1671; x_wconf 85' lang='grc' dir='ltr'>γὰρ</span> <span class='ocrx_word' id='word_1_408' title='bbox 1712 1621 1858 1663; x_wconf 77' lang='grc' dir='ltr'>πλοῦτος</span> <span class='ocrx_word' id='word_1_409' title='bbox 1886 1618 2097 1671; x_wconf 79' lang='grc' dir='ltr'>ὑπέρογκος,</span> <span class='ocrx_word' id='word_1_410' title='bbox 2119 1620 2180 1659; x_wconf 73' lang='grc' dir='ltr'>καὶ</span> <span class='ocrx_word' id='word_1_411' title='bbox 2209 1620 2410 1666; x_wconf 83' lang='grc' dir='ltr'>δυναστείας</span> 
     </span>
     <span class='ocr_line' id='line_1_63' title="bbox 1385 1680 2411 1735; baseline 0.002 -16"><span class='ocrx_word' id='word_1_412' title='bbox 1385 1681 1546 1732; x_wconf 83' lang='grc' dir='ltr'>μέγεθος,</span> <span class='ocrx_word' id='word_1_413' title='bbox 1566 1681 1627 1720; x_wconf 80' lang='grc' dir='ltr'>καὶ</span> <span class='ocrx_word' id='word_1_414' title='bbox 1647 1680 1798 1735; x_wconf 62' lang='grc' dir='ltr'>ῥᾳθυμία</span> <span class='ocrx_word' id='word_1_415' title='bbox 1818 1681 1889 1719; x_wconf 83' lang='grc' dir='ltr'>ἀπὸ</span> <span class='ocrx_word' id='word_1_416' title='bbox 1915 1683 2045 1733; x_wconf 72' lang='grc' dir='ltr'>τρυφῆς</span> <span class='ocrx_word' id='word_1_417' title='bbox 2059 1681 2335 1734; x_wconf 77' lang='grc' dir='ltr'>προσγινομένη,</span> <span class='ocrx_word' id='word_1_418' title='bbox 2350 1683 2411 1721; x_wconf 79' lang='grc' dir='ltr'>καὶ</span> 
     </span>
     <span class='ocr_line' id='line_1_64' title="bbox 1384 1741 2408 1796; baseline 0.001 -15"><span class='ocrx_word' id='word_1_419' title='bbox 1384 1743 1499 1782; x_wconf 69' lang='grc' dir='ltr'>πολλὰ</span> <span class='ocrx_word' id='word_1_420' title='bbox 1515 1742 1618 1796; x_wconf 82' lang='grc' dir='ltr'>ἕτερα</span> <span class='ocrx_word' id='word_1_421' title='bbox 1641 1741 1725 1794; x_wconf 82' lang='grc' dir='ltr'>πρὸς</span> <span class='ocrx_word' id='word_1_422' title='bbox 1743 1741 1893 1790; x_wconf 79' lang='grc' dir='ltr'>τούτοις,</span> <span class='ocrx_word' id='word_1_423' title='bbox 1912 1742 2099 1793; x_wconf 77' lang='grc' dir='ltr'>συμπνίγει</span> <span class='ocrx_word' id='word_1_424' title='bbox 2119 1741 2164 1780; x_wconf 74' lang='grc' dir='ltr'>τὰ</span> <span class='ocrx_word' id='word_1_425' title='bbox 2186 1743 2408 1782; x_wconf 67' lang='grc' dir='ltr'>καταθαλλό-</span> 
     </span>
     <span class='ocr_line' id='line_1_65' title="bbox 1387 1803 2407 1857; baseline 0.002 -15"><span class='ocrx_word' id='word_1_426' title='bbox 1387 1820 1474 1855; x_wconf 89' lang='grc' dir='ltr'>μενα</span> <span class='ocrx_word' id='word_1_427' title='bbox 1494 1805 1685 1857; x_wconf 86' lang='grc' dir='ltr'>σπέρματα</span> <span class='ocrx_word' id='word_1_428' title='bbox 1698 1820 1705 1827; x_wconf 94' lang='grc'>·</span> <span class='ocrx_word' id='word_1_429' title='bbox 1729 1803 1898 1847; x_wconf 78' lang='grc' dir='ltr'>πολλάκις</span> <span class='ocrx_word' id='word_1_430' title='bbox 1915 1803 1951 1841; x_wconf 80' lang='grc' dir='ltr'>δὲ</span> <span class='ocrx_word' id='word_1_431' title='bbox 1972 1806 1994 1851; x_wconf 82' lang='grc' dir='ltr'>ἡ</span> <span class='ocrx_word' id='word_1_432' title='bbox 2015 1806 2084 1841; x_wconf 84' lang='grc' dir='ltr'>τῶν</span> <span class='ocrx_word' id='word_1_433' title='bbox 2100 1805 2260 1842; x_wconf 79' lang='grc' dir='ltr'>ἀκανθῶν</span> <span class='ocrx_word' id='word_1_434' title='bbox 2278 1805 2407 1844; x_wconf 81' lang='grc' dir='ltr'>πυκνό-</span> 
     </span>
     <span class='ocr_line' id='line_1_66' title="bbox 1386 1863 2409 1918; baseline 0.001 -15"><span class='ocrx_word' id='word_1_435' title='bbox 1386 1881 1448 1912; x_wconf 88' lang='grc' dir='ltr'>της</span> <span class='ocrx_word' id='word_1_436' title='bbox 1468 1865 1543 1904; x_wconf 80' lang='grc' dir='ltr'>οὐδὲ</span> <span class='ocrx_word' id='word_1_437' title='bbox 1568 1864 1674 1918; x_wconf 69' lang='grc' dir='ltr'>μέχρι</span> <span class='ocrx_word' id='word_1_438' title='bbox 1696 1866 1758 1912; x_wconf 82' lang='grc' dir='ltr'>τῆς</span> <span class='ocrx_word' id='word_1_439' title='bbox 1784 1864 1987 1917; x_wconf 81' lang='grc' dir='ltr'>ἐπιφανείας</span> <span class='ocrx_word' id='word_1_440' title='bbox 2007 1863 2133 1916; x_wconf 72' lang='grc' dir='ltr'>ἀφίησι</span> <span class='ocrx_word' id='word_1_441' title='bbox 2153 1864 2192 1903; x_wconf 85' lang='grc' dir='ltr'>τὸ</span> <span class='ocrx_word' id='word_1_442' title='bbox 2221 1866 2409 1918; x_wconf 84' lang='grc' dir='ltr'>σπειρόμε-</span> 
     </span>
     <span class='ocr_line' id='line_1_67' title="bbox 1387 1925 2410 1979; baseline 0.002 -15"><span class='ocrx_word' id='word_1_443' title='bbox 1387 1943 1443 1965; x_wconf 91' lang='grc' dir='ltr'>νον</span> <span class='ocrx_word' id='word_1_444' title='bbox 1477 1932 1610 1966; x_wconf 78' lang='grc' dir='ltr'>πεσεῖν.</span> <span class='ocrx_word' id='word_1_445' title='bbox 1645 1925 1740 1972; x_wconf 81' lang='grc' dir='ltr'>Ἥδη</span> <span class='ocrx_word' id='word_1_446' title='bbox 1770 1925 1806 1964; x_wconf 79' lang='grc' dir='ltr'>δὲ</span> <span class='ocrx_word' id='word_1_447' title='bbox 1840 1926 1899 1964; x_wconf 80' lang='grc' dir='ltr'>καὶ</span> <span class='ocrx_word' id='word_1_448' title='bbox 1933 1926 2082 1978; x_wconf 71' lang='grc' dir='ltr'>θλίψεως</span> <span class='ocrx_word' id='word_1_449' title='bbox 2118 1926 2296 1979; x_wconf 71' lang='grc' dir='ltr'>ὓπερὸολὴ</span> <span class='ocrx_word' id='word_1_450' title='bbox 2310 1956 2320 1975; x_wconf 83' lang='grc'>,</span> <span class='ocrx_word' id='word_1_451' title='bbox 2350 1927 2410 1966; x_wconf 76' lang='grc' dir='ltr'>καὶ</span> 
     </span>
     <span class='ocr_line' id='line_1_68' title="bbox 1386 1987 2411 2040; baseline 0 -13"><span class='ocrx_word' id='word_1_452' title='bbox 1386 1988 1506 2032; x_wconf 86' lang='grc' dir='ltr'>πενίας</span> <span class='ocrx_word' id='word_1_453' title='bbox 1546 1989 1701 2040; x_wconf 74' lang='grc' dir='ltr'>ἀνάγκη,</span> <span class='ocrx_word' id='word_1_454' title='bbox 1731 1987 1791 2026; x_wconf 74' lang='grc' dir='ltr'>καὶ</span> <span class='ocrx_word' id='word_1_455' title='bbox 1818 1987 1980 2039; x_wconf 73' lang='grc' dir='ltr'>ἐπήρειαι</span> <span class='ocrx_word' id='word_1_456' title='bbox 2016 1994 2191 2040; x_wconf 76' lang='grc' dir='ltr'>συνεχεῖς,</span> <span class='ocrx_word' id='word_1_457' title='bbox 2226 1988 2286 2027; x_wconf 73' lang='grc' dir='ltr'>καὶ</span> <span class='ocrx_word' id='word_1_458' title='bbox 2319 1989 2411 2028; x_wconf 73' lang='grc' dir='ltr'>ἄλλα</span> 
     </span>
     <span class='ocr_line' id='line_1_69' title="bbox 1388 2048 2412 2103; baseline 0.001 -15"><span class='ocrx_word' id='word_1_459' title='bbox 1388 2053 1532 2090; x_wconf 76' lang='grc' dir='ltr'>τοιαῦτα</span> <span class='ocrx_word' id='word_1_460' title='bbox 1560 2055 1631 2093; x_wconf 88' lang='grc' dir='ltr'>τοῖς</span> <span class='ocrx_word' id='word_1_461' title='bbox 1650 2049 1831 2103; x_wconf 83' lang='grc' dir='ltr'>προτέροις</span> <span class='ocrx_word' id='word_1_462' title='bbox 1851 2048 1990 2087; x_wconf 79' lang='grc' dir='ltr'>ἐναντία</span> <span class='ocrx_word' id='word_1_463' title='bbox 2002 2079 2012 2096; x_wconf 87' lang='grc'>,</span> <span class='ocrx_word' id='word_1_464' title='bbox 2029 2050 2157 2101; x_wconf 71' lang='grc' dir='ltr'>ἀπάγει</span> <span class='ocrx_word' id='word_1_465' title='bbox 2189 2051 2250 2097; x_wconf 77' lang='grc' dir='ltr'>τῆς</span> <span class='ocrx_word' id='word_1_466' title='bbox 2270 2051 2350 2103; x_wconf 74' lang='grc' dir='ltr'>περὶ</span> <span class='ocrx_word' id='word_1_467' title='bbox 2369 2051 2412 2089; x_wconf 74' lang='grc' dir='ltr'>τὰ</span> 
     </span>
     <span class='ocr_line' id='line_1_70' title="bbox 1389 2110 2410 2163; baseline 0.002 -13"><span class='ocrx_word' id='word_1_468' title='bbox 1389 2117 1463 2151; x_wconf 83' lang='grc' dir='ltr'>θεῖα</span> <span class='ocrx_word' id='word_1_469' title='bbox 1487 2112 1640 2158; x_wconf 75' lang='grc' dir='ltr'>σπουδῆς</span> <span class='ocrx_word' id='word_1_470' title='bbox 1655 2127 1662 2134; x_wconf 92' lang='grc'><em>·</em></span> <span class='ocrx_word' id='word_1_471' title='bbox 1682 2114 1750 2150; x_wconf 82' lang='grc' dir='ltr'>τῶν</span> <span class='ocrx_word' id='word_1_472' title='bbox 1771 2110 1806 2149; x_wconf 80' lang='grc' dir='ltr'>δὲ</span> <span class='ocrx_word' id='word_1_473' title='bbox 1839 2110 2107 2163; x_wconf 73' lang='grc' dir='ltr'>ἁμαρτημάτων</span> <span class='ocrx_word' id='word_1_474' title='bbox 2132 2111 2210 2150; x_wconf 78' lang='grc' dir='ltr'>οὐδὲ</span> <span class='ocrx_word' id='word_1_475' title='bbox 2224 2111 2265 2150; x_wconf 85' lang='grc' dir='ltr'>τὸ</span> <span class='ocrx_word' id='word_1_476' title='bbox 2283 2114 2410 2152; x_wconf 84' lang='grc' dir='ltr'>πολλο·</span> 
     </span>
     <span class='ocr_line' id='line_1_71' title="bbox 1390 2172 2414 2226; baseline 0.001 -14"><span class='ocrx_word' id='word_1_477' title='bbox 1390 2173 1471 2212; x_wconf 86' lang='grc' dir='ltr'>στὸν</span> <span class='ocrx_word' id='word_1_478' title='bbox 1500 2175 1614 2217; x_wconf 78' lang='grc' dir='ltr'>αὐτοῖς</span> <span class='ocrx_word' id='word_1_479' title='bbox 1639 2173 1744 2226; x_wconf 84' lang='grc' dir='ltr'>μέρος</span> <span class='ocrx_word' id='word_1_480' title='bbox 1763 2172 1905 2210; x_wconf 82' lang='grc' dir='ltr'>δυνατὸν</span> <span class='ocrx_word' id='word_1_481' title='bbox 1921 2172 2080 2224; x_wconf 83' lang='grc' dir='ltr'>γενέσθαι</span> <span class='ocrx_word' id='word_1_482' title='bbox 2100 2172 2297 2225; x_wconf 78' lang='grc' dir='ltr'>καταφανές</span> <span class='ocrx_word' id='word_1_483' title='bbox 2311 2189 2319 2197; x_wconf 89' lang='grc'>·</span> <span class='ocrx_word' id='word_1_484' title='bbox 2339 2176 2414 2217; x_wconf 76' lang='grc' dir='ltr'>πῶς</span> 
     </span>
    </p>
   </div>
   <div class='ocr_carea' id='block_1_8' title="bbox 363 2227 2413 2287">
    <p class='ocr_par' dir='ltr' id='par_1_11' title="bbox 363 2227 2413 2287">
     <span class='ocr_line' id='line_1_72' title="bbox 363 2227 2413 2287; baseline -0.001 -16"><span class='ocrx_word' id='word_1_485' title='bbox 363 2233 509 2285; x_wconf 90' lang='lat' dir='ltr'>quidem</span> <span class='ocrx_word' id='word_1_486' title='bbox 529 2232 653 2270; x_wconf 80' lang='lat' dir='ltr'>norit?</span> <span class='ocrx_word' id='word_1_487' title='bbox 669 2234 717 2269; x_wconf 82' lang='lat' dir='ltr'>Ac</span> <span class='ocrx_word' id='word_1_488' title='bbox 731 2244 809 2281; x_wconf 82' lang='lat' dir='ltr'>quae</span> <span class='ocrx_word' id='word_1_489' title='bbox 823 2229 869 2267; x_wconf 87' lang='lat' dir='ltr'>ad</span> <span class='ocrx_word' id='word_1_490' title='bbox 889 2229 1062 2281; x_wconf 88' lang='lat' dir='ltr'>populum</span> <span class='ocrx_word' id='word_1_491' title='bbox 1074 2228 1220 2280; x_wconf 85' lang='lat' dir='ltr'>quidem</span> <span class='ocrx_word' id='word_1_492' title='bbox 1233 2243 1313 2282; x_wconf 84' lang='lat' dir='ltr'>spe·</span> <span class='ocrx_word' id='word_1_493' title='bbox 1344 2250 1367 2279; x_wconf 62' lang='grc' dir='ltr'><strong>Α</strong></span> <span class='ocrx_word' id='word_1_494' title='bbox 1390 2234 1458 2287; x_wconf 75' lang='grc' dir='ltr'>γὰρ</span> <span class='ocrx_word' id='word_1_495' title='bbox 1469 2263 1479 2280; x_wconf 84' lang='lat'>‚</span> <span class='ocrx_word' id='word_1_496' title='bbox 1496 2227 1545 2272; x_wconf 74' lang='grc' dir='ltr'>ὧν</span> <span class='ocrx_word' id='word_1_497' title='bbox 1557 2233 1636 2278; x_wconf 77' lang='grc' dir='ltr'>τοὺς</span> <span class='ocrx_word' id='word_1_498' title='bbox 1663 2232 1825 2276; x_wconf 79' lang='grc' dir='ltr'>πλείονας</span> <span class='ocrx_word' id='word_1_499' title='bbox 1846 2232 1922 2271; x_wconf 79' lang='grc' dir='ltr'>οὐδὲ</span> <span class='ocrx_word' id='word_1_500' title='bbox 1940 2234 1979 2270; x_wconf 82' lang='grc' dir='ltr'>ἐκ</span> <span class='ocrx_word' id='word_1_501' title='bbox 1994 2232 2198 2285; x_wconf 80' lang='grc' dir='ltr'>προσόψεως</span> <span class='ocrx_word' id='word_1_502' title='bbox 2212 2234 2328 2281; x_wconf 53' lang='lat' dir='ltr'>{neq</span> <span class='ocrx_word' id='word_1_503' title='bbox 2343 2235 2413 2273; x_wconf 64' lang='grc' dir='ltr'>Καὶ</span> 
     </span>
    </p>
   </div>
   <div class='ocr_carea' id='block_1_9' title="bbox 364 2289 1321 2712">
    <p class='ocr_par' dir='ltr' id='par_1_12' title="bbox 364 2289 1321 2712">
     <span class='ocr_line' id='line_1_73' title="bbox 366 2289 1316 2345; baseline -0.002 -14"><span class='ocrx_word' id='word_1_504' title='bbox 366 2304 460 2334; x_wconf 63' lang='grc' dir='ltr'>ιιι-πη</span> <span class='ocrx_word' id='word_1_505' title='bbox 482 2294 538 2332; x_wconf 85' lang='lat' dir='ltr'>his</span> <span class='ocrx_word' id='word_1_506' title='bbox 555 2301 637 2331; x_wconf 90' lang='lat' dir='ltr'>sunt</span> <span class='ocrx_word' id='word_1_507' title='bbox 654 2292 823 2345; x_wconf 84' lang='lat' dir='ltr'>perplexa</span> <span class='ocrx_word' id='word_1_508' title='bbox 850 2289 1136 2329; x_wconf 80' lang='lat' dir='ltr'>difficultatibus.</span> <span class='ocrx_word' id='word_1_509' title='bbox 1164 2291 1271 2339; x_wconf 85' lang='lat' dir='ltr'>Quod</span> <span class='ocrx_word' id='word_1_510' title='bbox 1288 2292 1316 2329; x_wconf 85' lang='lat' dir='ltr'>si</span> 
     </span>
     <span class='ocr_line' id='line_1_74' title="bbox 364 2351 1314 2408; baseline -0.005 -13"><span class='ocrx_word' id='word_1_511' title='bbox 364 2358 444 2408; x_wconf 85' lang='lat' dir='ltr'>quis</span> <span class='ocrx_word' id='word_1_512' title='bbox 466 2369 504 2394; x_wconf 87' lang='lat' dir='ltr'>ea</span> <span class='ocrx_word' id='word_1_513' title='bbox 523 2384 534 2404; x_wconf 81' lang='grc'>,</span> <span class='ocrx_word' id='word_1_514' title='bbox 549 2368 627 2405; x_wconf 70' lang='lat' dir='ltr'>qua‘.</span> <span class='ocrx_word' id='word_1_515' title='bbox 647 2353 690 2391; x_wconf 83' lang='lat' dir='ltr'>ad</span> <span class='ocrx_word' id='word_1_516' title='bbox 713 2355 826 2391; x_wconf 89' lang='lat' dir='ltr'>Deum</span> <span class='ocrx_word' id='word_1_517' title='bbox 844 2351 1044 2405; x_wconf 86' lang='lat' dir='ltr'>pertinent,</span> <span class='ocrx_word' id='word_1_518' title='bbox 1060 2351 1314 2404; x_wconf 80' lang='lat' dir='ltr'>exploraverit,</span> 
     </span>
     <span class='ocr_line' id='line_1_75' title="bbox 367 2413 1318 2470; baseline -0.004 -14"><span class='ocrx_word' id='word_1_519' title='bbox 367 2418 485 2470; x_wconf 87' lang='lat' dir='ltr'>priora</span> <span class='ocrx_word' id='word_1_520' title='bbox 498 2415 590 2454; x_wconf 83' lang='lat' dir='ltr'>nihil</span> <span class='ocrx_word' id='word_1_521' title='bbox 602 2429 748 2468; x_wconf 87' lang='lat' dir='ltr'>prorsus</span> <span class='ocrx_word' id='word_1_522' title='bbox 758 2428 833 2453; x_wconf 80' lang='lat' dir='ltr'>esse</span> <span class='ocrx_word' id='word_1_523' title='bbox 843 2413 1078 2451; x_wconf 81' lang='lat' dir='ltr'>videbuntur:</span> <span class='ocrx_word' id='word_1_524' title='bbox 1089 2413 1135 2451; x_wconf 80' lang='lat' dir='ltr'>ita</span> <span class='ocrx_word' id='word_1_525' title='bbox 1149 2414 1318 2466; x_wconf 83' lang='lat' dir='ltr'>majorem</span> 
     </span>
     <span class='ocr_line' id='line_1_76' title="bbox 367 2475 1318 2529; baseline -0.003 -12"><span class='ocrx_word' id='word_1_526' title='bbox 367 2480 443 2517; x_wconf 65' lang='lat' dir='ltr'>haec</span> <span class='ocrx_word' id='word_1_527' title='bbox 458 2476 792 2529; x_wconf 83' lang='lat' dir='ltr'>diligentioremque</span> <span class='ocrx_word' id='word_1_528' title='bbox 804 2489 926 2514; x_wconf 89' lang='lat' dir='ltr'>curam</span> <span class='ocrx_word' id='word_1_529' title='bbox 944 2475 1137 2527; x_wconf 89' lang='lat' dir='ltr'>postulant.</span> <span class='ocrx_word' id='word_1_530' title='bbox 1152 2476 1242 2514; x_wconf 91' lang='lat' dir='ltr'>Nam</span> <span class='ocrx_word' id='word_1_531' title='bbox 1257 2477 1318 2527; x_wconf 82' lang='lat' dir='ltr'>qni</span> 
     </span>
     <span class='ocr_line' id='line_1_77' title="bbox 371 2535 1320 2592; baseline -0.002 -14"><span class='ocrx_word' id='word_1_532' title='bbox 371 2554 434 2592; x_wconf 87' lang='lat' dir='ltr'>pro</span> <span class='ocrx_word' id='word_1_533' title='bbox 450 2548 520 2577; x_wconf 85' lang='lat' dir='ltr'>tota</span> <span class='ocrx_word' id='word_1_534' title='bbox 535 2538 679 2577; x_wconf 79' lang='lat' dir='ltr'>civitate</span> <span class='ocrx_word' id='word_1_535' title='bbox 693 2567 703 2586; x_wconf 85' lang='lat'>,</span> <span class='ocrx_word' id='word_1_536' title='bbox 718 2535 852 2587; x_wconf 84' lang='lat' dir='ltr'>etquid</span> <span class='ocrx_word' id='word_1_537' title='bbox 871 2535 953 2574; x_wconf 83' lang='lat' dir='ltr'>dico</span> <span class='ocrx_word' id='word_1_538' title='bbox 967 2536 1114 2574; x_wconf 87' lang='lat' dir='ltr'>civitate</span> <span class='ocrx_word' id='word_1_539' title='bbox 1129 2536 1146 2574; x_wconf 74' lang='lat'>‚⁰</span> <span class='ocrx_word' id='word_1_540' title='bbox 1167 2537 1239 2576; x_wconf 90' lang='lat' dir='ltr'>imo</span> <span class='ocrx_word' id='word_1_541' title='bbox 1254 2553 1320 2590; x_wconf 86' lang='lat' dir='ltr'>pro</span> 
     </span>
     <span class='ocr_line' id='line_1_78' title="bbox 371 2596 1321 2651; baseline 0.002 -15"><span class='ocrx_word' id='word_1_542' title='bbox 371 2600 534 2638; x_wconf 77' lang='lat' dir='ltr'>universa</span> <span class='ocrx_word' id='word_1_543' title='bbox 562 2609 653 2637; x_wconf 86' lang='lat' dir='ltr'>terra</span> <span class='ocrx_word' id='word_1_544' title='bbox 672 2606 848 2636; x_wconf 84' lang='lat' dir='ltr'>oratorem</span> <span class='ocrx_word' id='word_1_545' title='bbox 867 2596 954 2648; x_wconf 84' lang='lat' dir='ltr'>agit,</span> <span class='ocrx_word' id='word_1_546' title='bbox 975 2599 1120 2648; x_wconf 85' lang='lat' dir='ltr'>Deoque</span> <span class='ocrx_word' id='word_1_547' title='bbox 1142 2599 1321 2651; x_wconf 83' lang='lat' dir='ltr'>supplicat</span> 
     </span>
     <span class='ocr_line' id='line_1_79' title="bbox 371 2658 1320 2712; baseline 0.001 -15"><span class='ocrx_word' id='word_1_548' title='bbox 371 2671 409 2700; x_wconf 90' lang='lat' dir='ltr'>nt</span> <span class='ocrx_word' id='word_1_549' title='bbox 430 2661 591 2699; x_wconf 89' lang='lat' dir='ltr'>omnium</span> <span class='ocrx_word' id='word_1_550' title='bbox 611 2658 763 2712; x_wconf 82' lang='lat' dir='ltr'>peccatis</span> <span class='ocrx_word' id='word_1_551' title='bbox 781 2658 827 2696; x_wconf 87' lang='lat' dir='ltr'>sit</span> <span class='ocrx_word' id='word_1_552' title='bbox 848 2658 1040 2710; x_wconf 86' lang='lat' dir='ltr'>propitius,</span> <span class='ocrx_word' id='word_1_553' title='bbox 1064 2672 1132 2697; x_wconf 89' lang='lat' dir='ltr'>non</span> <span class='ocrx_word' id='word_1_554' title='bbox 1153 2659 1320 2698; x_wconf 78' lang='lat' dir='ltr'>vivorum</span> 
     </span>
    </p>
   </div>
   <div class='ocr_carea' id='block_1_10' title="bbox 341 2719 1322 2772">
    <p class='ocr_par' dir='ltr' id='par_1_13' title="bbox 341 2719 1322 2772">
     <span class='ocr_line' id='line_1_80' title="bbox 341 2719 1322 2772; baseline -0.002 -10"><span class='ocrx_word' id='word_1_555' title='bbox 341 2751 355 2763; x_wconf 79' lang='grc'>..</span> <span class='ocrx_word' id='word_1_556' title='bbox 373 2732 509 2761; x_wconf 83' lang='lat' dir='ltr'>tantum</span> <span class='ocrx_word' id='word_1_557' title='bbox 524 2751 534 2768; x_wconf 84' lang='lat'>‚</span> <span class='ocrx_word' id='word_1_558' title='bbox 553 2721 616 2760; x_wconf 88' lang='lat' dir='ltr'>sed</span> <span class='ocrx_word' id='word_1_559' title='bbox 631 2721 737 2759; x_wconf 86' lang='lat' dir='ltr'>etiam</span> <span class='ocrx_word' id='word_1_560' title='bbox 754 2733 877 2758; x_wconf 88' lang='lat' dir='ltr'>eorum</span> <span class='ocrx_word' id='word_1_561' title='bbox 891 2719 954 2770; x_wconf 87' lang='lat' dir='ltr'>qui</span> <span class='ocrx_word' id='word_1_562' title='bbox 971 2719 1150 2769; x_wconf 84' lang='lat' dir='ltr'>obierunt,</span> <span class='ocrx_word' id='word_1_563' title='bbox 1165 2722 1322 2772; x_wconf 87' lang='lat' dir='ltr'>qualem,</span> 
     </span>
    </p>
   </div>
   <div class='ocr_carea' id='block_1_11' title="bbox 374 2779 1327 3261">
    <p class='ocr_par' dir='ltr' id='par_1_14' title="bbox 374 2779 1327 3261">
     <span class='ocr_line' id='line_1_81' title="bbox 374 2779 1320 2835; baseline 0.003 -16"><span class='ocrx_word' id='word_1_564' title='bbox 374 2799 492 2834; x_wconf 71' lang='lat' dir='ltr'>‹piarso</span> <span class='ocrx_word' id='word_1_565' title='bbox 506 2812 516 2830; x_wconf 95' lang='lat'>,</span> <span class='ocrx_word' id='word_1_566' title='bbox 551 2791 689 2835; x_wconf 85' lang='lat' dir='ltr'>oportet</span> <span class='ocrx_word' id='word_1_567' title='bbox 706 2781 810 2820; x_wconf 76' lang='lat' dir='ltr'>csse?</span> <span class='ocrx_word' id='word_1_568' title='bbox 841 2779 1017 2831; x_wconf 81' lang='lat' dir='ltr'>Equidem</span> <span class='ocrx_word' id='word_1_569' title='bbox 1039 2795 1150 2832; x_wconf 89' lang='lat' dir='ltr'>neque</span> <span class='ocrx_word' id='word_1_570' title='bbox 1167 2783 1320 2835; x_wconf 76' lang='lat' dir='ltr'>Moysis,</span> 
     </span>
     <span class='ocr_line' id='line_1_82' title="bbox 375 2841 1318 2897; baseline 0.001 -15"><span class='ocrx_word' id='word_1_571' title='bbox 375 2859 486 2896; x_wconf 87' lang='lat' dir='ltr'>neque</span> <span class='ocrx_word' id='word_1_572' title='bbox 507 2844 614 2882; x_wconf 64' lang='lat' dir='ltr'>Heli-‘c</span> <span class='ocrx_word' id='word_1_573' title='bbox 634 2842 804 2882; x_wconf 79' lang='lat' dir='ltr'>fiduciam</span> <span class='ocrx_word' id='word_1_574' title='bbox 831 2842 876 2880; x_wconf 85' lang='lat' dir='ltr'>ad</span> <span class='ocrx_word' id='word_1_575' title='bbox 896 2841 1103 2894; x_wconf 85' lang='lat' dir='ltr'>hujusmodi</span> <span class='ocrx_word' id='word_1_576' title='bbox 1134 2844 1318 2897; x_wconf 83' lang='lat' dir='ltr'>supplica·</span> 
     </span>
     <span class='ocr_line' id='line_1_83' title="bbox 375 2902 1322 2957; baseline 0 -14"><span class='ocrx_word' id='word_1_577' title='bbox 375 2906 502 2943; x_wconf 80' lang='lat' dir='ltr'>tionem</span> <span class='ocrx_word' id='word_1_578' title='bbox 526 2905 689 2943; x_wconf 82' lang='lat' dir='ltr'>sufficere</span> <span class='ocrx_word' id='word_1_579' title='bbox 712 2918 812 2957; x_wconf 89' lang='lat' dir='ltr'>posse</span> <span class='ocrx_word' id='word_1_580' title='bbox 833 2902 1046 2957; x_wconf 82' lang='lat' dir='ltr'>putaverim.</span> <span class='ocrx_word' id='word_1_581' title='bbox 1072 2903 1214 2943; x_wconf 84' lang='lat' dir='ltr'>Etenim</span> <span class='ocrx_word' id='word_1_582' title='bbox 1234 2919 1275 2943; x_wconf 88' lang='lat' dir='ltr'>ac</span> <span class='ocrx_word' id='word_1_583' title='bbox 1293 2905 1322 2944; x_wconf 88' lang='lat' dir='ltr'>si</span> 
     </span>
     <span class='ocr_line' id='line_1_84' title="bbox 375 2964 1323 3011; baseline 0.002 -8"><span class='ocrx_word' id='word_1_584' title='bbox 375 2965 531 3004; x_wconf 81' lang='lat' dir='ltr'>mundus</span> <span class='ocrx_word' id='word_1_585' title='bbox 543 2974 638 3003; x_wconf 88' lang='lat' dir='ltr'>totus</span> <span class='ocrx_word' id='word_1_586' title='bbox 654 2965 720 3003; x_wconf 86' lang='lat' dir='ltr'>sibi</span> <span class='ocrx_word' id='word_1_587' title='bbox 743 2964 966 3004; x_wconf 78' lang='lat' dir='ltr'>concreditus</span> <span class='ocrx_word' id='word_1_588' title='bbox 982 2965 1042 3011; x_wconf 88' lang='lat' dir='ltr'>sit,</span> <span class='ocrx_word' id='word_1_589' title='bbox 1063 2979 1104 3003; x_wconf 86' lang='lat' dir='ltr'>ac</span> <span class='ocrx_word' id='word_1_590' title='bbox 1120 2966 1148 3004; x_wconf 87' lang='lat' dir='ltr'>si</span> <span class='ocrx_word' id='word_1_591' title='bbox 1163 2967 1323 3005; x_wconf 85' lang='lat' dir='ltr'>omnium</span> 
     </span>
     <span class='ocr_line' id='line_1_85' title="bbox 375 3025 1325 3078; baseline 0.006 -17"><span class='ocrx_word' id='word_1_592' title='bbox 375 3038 473 3077; x_wconf 80' lang='lat' dir='ltr'>pater</span> <span class='ocrx_word' id='word_1_593' title='bbox 493 3026 567 3078; x_wconf 77' lang='lat' dir='ltr'>ipse</span> <span class='ocrx_word' id='word_1_594' title='bbox 586 3027 646 3075; x_wconf 85' lang='lat' dir='ltr'>sit,</span> <span class='ocrx_word' id='word_1_595' title='bbox 658 3027 706 3065; x_wconf 81' lang='lat' dir='ltr'>sic</span> <span class='ocrx_word' id='word_1_596' title='bbox 721 3026 764 3064; x_wconf 85' lang='lat' dir='ltr'>ad</span> <span class='ocrx_word' id='word_1_597' title='bbox 780 3028 892 3065; x_wconf 85' lang='lat' dir='ltr'>Deum</span> <span class='ocrx_word' id='word_1_598' title='bbox 903 3025 1053 3072; x_wconf 85' lang='lat' dir='ltr'>accedit,</span> <span class='ocrx_word' id='word_1_599' title='bbox 1065 3040 1194 3078; x_wconf 85' lang='lat' dir='ltr'>rogans</span> <span class='ocrx_word' id='word_1_600' title='bbox 1206 3029 1325 3067; x_wconf 84' lang='lat' dir='ltr'>omnia</span> 
     </span>
     <span class='ocr_line' id='line_1_86' title="bbox 377 3087 1325 3141; baseline 0.004 -17"><span class='ocrx_word' id='word_1_601' title='bbox 377 3088 498 3125; x_wconf 82' lang='lat' dir='ltr'>mnndi</span> <span class='ocrx_word' id='word_1_602' title='bbox 513 3087 602 3125; x_wconf 80' lang='lat' dir='ltr'>bella</span> <span class='ocrx_word' id='word_1_603' title='bbox 623 3088 800 3139; x_wconf 71' lang='lat' dir='ltr'>exstingui</span> <span class='ocrx_word' id='word_1_604' title='bbox 818 3117 827 3132; x_wconf 79' lang='grc'>,</span> <span class='ocrx_word' id='word_1_605' title='bbox 846 3088 1023 3126; x_wconf 86' lang='lat' dir='ltr'>tumultus</span> <span class='ocrx_word' id='word_1_606' title='bbox 1039 3087 1171 3138; x_wconf 77' lang='lat' dir='ltr'>sedari,</span> <span class='ocrx_word' id='word_1_607' title='bbox 1191 3103 1325 3141; x_wconf 84' lang='lat' dir='ltr'>pacem,</span> 
     </span>
     <span class='ocr_line' id='line_1_87' title="bbox 378 3149 1323 3199; baseline 0.005 -15"><span class='ocrx_word' id='word_1_608' title='bbox 378 3149 669 3199; x_wconf 62' lang='lat' dir='ltr'>prosperitatem,</span> <span class='ocrx_word' id='word_1_609' title='bbox 692 3149 850 3187; x_wconf 80' lang='lat' dir='ltr'>omnium</span> <span class='ocrx_word' id='word_1_610' title='bbox 874 3149 1024 3198; x_wconf 84' lang='lat' dir='ltr'>singulis</span> <span class='ocrx_word' id='word_1_611' title='bbox 1044 3151 1323 3195; x_wconf 79' lang='lat' dir='ltr'>imminentium.</span> 
     </span>
     <span class='ocr_line' id='line_1_88' title="bbox 376 3209 1327 3261; baseline 0.007 -17"><span class='ocrx_word' id='word_1_612' title='bbox 376 3223 442 3257; x_wconf 75' lang='lat' dir='ltr'>qna</span> <span class='ocrx_word' id='word_1_613' title='bbox 461 3210 531 3259; x_wconf 65' lang='lat' dir='ltr'>prix</span> <span class='ocrx_word' id='word_1_614' title='bbox 543 3209 644 3249; x_wconf 77' lang='lat' dir='ltr'>atim,</span> <span class='ocrx_word' id='word_1_615' title='bbox 662 3224 728 3258; x_wconf 78' lang='lat' dir='ltr'>qua</span> <span class='ocrx_word' id='word_1_616' title='bbox 752 3210 893 3261; x_wconf 80' lang='lat' dir='ltr'>publice</span> <span class='ocrx_word' id='word_1_617' title='bbox 909 3211 1085 3249; x_wconf 83' lang='lat' dir='ltr'>malorum</span> <span class='ocrx_word' id='word_1_618' title='bbox 1102 3211 1249 3250; x_wconf 79' lang='lat' dir='ltr'>celerem</span> <span class='ocrx_word' id='word_1_619' title='bbox 1265 3211 1327 3251; x_wconf 87' lang='lat' dir='ltr'>de·</span> 
     </span>
    </p>
   </div>
   <div class='ocr_carea' id='block_1_12' title="bbox 423 3347 1339 3388">
    <p class='ocr_par' dir='ltr' id='par_1_15' title="bbox 423 3347 1339 3388">
     <span class='ocr_line' id='line_1_89' title="bbox 423 3347 1339 3388; baseline 0.001 -5"><span class='ocrx_word' id='word_1_620' title='bbox 423 3354 427 3367; x_wconf 82' lang='lat'><strong>¹</strong></span> <span class='ocrx_word' id='word_1_621' title='bbox 455 3347 554 3376; x_wconf 42' lang='lat'>⁵⁴⁵⁸&gt;</span> <span class='ocrx_word' id='word_1_622' title='bbox 583 3356 609 3375; x_wconf 72' lang='lat'>&#39;¹</span> <span class='ocrx_word' id='word_1_623' title='bbox 644 3348 776 3387; x_wconf 66' lang='lat' dir='ltr'>⁴1¹Wl=¹¹⁸¹</span> <span class='ocrx_word' id='word_1_624' title='bbox 796 3366 824 3383; x_wconf 72' lang='lat' dir='ltr'>r·</span> <span class='ocrx_word' id='word_1_625' title='bbox 854 3360 1000 3384; x_wconf 55' lang='lat' dir='ltr'>”em-vl:</span> <span class='ocrx_word' id='word_1_626' title='bbox 1047 3352 1202 3388; x_wconf 52' lang='lat' dir='ltr'>Manto·</span> <span class='ocrx_word' id='word_1_627' title='bbox 1225 3352 1339 3385; x_wconf 56' lang='lat' dir='ltr'>alidh</span> 
     </span>
    </p>
   </div>
   <div class='ocr_carea' id='block_1_13' title="bbox 370 3412 575 3440">
    <p class='ocr_par' dir='ltr' id='par_1_16' title="bbox 370 3412 575 3440">
     <span class='ocr_line' id='line_1_90' title="bbox 370 3412 575 3440; baseline -0.02 -10"><span class='ocrx_word' id='word_1_628' title='bbox 370 3415 407 3430; x_wconf 70' lang='lat'><em>·.·1</em></span> <span class='ocrx_word' id='word_1_629' title='bbox 428 3412 575 3440; x_wconf 42' lang='lat' dir='ltr'>‘&#39;If-07Y&#39;lfr</span> 
     </span>
    </p>
   </div>
   <div class='ocr_carea' id='block_1_14' title="bbox 410 3450 688 3481">
    <p class='ocr_par' dir='ltr' id='par_1_17' title="bbox 410 3450 688 3481">
     <span class='ocr_line' id='line_1_91' title="bbox 410 3450 688 3481; baseline 0 -1"><span class='ocrx_word' id='word_1_630' title='bbox 410 3465 412 3468; x_wconf 80' lang='lat'><em>&#39;</em></span> <span class='ocrx_word' id='word_1_631' title='bbox 449 3450 505 3480; x_wconf 51' lang='lat' dir='ltr'>Alli</span> <span class='ocrx_word' id='word_1_632' title='bbox 522 3454 688 3481; x_wconf 61' lang='grc' dir='ltr'>ι’·ἶνῑιίιῖ.</span> 
     </span>
    </p>
   </div>
   <div class='ocr_carea' id='block_1_15' title="bbox 1353 2293 2421 3262">
    <p class='ocr_par' dir='ltr' id='par_1_18' title="bbox 1353 2293 2421 3262">
     <span class='ocr_line' id='line_1_92' title="bbox 1391 2293 2410 2347; baseline -0.002 -12"><span class='ocrx_word' id='word_1_633' title='bbox 1391 2295 1435 2335; x_wconf 68' lang='grc' dir='ltr'>τὰ</span> <span class='ocrx_word' id='word_1_634' title='bbox 1453 2295 1514 2347; x_wconf 84' lang='grc' dir='ltr'>μὲν</span> <span class='ocrx_word' id='word_1_635' title='bbox 1544 2295 1630 2347; x_wconf 82' lang='grc' dir='ltr'>πρὸς</span> <span class='ocrx_word' id='word_1_636' title='bbox 1647 2295 1703 2333; x_wconf 81' lang='grc' dir='ltr'>τὸν</span> <span class='ocrx_word' id='word_1_637' title='bbox 1724 2294 1807 2334; x_wconf 82' lang='grc' dir='ltr'>λαὸν</span> <span class='ocrx_word' id='word_1_638' title='bbox 1834 2296 1930 2347; x_wconf 81' lang='grc' dir='ltr'>αὐτῷ</span> <span class='ocrx_word' id='word_1_639' title='bbox 1954 2293 2127 2340; x_wconf 83' lang='grc' dir='ltr'>τοσαύτην</span> <span class='ocrx_word' id='word_1_640' title='bbox 2143 2294 2217 2347; x_wconf 76' lang='grc' dir='ltr'>ἔχει</span> <span class='ocrx_word' id='word_1_641' title='bbox 2232 2294 2297 2342; x_wconf 84' lang='grc' dir='ltr'>τὴν</span> <span class='ocrx_word' id='word_1_642' title='bbox 2318 2297 2410 2346; x_wconf 70' lang='grc' dir='ltr'>ἀμη-</span> 
     </span>
     <span class='ocr_line' id='line_1_93' title="bbox 1390 2355 2413 2410; baseline -0.002 -14"><span class='ocrx_word' id='word_1_643' title='bbox 1390 2358 1516 2410; x_wconf 78' lang='grc' dir='ltr'>χανίαν</span> <span class='ocrx_word' id='word_1_644' title='bbox 1530 2372 1537 2380; x_wconf 90' lang='grc'>·</span> <span class='ocrx_word' id='word_1_645' title='bbox 1552 2359 1581 2395; x_wconf 83' lang='grc' dir='ltr'>εἰ</span> <span class='ocrx_word' id='word_1_646' title='bbox 1602 2356 1638 2395; x_wconf 84' lang='grc' dir='ltr'>δέ</span> <span class='ocrx_word' id='word_1_647' title='bbox 1658 2373 1710 2400; x_wconf 91' lang='grc' dir='ltr'>τις</span> <span class='ocrx_word' id='word_1_648' title='bbox 1726 2356 1769 2394; x_wconf 83' lang='grc' dir='ltr'>τὰ</span> <span class='ocrx_word' id='word_1_649' title='bbox 1797 2355 1883 2407; x_wconf 81' lang='grc' dir='ltr'>πρὸς</span> <span class='ocrx_word' id='word_1_650' title='bbox 1898 2355 1956 2394; x_wconf 85' lang='grc' dir='ltr'>τὸν</span> <span class='ocrx_word' id='word_1_651' title='bbox 1972 2355 2064 2394; x_wconf 79' lang='grc' dir='ltr'>Θεὸν</span> <span class='ocrx_word' id='word_1_652' title='bbox 2086 2355 2298 2406; x_wconf 74' lang='grc' dir='ltr'>ἐξετάσειεν,</span> <span class='ocrx_word' id='word_1_653' title='bbox 2316 2355 2413 2396; x_wconf 62' lang='grc' dir='ltr'>οὐδὲν</span> 
     </span>
     <span class='ocr_line' id='line_1_94' title="bbox 1390 2415 2415 2469; baseline 0 -13"><span class='ocrx_word' id='word_1_654' title='bbox 1390 2419 1472 2456; x_wconf 84' lang='grc' dir='ltr'>ὄντα</span> <span class='ocrx_word' id='word_1_655' title='bbox 1493 2417 1631 2469; x_wconf 74' lang='grc' dir='ltr'>εὑρήσει</span> <span class='ocrx_word' id='word_1_656' title='bbox 1644 2420 1773 2455; x_wconf 81' lang='grc' dir='ltr'>ταῦτα·</span> <span class='ocrx_word' id='word_1_657' title='bbox 1795 2416 1885 2455; x_wconf 75' lang='grc' dir='ltr'>οὕτω</span> <span class='ocrx_word' id='word_1_658' title='bbox 1906 2416 2060 2466; x_wconf 85' lang='grc' dir='ltr'>μείζονος</span> <span class='ocrx_word' id='word_1_659' title='bbox 2075 2416 2134 2454; x_wconf 76' lang='grc' dir='ltr'>καὶ</span> <span class='ocrx_word' id='word_1_660' title='bbox 2164 2415 2415 2469; x_wconf 56' lang='lat' dir='ltr'>duffio-ripa&lt;</span> 
     </span>
     <span class='ocr_line' id='line_1_95' title="bbox 1392 2476 2415 2531; baseline 0.002 -14"><span class='ocrx_word' id='word_1_661' title='bbox 1392 2481 1508 2517; x_wconf 76' lang='grc' dir='ltr'>ἐκεῖνα</span> <span class='ocrx_word' id='word_1_662' title='bbox 1525 2479 1635 2517; x_wconf 87' lang='grc' dir='ltr'>δεῖται</span> <span class='ocrx_word' id='word_1_663' title='bbox 1655 2481 1716 2525; x_wconf 82' lang='grc' dir='ltr'>τ’ῆς</span> <span class='ocrx_word' id='word_1_664' title='bbox 1740 2478 1905 2524; x_wconf 75' lang='grc' dir='ltr'>σπουδῆς.</span> <span class='ocrx_word' id='word_1_665' title='bbox 1936 2477 2008 2516; x_wconf 82' lang='grc' dir='ltr'>Τὸν</span> <span class='ocrx_word' id='word_1_666' title='bbox 2033 2476 2101 2530; x_wconf 79' lang='grc' dir='ltr'>γὰρ</span> <span class='ocrx_word' id='word_1_667' title='bbox 2127 2477 2215 2531; x_wconf 78' lang='grc' dir='ltr'>ὑπὲρ</span> <span class='ocrx_word' id='word_1_668' title='bbox 2242 2478 2326 2526; x_wconf 75' lang='grc' dir='ltr'>ὅλης</span> <span class='ocrx_word' id='word_1_669' title='bbox 2353 2480 2415 2525; x_wconf 75' lang='grc' dir='ltr'>τῆς</span> 
     </span>
     <span class='ocr_line' id='line_1_96' title="bbox 1390 2534 2414 2590; baseline 0 -12"><span class='ocrx_word' id='word_1_670' title='bbox 1390 2540 1545 2587; x_wconf 87' lang='grc' dir='ltr'>πόλεως,</span> <span class='ocrx_word' id='word_1_671' title='bbox 1566 2540 1626 2578; x_wconf 79' lang='grc' dir='ltr'>καὶ</span> <span class='ocrx_word' id='word_1_672' title='bbox 1646 2539 1680 2578; x_wconf 87' lang='grc' dir='ltr'>τί</span> <span class='ocrx_word' id='word_1_673' title='bbox 1699 2538 1792 2590; x_wconf 82' lang='grc' dir='ltr'>λέγω</span> <span class='ocrx_word' id='word_1_674' title='bbox 1812 2539 1964 2587; x_wconf 66' lang='grc' dir='ltr'>πόλειιιςς</span> <span class='ocrx_word' id='word_1_675' title='bbox 1982 2539 2100 2586; x_wconf 78' lang='grc' dir='ltr'>πάσης</span> <span class='ocrx_word' id='word_1_676' title='bbox 2122 2539 2186 2589; x_wconf 78' lang='grc' dir='ltr'>μὲν</span> <span class='ocrx_word' id='word_1_677' title='bbox 2205 2534 2263 2578; x_wconf 68' lang='grc' dir='ltr'>οὖν</span> <span class='ocrx_word' id='word_1_678' title='bbox 2282 2541 2345 2587; x_wconf 68' lang='grc' dir='ltr'>τῆς</span> <span class='ocrx_word' id='word_1_679' title='bbox 2364 2542 2414 2579; x_wconf 73' lang='grc' dir='ltr'>οἷ-</span> 
     </span>
     <span class='ocr_line' id='line_1_97' title="bbox 1394 2600 2414 2654; baseline -0.001 -13"><span class='ocrx_word' id='word_1_680' title='bbox 1394 2603 1564 2652; x_wconf 83' lang='grc' dir='ltr'>κουμένης</span> <span class='ocrx_word' id='word_1_681' title='bbox 1593 2601 1849 2654; x_wconf 71' lang='grc' dir='ltr'>πρεσὸεύοντα,</span> <span class='ocrx_word' id='word_1_682' title='bbox 1875 2600 1934 2638; x_wconf 76' lang='grc' dir='ltr'>καὶ</span> <span class='ocrx_word' id='word_1_683' title='bbox 1963 2600 2125 2650; x_wconf 86' lang='grc' dir='ltr'>δεόμενον</span> <span class='ocrx_word' id='word_1_684' title='bbox 2155 2607 2231 2644; x_wconf 87' lang='grc' dir='ltr'>ταῖς</span> <span class='ocrx_word' id='word_1_685' title='bbox 2250 2602 2414 2640; x_wconf 78' lang='grc' dir='ltr'>ἁπάντων</span> 
     </span>
     <span class='ocr_line' id='line_1_98' title="bbox 1395 2661 2415 2715; baseline -0.002 -12"><span class='ocrx_word' id='word_1_686' title='bbox 1395 2663 1583 2715; x_wconf 79' lang='grc' dir='ltr'>ἁμαρτίαις</span> <span class='ocrx_word' id='word_1_687' title='bbox 1599 2663 1701 2702; x_wconf 83' lang='grc' dir='ltr'>ἵλεων</span> <span class='ocrx_word' id='word_1_688' title='bbox 1728 2662 1887 2713; x_wconf 82' lang='grc' dir='ltr'>γενέσθαι</span> <span class='ocrx_word' id='word_1_689' title='bbox 1907 2661 1965 2699; x_wconf 78' lang='grc' dir='ltr'>τὸν</span> <span class='ocrx_word' id='word_1_690' title='bbox 1984 2661 2093 2706; x_wconf 80' lang='grc' dir='ltr'>Θεὸν,</span> <span class='ocrx_word' id='word_1_691' title='bbox 2109 2662 2147 2699; x_wconf 80' lang='grc' dir='ltr'>οὗ</span> <span class='ocrx_word' id='word_1_692' title='bbox 2178 2663 2246 2699; x_wconf 76' lang='grc' dir='ltr'>τῶν</span> <span class='ocrx_word' id='word_1_693' title='bbox 2278 2661 2415 2707; x_wconf 81' lang='grc' dir='ltr'>ζώντων</span> 
     </span>
     <span class='ocr_line' id='line_1_99' title="bbox 1396 2717 2416 2777; baseline -0.002 -13"><span class='ocrx_word' id='word_1_694' title='bbox 1396 2726 1498 2777; x_wconf 84' lang='grc' dir='ltr'>μόνον</span> <span class='ocrx_word' id='word_1_695' title='bbox 1510 2756 1519 2772; x_wconf 86' lang='grc'>,</span> <span class='ocrx_word' id='word_1_696' title='bbox 1536 2724 1627 2763; x_wconf 76' lang='grc' dir='ltr'>ἀλλὰ</span> <span class='ocrx_word' id='word_1_697' title='bbox 1656 2725 1715 2762; x_wconf 73' lang='grc' dir='ltr'>καὶ</span> <span class='ocrx_word' id='word_1_698' title='bbox 1734 2726 1802 2761; x_wconf 73' lang='grc' dir='ltr'>τῶν</span> <span class='ocrx_word' id='word_1_699' title='bbox 1824 2722 2043 2762; x_wconf 76' lang='grc' dir='ltr'>ἀπελθόντων</span> <span class='ocrx_word' id='word_1_700' title='bbox 2056 2752 2065 2769; x_wconf 93' lang='grc'>,</span> <span class='ocrx_word' id='word_1_701' title='bbox 2093 2723 2211 2761; x_wconf 82' lang='grc' dir='ltr'>ὁποῖόν</span> <span class='ocrx_word' id='word_1_702' title='bbox 2230 2739 2308 2762; x_wconf 91' lang='grc' dir='ltr'>τινα</span> <span class='ocrx_word' id='word_1_703' title='bbox 2328 2717 2416 2762; x_wconf 68' lang='grc' dir='ltr'>εἶναι</span> 
     </span>
     <span class='ocr_line' id='line_1_100' title="bbox 1394 2783 2418 2840; baseline 0.006 -21"><span class='ocrx_word' id='word_1_704' title='bbox 1394 2786 1484 2840; x_wconf 62' lang='grc' dir='ltr'>χρή;</span> <span class='ocrx_word' id='word_1_705' title='bbox 1503 2784 1600 2836; x_wconf 66' lang='grc' dir='ltr'>Ἰζγὼ</span> <span class='ocrx_word' id='word_1_706' title='bbox 1625 2784 1687 2835; x_wconf 84' lang='grc' dir='ltr'>μὲν</span> <span class='ocrx_word' id='word_1_707' title='bbox 1715 2784 1783 2835; x_wconf 79' lang='grc' dir='ltr'>γὰρ</span> <span class='ocrx_word' id='word_1_708' title='bbox 1797 2783 1857 2823; x_wconf 77' lang='grc' dir='ltr'>καὶ</span> <span class='ocrx_word' id='word_1_709' title='bbox 1875 2783 1939 2829; x_wconf 75' lang='grc' dir='ltr'>τὴν</span> <span class='ocrx_word' id='word_1_710' title='bbox 1960 2783 2117 2826; x_wconf 74' lang='grc' dir='ltr'>Μωσέως</span> <span class='ocrx_word' id='word_1_711' title='bbox 2138 2784 2197 2822; x_wconf 65' lang='grc' dir='ltr'>καὶ</span> <span class='ocrx_word' id='word_1_712' title='bbox 2211 2784 2274 2832; x_wconf 82' lang='grc' dir='ltr'>τὴν</span> <span class='ocrx_word' id='word_1_713' title='bbox 2295 2785 2418 2825; x_wconf 78' lang='grc' dir='ltr'>Ἠλίου</span> 
     </span>
     <span class='ocr_line' id='line_1_101' title="bbox 1395 2843 2420 2900; baseline -0.002 -14"><span class='ocrx_word' id='word_1_714' title='bbox 1395 2846 1593 2900; x_wconf 73' lang='grc' dir='ltr'>παρρησίαν</span> <span class='ocrx_word' id='word_1_715' title='bbox 1629 2845 1764 2884; x_wconf 76' lang='grc' dir='ltr'>οὐδέπω</span> <span class='ocrx_word' id='word_1_716' title='bbox 1804 2845 1887 2895; x_wconf 80' lang='grc' dir='ltr'>πρὸς</span> <span class='ocrx_word' id='word_1_717' title='bbox 1931 2843 1993 2890; x_wconf 68' lang='grc' dir='ltr'>τὴν</span> <span class='ocrx_word' id='word_1_718' title='bbox 2028 2846 2201 2891; x_wconf 81' lang='grc' dir='ltr'>τοσαύτην</span> <span class='ocrx_word' id='word_1_719' title='bbox 2242 2847 2420 2899; x_wconf 77' lang='grc' dir='ltr'>ἱκετηρίαν</span> 
     </span>
     <span class='ocr_line' id='line_1_102' title="bbox 1397 2904 2420 2959; baseline -0.001 -13"><span class='ocrx_word' id='word_1_720' title='bbox 1397 2911 1516 2959; x_wconf 78' lang='grc' dir='ltr'>ἀρκεῖν</span> <span class='ocrx_word' id='word_1_721' title='bbox 1532 2909 1696 2957; x_wconf 72' lang='grc' dir='ltr'>ἠγοῦμαι.</span> <span class='ocrx_word' id='word_1_722' title='bbox 1730 2906 1798 2944; x_wconf 81' lang='grc' dir='ltr'>Καὶ</span> <span class='ocrx_word' id='word_1_723' title='bbox 1829 2905 1896 2957; x_wconf 81' lang='grc' dir='ltr'>γὰρ</span> <span class='ocrx_word' id='word_1_724' title='bbox 1912 2904 2032 2958; x_wconf 75' lang='grc' dir='ltr'>ὥσπερ</span> <span class='ocrx_word' id='word_1_725' title='bbox 2058 2906 2116 2944; x_wconf 79' lang='grc' dir='ltr'>τὸν</span> <span class='ocrx_word' id='word_1_726' title='bbox 2134 2907 2271 2946; x_wconf 79' lang='grc' dir='ltr'>ἅπαντα</span> <span class='ocrx_word' id='word_1_727' title='bbox 2288 2908 2420 2959; x_wconf 84' lang='grc' dir='ltr'>κόσμον</span> 
     </span>
     <span class='ocr_line' id='line_1_103' title="bbox 1397 2965 2421 3021; baseline 0 -15"><span class='ocrx_word' id='word_1_728' title='bbox 1397 2967 1691 3016; x_wconf 79' lang='grc' dir='ltr'>πεπιστευμένος,</span> <span class='ocrx_word' id='word_1_729' title='bbox 1708 2965 1766 3004; x_wconf 77' lang='grc' dir='ltr'>καὶ</span> <span class='ocrx_word' id='word_1_730' title='bbox 1789 2966 1889 3008; x_wconf 73' lang='grc' dir='ltr'>αὐτὸς</span> <span class='ocrx_word' id='word_1_731' title='bbox 1919 2965 1967 3003; x_wconf 79' lang='grc' dir='ltr'>ὢν</span> <span class='ocrx_word' id='word_1_732' title='bbox 1986 2966 2150 3005; x_wconf 76' lang='grc' dir='ltr'>ἁπάντων</span> <span class='ocrx_word' id='word_1_733' title='bbox 2181 2967 2312 3021; x_wconf 77' lang='grc' dir='ltr'>πατὴρ,</span> <span class='ocrx_word' id='word_1_734' title='bbox 2330 2968 2421 3006; x_wconf 73' lang='grc' dir='ltr'>οὕτω</span> 
     </span>
     <span class='ocr_line' id='line_1_104' title="bbox 1353 3027 2421 3083; baseline 0.004 -19"><span class='ocrx_word' id='word_1_735' title='bbox 1353 3035 1374 3064; x_wconf 81' lang='grc' dir='ltr'><strong>Β</strong></span> <span class='ocrx_word' id='word_1_736' title='bbox 1398 3030 1558 3083; x_wconf 83' lang='grc' dir='ltr'>πρόσεισι</span> <span class='ocrx_word' id='word_1_737' title='bbox 1584 3031 1633 3080; x_wconf 77' lang='grc' dir='ltr'>τῷ</span> <span class='ocrx_word' id='word_1_738' title='bbox 1652 3030 1747 3079; x_wconf 68' lang='grc' dir='ltr'>θεῷ,</span> <span class='ocrx_word' id='word_1_739' title='bbox 1774 3027 1931 3078; x_wconf 83' lang='grc' dir='ltr'>δεόμενος</span> <span class='ocrx_word' id='word_1_740' title='bbox 1953 3027 2030 3071; x_wconf 75' lang='grc' dir='ltr'>τοὺς</span> <span class='ocrx_word' id='word_1_741' title='bbox 2055 3029 2287 3082; x_wconf 80' lang='grc' dir='ltr'>’ἁπανταχοῦ</span> <span class='ocrx_word' id='word_1_742' title='bbox 2313 3030 2421 3069; x_wconf 74' lang='grc' dir='ltr'>πολί-</span> 
     </span>
     <span class='ocr_line' id='line_1_105' title="bbox 1401 3089 2417 3142; baseline -0.003 -12"><span class='ocrx_word' id='word_1_743' title='bbox 1401 3107 1484 3142; x_wconf 85' lang='grc' dir='ltr'>μους</span> <span class='ocrx_word' id='word_1_744' title='bbox 1505 3091 1714 3136; x_wconf 70' lang='grc' dir='ltr'>σόεσθῆναι,</span> <span class='ocrx_word' id='word_1_745' title='bbox 1736 3090 1881 3134; x_wconf 70' lang='grc' dir='ltr'>λυθῆναι</span> <span class='ocrx_word' id='word_1_746' title='bbox 1902 3090 1962 3130; x_wconf 71' lang='grc' dir='ltr'>τὰς</span> <span class='ocrx_word' id='word_1_747' title='bbox 1984 3089 2163 3142; x_wconf 75' lang='grc' dir='ltr'>ταραχὰς,</span> <span class='ocrx_word' id='word_1_748' title='bbox 2186 3090 2348 3142; x_wconf 72' lang='grc' dir='ltr'>εἰρήνην,</span> <span class='ocrx_word' id='word_1_749' title='bbox 2367 3091 2417 3129; x_wconf 75' lang='grc' dir='ltr'>ευ-</span> 
     </span>
     <span class='ocr_line' id='line_1_106' title="bbox 1400 3150 2417 3203; baseline -0.002 -13"><span class='ocrx_word' id='word_1_750' title='bbox 1400 3152 1541 3203; x_wconf 73' lang='grc' dir='ltr'>ετν,ρίαν</span> <span class='ocrx_word' id='word_1_751' title='bbox 1554 3182 1562 3193; x_wconf 79' lang='grc'>,</span> <span class='ocrx_word' id='word_1_752' title='bbox 1590 3151 1728 3188; x_wconf 76' lang='grc' dir='ltr'>πάντων</span> <span class='ocrx_word' id='word_1_753' title='bbox 1764 3152 1830 3187; x_wconf 81' lang='grc' dir='ltr'>τῶν</span> <span class='ocrx_word' id='word_1_754' title='bbox 1871 3151 2008 3201; x_wconf 72' lang='grc' dir='ltr'>ἑκάστῳ</span> <span class='ocrx_word' id='word_1_755' title='bbox 2036 3154 2153 3188; x_wconf 75' lang='grc' dir='ltr'>κακῶν</span> <span class='ocrx_word' id='word_1_756' title='bbox 2190 3150 2417 3201; x_wconf 72' lang='grc' dir='ltr'>ε’πικειμίνων</span> 
     </span>
     <span class='ocr_line' id='line_1_107' title="bbox 1400 3211 2417 3262; baseline -0.003 -12"><span class='ocrx_word' id='word_1_757' title='bbox 1400 3214 1457 3250; x_wconf 69' lang='grc' dir='ltr'>καὶ</span> <span class='ocrx_word' id='word_1_758' title='bbox 1491 3213 1558 3262; x_wconf 79' lang='grc' dir='ltr'>ἰδία</span> <span class='ocrx_word' id='word_1_759' title='bbox 1592 3212 1649 3249; x_wconf 75' lang='grc' dir='ltr'>καὶ</span> <span class='ocrx_word' id='word_1_760' title='bbox 1681 3211 1830 3259; x_wconf 61' lang='grc' dir='ltr'>δημοσία</span> <span class='ocrx_word' id='word_1_761' title='bbox 1873 3218 2016 3260; x_wconf 67' lang='grc' dir='ltr'>ταγεὶαν</span> <span class='ocrx_word' id='word_1_762' title='bbox 2050 3212 2153 3248; x_wconf 78' lang='grc' dir='ltr'>αἰτῶν</span> <span class='ocrx_word' id='word_1_763' title='bbox 2193 3213 2417 3261; x_wconf 68' lang='grc' dir='ltr'>ἀπαλλαγήν.</span> 
     </span>
    </p>
   </div>
   <div class='ocr_carea' id='block_1_16' title="bbox 1344 3351 2415 3439">
    <p class='ocr_par' dir='ltr' id='par_1_19' title="bbox 1344 3351 2415 3439">
     <span class='ocr_line' id='line_1_108' title="bbox 1344 3351 2415 3395; baseline 0.002 -12"><span class='ocrx_word' id='word_1_764' title='bbox 1344 3367 1367 3383; x_wconf 65' lang='lat' dir='ltr'>s.</span> <span class='ocrx_word' id='word_1_765' title='bbox 1451 3357 1456 3377; x_wconf 79' lang='grc' dir='ltr'>Ι</span> <span class='ocrx_word' id='word_1_766' title='bbox 1483 3352 1582 3384; x_wconf 73' lang='lat' dir='ltr'>S-nil.</span> <span class='ocrx_word' id='word_1_767' title='bbox 1613 3360 1640 3381; x_wconf 70' lang='grc' dir='ltr'>ιι</span> <span class='ocrx_word' id='word_1_768' title='bbox 1673 3351 1802 3393; x_wconf 70' lang='lat' dir='ltr'>pluunt</span> <span class='ocrx_word' id='word_1_769' title='bbox 1836 3351 1895 3382; x_wconf 50' lang='lat' dir='ltr'>&amp;lu</span> <span class='ocrx_word' id='word_1_770' title='bbox 1948 3368 2095 3393; x_wconf 43' lang='lat'>707411.</span> <span class='ocrx_word' id='word_1_771' title='bbox 2125 3352 2236 3386; x_wconf 42' lang='lat' dir='ltr'>uun-1,</span> <span class='ocrx_word' id='word_1_772' title='bbox 2257 3362 2284 3384; x_wconf 74' lang='lat' dir='ltr'>vt</span> <span class='ocrx_word' id='word_1_773' title='bbox 2319 3355 2415 3395; x_wconf 73' lang='lat' dir='ltr'>patiri</span> 
     </span>
     <span class='ocr_line' id='line_1_109' title="bbox 1408 3410 1549 3439; baseline -0.014 -3"><span class='ocrx_word' id='word_1_774' title='bbox 1408 3410 1549 3439; x_wconf 63' lang='lat' dir='ltr'>7⁴¹-r,⁰tt.1.</span> 
     </span>
    </p>
   </div>
   <div class='ocr_carea' id='block_1_17' title="bbox 1447 3455 1710 3495">
    <p class='ocr_par' dir='ltr' id='par_1_20' title="bbox 1447 3455 1710 3495">
     <span class='ocr_line' id='line_1_110' title="bbox 1447 3455 1710 3495; baseline 0.004 -8"><span class='ocrx_word' id='word_1_775' title='bbox 1447 3468 1457 3478; x_wconf 68' lang='lat'>³</span> <span class='ocrx_word' id='word_1_776' title='bbox 1484 3455 1542 3487; x_wconf 83' lang='grc' dir='ltr'>ΛΙιι</span> <span class='ocrx_word' id='word_1_777' title='bbox 1563 3469 1710 3495; x_wconf 53' lang='grc' dir='ltr'>νυκτη-</span> 
     </span>
    </p>
   </div>
  </div>
 </body>
</html>
