2513 3871
277 216 338 264 5ss

274 316 425 354 miscens
440 329 448 352 :
469 315 583 360 Vere,
595 312 687 360 dixi,
704 312 778 350 haec
790 319 891 350 tanto
904 308 1124 348 sceleratiora
1144 314 1227 345 sunt

273 377 332 427 iis,
351 390 453 427 quae
443 373 670 413 Mithridates
689 385 879 423 omnesque
899 370 958 409 alii
973 369 1226 414 admiserunt,

273 449 404 492 quanto
434 438 608 491 templum
642 437 711 476 hoe.
738 446 789 476 est
821 437 883 475 illo
914 434 1162 474 honorabilius
1192 442 1226 472 et

273 500 440 539 sanctius.
462 498 534 538 Sed
549 498 696 550 quinam
711 498 782 545 isti,
797 511 938 549 quaeso,
957 505 1019 534 aut
1032 494 1127 534 unde
1145 503 1229 533 sunt
1251 494 1276 525 Ε

273 561 335 612 qui
356 559 441 598 talia
460 559 709 612 praesumunt?
726 573 859 609 quare,
876 567 909 596 ct
928 571 999 609 qua
1017 556 1062 595 de
1091 569 1196 594 causa
1215 585 1226 604 ,

273 635 380 672 quem
396 620 620 673 respicientes
648 620 772 663 finem.
792 619 931 671 lapides
951 619 985 656 in
1007 617 1161 656 sublime
1170 617 1227 669 ja-

274 683 385 730 ciunt,
402 682 541 734 telaque
566 682 602 720 in
620 681 744 719 caelum
760 680 978 732 jaculantur,
994 693 1036 717 ac
1050 693 1130 717 cum
1151 680 1227 717 Deo

273 744 372 796 pacis
390 743 526 781 bellum
545 743 702 795 gerunt?
718 743 863 782 sameas
883 742 993 791 enim,
1021 740 1225 779 Pharatbaei

272 813 307 843 et
322 804 551 857 Assyriorum
571 804 761 856 principes,
781 817 975 854 omnesque
994 802 1124 851 caeteri,
1146 802 1226 840 bar-

273 865 367 912 bari,
386 865 481 916 quod
499 879 543 903 ex
558 865 644 918 ipsis
663 865 869 903 nominibus
888 864 1009 903 videre
1019 873 1082 912 est,
1099 863 1226 914 longe-

274 940 344 978 que
361 939 380 963 a
399 925 608 965 Judaeorum
643 926 803 964 moribus
834 927 959 964 remoti
985 933 1104 973 erant,
1125 924 1226 963 nole-

273 987 431 1039 bantque
443 987 615 1026 finitimos
627 986 695 1025 sibi
705 987 866 1026 homines
878 986 1111 1039 multiplicari
1126 1000 1227 1025 :nam

272 1048 420 1087 illorum
439 1048 533 1086 vires
559 1048 634 1086 sore
652 1056 691 1085 ut
722 1048 916 1101 potentiam
933 1061 1034 1086 suam
1054 1047 1226 1085 obscura-

274 1117 352 1147 rent
368 1109 649 1147 arbitrabantur.
669 1109 711 1146 Hi
727 1118 844 1147 autem
861 1122 1014 1160 quanam
1029 1108 1096 1146 sibi
1109 1108 1225 1146 immi-

274 1179 361 1208 nuta
376 1170 554 1216 libertate,
573 1184 641 1221 qua
661 1170 800 1208 sublata
817 1169 978 1215 licentia,
999 1182 1070 1220 quo
1088 1168 1229 1221 princi-

274 1245 362 1284 pum
381 1230 520 1269 auxilio
533 1230 607 1268 baec
623 1230 699 1267 ausi
719 1231 827 1267 sunt?
847 1229 904 1268 llli
925 1229 1020 1266 enim
1039 1230 1227 1267 Persarum

272 1305 372 1343 reges
388 1292 462 1329 haec
475 1291 630 1329 volentes
643 1291 813 1339 habuere,
831 1291 943 1328 nostri
958 1303 1041 1327 vero
1053 1289 1229 1327 contraria

274 1352 435 1404 penitus,
456 1360 496 1388 ut
524 1350 613 1388 mihi
640 1351 715 1402 ipse
734 1348 952 1402 persuadeo,
969 1357 1003 1386 et
1027 1349 1177 1399 cupiunt
1196 1357 1230 1386 et

272 1421 411 1465 optant.
432 1411 660 1464 Quapropter
679 1424 808 1478 magno
827 1419 971 1462 stupore
986 1410 1110 1462 plenus
1131 1423 1227 1460 sum,

272 1473 658 1525 quodlmperatoribus
674 1472 770 1540 piam
780 1471 987 1524 religionem
999 1471 1228 1526 sectantibus,

272 1535 377 1573 baec
368 1548 403 1572 tn
425 1533 551 1572 mediis
568 1533 748 1571 urbibus
739 1547 885 1586 tmpune
906 1533 982 1570 fieri
997 1532 1110 1570 dicas
1128 1532 1228 1581 Quid

272 1610 369 1643 vero,
385 1595 502 1646 inquit
527 1594 602 1640 ille,
624 1595 653 1632 si
671 1595 726 1632 his
741 1608 880 1646 quoque
896 1593 1118 1632 mirabiliora
1133 1593 1229 1631 didi·

273 1655 385 1695 ceris?
410 1653 507 1706 quod
535 1655 669 1692 scilicet
689 1654 818 1692 horum
845 1662 1006 1692 auctores
1030 1653 1082 1706 pii
1109 1653 1227 1692 videri

270 1717 394 1764 velint,
413 1725 447 1754 et
460 1715 681 1754 Christianos
697 1729 734 1753 se
750 1724 968 1767 nuncupent,
992 1714 1141 1767 plurimi
1160 1729 1228 1753 au-

271 1787 343 1817 tem
370 1791 415 1816 ex
436 1776 508 1815 illis
525 1777 632 1814 etiam
654 1776 780 1814 initiati
799 1776 869 1814 sint
886 1792 894 1814 :
914 1775 986 1814 imo
996 1789 1118 1814 eorum
1137 1779 1224 1826 qui-

269 1839 369 1885 dam,
398 1837 543 1877 diabolo
566 1837 795 1876 vehementer
816 1837 961 1875 afflante
980 1867 990 1884 ,
1010 1839 1224 1878 exsecranda

270 1900 393 1951 lingua
413 1913 476 1938 sua
495 1898 614 1938 dicere
627 1913 733 1937 ausus
752 1898 812 1948 sit,
830 1912 867 1936 se
881 1913 898 1936 a
913 1898 986 1937 fide
1004 1913 1225 1939 recessurum

270 1971 304 2000 et
323 1960 546 1999 daemonibus
572 1959 839 1999 immolaturum
858 1974 867 1997 ε
888 1960 1054 1999 suffocari
1072 1961 1168 2000 enim
1187 1976 1224 2001 se

271 2021 426 2062 videndo
441 2021 602 2060 homines
619 2021 763 2068 liberos,
786 2021 938 2068 nobiles,
958 2021 1142 2073 vitamque
1158 2022 1225 2061 de·

272 2083 367 2122 liciis
383 2083 524 2135 plenam
539 2095 642 2134 agere
659 2083 828 2129 valentes,
839 2082 883 2120 ad
900 2082 992 2122 hanc
1004 2081 1131 2122 duram
1143 2084 1226 2122 vitae

273 2142 447 2182 rationem
465 2141 610 2180 abduci.
636 2141 701 2181 His
720 2141 855 2180 auditis
869 2155 933 2194 ego
957 2142 1131 2180 acerbiori
1149 2143 1227 2181 vul-

273 2218 356 2243 nere
375 2217 560 2256 percussus
573 2217 653 2241 sum
666 2232 677 2249 ,
699 2212 732 2241 et
754 2202 846 2240 mala
868 2201 950 2241 inde
969 2203 1087 2242 sutura
1109 2205 1227 2257 conji-

273 2264 381 2313 ciens,
401 2264 522 2303 orbem
539 2263 646 2302 simul
660 2263 787 2301 flebam
803 2263 1027 2312 universum,
1042 2266 1231 2316 Deumque

274 2326 533 2379 compellabam
548 2325 605 2363 bis
618 2325 739 2364 verbis
757 2342 764 2362 :
785 2325 890 2363 Tolle
907 2325 1063 2363 animam
1079 2340 1192 2364 meam
1209 2341 1228 2364 a

275 2401 344 2436 me,
361 2397 393 2425 et
413 2387 458 2425 de
475 2386 740 2424 necessitatibus
760 2385 847 2424 meis
862 2400 944 2424 eruc
965 2400 1032 2434 me,
1050 2396 1156 2438 atque
1184 2388 1230 2426 ab
1253 2398 1277 2429 c

274 2447 342 2485 bac
361 2446 501 2485 mortali
522 2446 595 2484 vita
616 2445 727 2483 libera
758 2459 814 2483 me
829 2475 840 2495 ‚
861 2454 894 2483 et
913 2445 959 2484 ad
980 2445 1097 2484 locum
1126 2447 1227 2486 illum

276 2509 438 2556 transfer,
454 2507 515 2546 ubi
536 2506 656 2545 nullus
677 2505 882 2558 hujusmodi
902 2506 1090 2560 quidpiam
1113 2509 1231 2560 prose·

273 2579 342 2619 ret,
357 2584 470 2620 neque
488 2569 562 2621 ipse
575 2566 731 2606 audiam.
746 2567 838 2606 Novi
850 2568 1027 2619 equidem,
1038 2569 1133 2620 quod
1148 2570 1230 2609 binc

275 2630 501 2670 excedentem
515 2629 708 2668 exteriores
723 2629 903 2682 excipient
919 2630 1081 2679 tenebrae,
1096 2631 1156 2668 ubi
1175 2631 1231 2670 sse·

276 2701 333 2729 tus
352 2691 472 2742 ingens
489 2700 521 2729 et
537 2689 669 2729 stridor
689 2689 850 2729 dentium
869 2706 876 2726 :
897 2705 1020 2729 verum
1033 2691 1230 2745 jucundius

277 2751 365 2789 mihi
385 2761 436 2789 est
454 2752 575 2790 dentes
591 2751 716 2790 audire
731 2750 918 2790 stridentes
933 2767 1039 2804 quam
1055 2753 1228 2805 ejusmodi

276 2813 386 2850 verba
402 2813 574 2863 jactantes
599 2813 773 2850 homines.
791 2812 930 2852 Vidcns
956 2822 1073 2852 autem
1096 2828 1151 2853 me
1171 2815 1231 2854 ille

276 2873 471 2911 admodum
500 2873 677 2924 lugentem
703 2890 709 2910 :
734 2875 811 2911 Non
840 2874 875 2911 id
895 2904 904 2920 ,
930 2874 1063 2926 inquit,
1090 2884 1230 2929 tempus

277 2933 434 2985 postulat
454 2949 462 2970 :
485 2947 597 2984 neque
616 2933 706 2971 enim
729 2934 784 2971 bis
801 2934 972 2987 lacrymis
987 2949 1059 2983 eos,
1081 2936 1229 2988 quijam

276 2994 458 3046 perierunt
482 3003 514 3032 ct
536 2993 696 3045 quotidie
726 3004 888 3046 percunt,
911 3009 1120 3048 recuperare
1144 3010 1229 3035 um-

276 3070 382 3106 quam
397 3056 546 3107 poteris:
559 3070 672 3106 neque
685 3055 817 3092 malum
829 3056 887 3094 hic
900 3056 1005 3094 linem
1020 3056 1230 3096 habiturum

277 3125 374 3167 puto.
392 3115 462 3154 Sed
481 3115 742 3168 providendum
756 3125 820 3163 est,
846 3125 882 3154 ut
898 3131 1025 3169 rogum
1045 3117 1152 3156 istum
1163 3133 1228 3157 ex-

1252 886 1282 911 ὁὸ

322 3208 334 3222 '
356 3203 429 3234 Duo
450 3201 526 3233 Mss.
546 3207 711 3245 Φαρασῦιοὶ
727 3207 774 3235 ni
791 3208 816 3237 oi
839 3210 938 3247 ἄρχοι.
962 3205 1039 3236 llaec
1057 3203 1192 3237 nomina
1211 3216 1286 3237 cot·-

276 3262 373 3298 πυρὶ-ἰ
389 3262 487 3294 sunt,
507 3253 580 3286 tide
596 3253 707 3286 Esdrre
725 3258 756 3286 ·1.
776 3257 808 3289 9.

318 3318 331 3332 ¹
356 3306 412 3339 Sic
425 3304 527 3338 Saxil.
546 3312 575 3336 et
596 3305 711 3337 Mon-1.
732 3307 803 3338 Duo
827 3314 937 3338 nutem
966 3308 1041 3341 Mss.
1062 3316 1116 3345 «rm
1137 3319 1214 3355 σρῶν
1234 3314 1284 3343 ⁷:-

275 3369 332 3393 vtas
349 3362 489 3398 demotum.
509 3355 609 3388 l‘nulo
628 3364 700 3397 post
719 3368 801 3387 nnus
820 3364 902 3394 notu,-
921 3363 1028 3397 αὶτοζ,
1056 3372 1127 3402 qum
1145 3372 1219 3392 vern
1239 3359 1281 3391 Ιιε-

273 3412 340 3445 ctio
361 3419 409 3443 est
443 3408 533 3442 Edu.
553 3408 653 3442 smil.
672 3408 783 3441 Morel.
804 3415 835 3441 ct
854 3408 934 3441 nlius
952 3410 1064 3444 Codex
1084 3419 1166 3451 κοξκς
1196 3417 1284 3452 2012,-

683 232 719 263 S.
754 229 940 262 JOANNJS
974 225 1218 257 CHRYSOST.
1257 224 1463 257 Ancntsst‘.
1497 226 1855 260 CONSTANTINOP-

1297 309 1540 360 τολμηθέντων
1569 312 1723 366 τοσούτῳ
1755 317 1867 351 ταῦτα
1895 310 2128 364 ἀνοσιώτερα,
2156 308 2226 363 ὅσῳ
2259 307 2319 349 καὶ

1299 369 1504 446 σεμνότερος
1516 374 1635 424 πολλῷ
1651 373 1743 412 xml‘
1727 372 1914 425 αγιώτερος
1930 375 1947 411 ὁ
1961 371 2041 415 ναὸς
2059 387 2156 416 ουτος
2176 373 2320 410 ἐκείνου.

1300 429 1406 470 Ἀλλὰ
1425 433 1532 481 τίνες,
1549 435 1624 474 εἶπέ
1644 451 1715 486 μοι,
1736 451 1795 473 και
1814 434 1917 472 πόθεν
1938 434 1970 471 οἱ
1990 437 2102 471 ταῦτα
2118 434 2321 507 τρλμησαν-

1300 506 1337 528 τε
1342 506 1376 537 ς;
1399 491 1458 529 καὶ
1475 492 1532 531 διὰ
1551 494 1597 540 τί,
1616 494 1674 532 καὶ
1693 496 1733 532 ἐκ
1751 509 1811 532 ποι
1805 494 1853 536 ἀς
1870 492 1994 538 αἰτίας,
2009 492 2068 530 καὶ
2086 493 2172 544 πρὸς
2191 493 2225 530 τί
2242 493 2322 544 βλέ-

1299 564 1422 596 ποντες
1438 552 1514 597 τοὺς
1528 553 1641 597 ὶίθους
1662 557 1708 597 εἷς
1723 570 1762 593 το
1781 554 1864 605 υψος
1881 554 2064 605 βάλλουσι,
2083 553 2142 590 καὶ
2161 553 2246 605 πρὸς
2263 553 2322 590 τὸν

1300 612 1445 665 οὐρανὸν
1463 615 1679 660 ἀκοντίζουσι
1702 615 1745 653 τὰ
1765 615 1863 666 βέλη,
1883 614 1941 652 καὶ
1951 615 2000 666 τῷ
2020 616 2082 660 τῆς
2101 613 2238 663 εἰρήνης
2252 627 2321 651 πο-

1301 674 1447 724 λεμοῦσι
1469 677 1576 727 Θεῷ;
1599 676 1741 725 Σαμέας
1762 675 1824 726 μὲν
1858 675 1926 727 γὰρ
1959 675 2018 713 καὶ
2046 676 2077 712 οἱ
2096 674 2324 726 ’(Ι)αραθαῖοι

1301 734 1360 772 καὶ
1384 737 1416 773 οἱ
1435 736 1599 787 ἄρχοντες
1626 736 1815 787 Ἀσσυρίων
1847 736 1906 773 καὶ
1929 736 2057 778 πάντες
2082 736 2206 773 ἐκεῖνοι
2234 733 2323 784 βάρ-

1301 794 1404 846 ὅαροί
1421 811 1458 834 τε
1476 791 1578 843 ἦσαν,
1593 799 1639 840 ὡς
1655 797 1714 834 καὶ
1729 799 1789 835 ἀπ’
1809 798 1923 834 αὐτῶν
1943 799 2011 834 τῶν
2031 795 2210 845 ὀνομάτων
2230 795 2324 833 ἔστιν

1303 856 1406 903 ἰδεῖν,
1425 857 1484 894 καὶ
1503 860 1565 903 τῆς
1584 858 1778 904 Ἰουδαϊκῆς
1799 856 1936 910 μακρὰν
1956 857 2111 903 ἤσκηντο
2130 855 2322 901 πολιτείας,

1302 933 1362 955 και
1381 920 1442 956 οὐκ
1470 918 1652 957 εθούλοντο
1683 923 1944 969 προσοικοῦντες
1977 919 2091 962 αὐτοῖς
2124 916 2325 967 ἀνθρωπους

1303 978 1511 1029 αὐξομένους
1539 981 1642 1031 ὁρᾷν·
1665 979 1727 1026 την
1757 979 1824 1032 γὰρ
1849 979 1994 1029 δύναμιν
2013 978 2077 1024 τὴν
2103 977 2272 1016 ἐκείνων’
2280 980 2324 1027 τῇ

1303 1041 1399 1092 σφῶν
1420 1042 1533 1078 αὐτῶν
1565 1040 1702 1094 ἐξουσία
1728 1041 1848 1079 λοιπὸν
1869 1041 2064 1078 ἐπισκοτεῖν
2086 1037 2215 1076 ὤοντο·
2231 1032 2326 1076 οὗτοι

1303 1101 1338 1140 δὲ
1363 1101 1463 1145 ποίας
1494 1103 1610 1145 αὐτοῖς
1634 1101 1826 1153 ἐλευθερίας
1854 1100 2127 1151 ἐλαττουμένης,
2145 1099 2247 1143 ποίας
2268 1100 2327 1137 ἐκ·

1302 1162 1521 1213 κοπτομένης
1547 1162 1663 1206 ἀδείας
1675 1192 1683 1208 ,
1705 1162 1800 1206 τίνας
1815 1165 1883 1200 τῶν
1903 1162 2120 1214 κρατούντων
2137 1161 2326 1212 συμπρᾶτο

1303 1239 1424 1266 τοντας
1445 1221 1603 1274 ἔχοντες,
1631 1227 1742 1261 ταῦτα
1768 1223 1989 1272 ε’τόλμησαη
2007 1222 2157 1261 Ἐκεῖνοι
2177 1221 2239 1272 μὲν
2259 1221 2327 1275 γὰρ

1304 1278 1398 1335 εἶχον
1422 1283 1501 1326 τοὺς
1522 1284 1671 1336 Περσῶν
1695 1285 1849 1334 βασιλεῖς
1868 1283 1979 1321 ταύτὰ
2011 1283 2237 1334 βουλομένους
2267 1285 2328 1321 αὖ·

1303 1349 1395 1388 τοῖς·
1415 1347 1447 1382 οἱ
1472 1344 1507 1381 δὲ
1537 1342 1702 1396 ἡμέτεροι
1729 1343 1896 1381 τάναντία
1933 1343 2086 1391 τούτων,
2105 1347 2151 1387 ὡς
2179 1344 2328 1393 ἐμαυτὸν

1303 1405 1412 1444 πείθω
1426 1434 1435 1450 ,
1456 1404 1516 1443 καὶ
1539 1406 1746 1455 ἐπιθυμοῦσι
1765 1405 1824 1442 καὶ
1844 1405 2016 1456 εὔχονται.
2035 1403 2144 1443 εὈθεν
2164 1404 2223 1442 καὶ
2240 1406 2331 1443 πολ-

1302 1468 1366 1513 λ’ἦς
1385 1465 1642 1516 ἐμπέπλησμαι
1661 1469 1724 1512 τῆς
1746 1466 1912 1517 ἀπορίας,
1930 1465 1985 1504 ὅτι
2010 1469 2078 1505 τῶν
2100 1467 2273 1518 βασιλέων
2294 1467 2329 1506 ἐν

1303 1527 1462 1580 εὖσεὸεία
1482 1526 1641 1575 ζώντων,
1660 1530 1803 1566 τοιαῦτα
1828 1526 1868 1566 σὺ
1898 1529 2012 1578 λέγεις
2041 1530 2076 1566 ἐν
2107 1529 2231 1579 μέσαις
2249 1529 2330 1568 τολ-

1303 1593 1436 1640 μᾶσθαι
1454 1605 1531 1633 ταις
1550 1589 1705 1627 πόλεσιν.
1730 1588 1775 1627 Ὁ
1804 1588 1842 1626 δέ
1860 1605 1985 1641 φησιν,
2006 1589 2046 1627 ἂν
2071 1590 2130 1628 καὶ
2148 1590 2188 1628 τὸ
2206 1590 2329 1630 τούτου

1302 1649 1578 1703 παραδοξότερον
1607 1650 1740 1702 μάθῃς,
1765 1649 1820 1689 ὅτι
1839 1650 1898 1688 καὶ
1918 1651 1949 1688 οἳ
1967 1653 2080 1689 ταῦτα
2102 1651 2250 1704 δρῶντες
2271 1655 2328 1692 εὗ-

1301 1713 1415 1755 σεὸεῖς
1434 1727 1471 1749 τε
1490 1715 1580 1749 εἶναι
1604 1712 1805 1763 βούλονται,
1824 1726 1883 1749 και
1906 1710 2137 1783 Χηριστιανους
2161 1714 2327 1754 καλουσιν

1301 1772 1436 1821 αὑτους,
1462 1773 1585 1811 πολλοὶ
1618 1771 1653 1811 δὲ
1680 1775 1794 1811 αὐτῶν
1818 1772 1877 1811 καὶ
1905 1774 1973 1810 τῶν
1993 1773 2060 1821 ἤδη
2092 1775 2326 1826 μεμυημένων

1299 1835 1386 1874 εἰσί·
1406 1834 1466 1873 καί
1488 1850 1540 1878 τις
1569 1835 1682 1872 αὐτῶν
1712 1834 1754 1881 δὴ
1774 1834 1905 1872 τούτων
1925 1835 2055 1873 πολλοῦ
2079 1838 2139 1873 τοῦ
2164 1836 2326 1875 διαὸόλου

1298 1896 1510 1940 πνεύσαντος
1523 1894 1541 1916 ¹²
1553 1896 1600 1940 εἷς
1620 1895 1734 1944 αὐτὸν,
1756 1895 1813 1934 διὰ
1833 1899 1895 1942 τῆς
1916 1903 2044 1950 μιαρᾶς
2060 1896 2220 1948 γλώσσης
2233 1898 2326 1936 ἐκεί-

1299 1973 1360 2003 νης
1392 1957 1584 2006 ἐτόλμησεν
1606 1959 1728 2002 εἰπεῖν,
1752 1956 1805 1995 ὅτι
1824 1958 1883 1996 καὶ
1902 1961 1964 2004 τῆς
1983 1958 2133 2002 πίστεως
2163 1959 2324 2006 ἀποστή-

1300 2034 1419 2066 σεται,
1439 2018 1498 2056 καὶ
1524 2018 1664 2057 θύσεται
1681 2018 1856 2069 δαίμοσιν·
1875 2019 2130 2071 ἀποπνίγεσθαι
2150 2019 2218 2071 γὰρ
2234 2023 2323 2073 δρῶν

1300 2079 1502 2131 ἀνθρώπους
1531 2080 1729 2132 ἐλευθέρους
1758 2079 1817 2118 καὶ
1844 2083 1991 2131 εὐγενεῖς
2020 2080 2080 2119 καὶ
2117 2081 2326 2132 δυναμένους

1302 2142 1336 2178 ἐν
1368 2142 1480 2192 τρυφῇ
1509 2141 1587 2191 ζῇν,
1616 2141 1672 2179 ἐπὶ
1702 2140 1761 2179 τὸν
1796 2141 1946 2192 σκληρὸν
1983 2146 2101 2180 τοῦτον
2135 2142 2325 2194 ἀγομένους

1302 2202 1391 2253 βίον.
1413 2203 1538 2240 Ταῦτα
1561 2201 1710 2245 ἀκούσας
1729 2200 1797 2253 ἐγὼ
1817 2202 1974 2254 ἐπλήγην
1993 2218 2031 2241 τε
2050 2202 2189 2254 πληγὴν
2214 2205 2326 2256 χαλε-

1301 2261 1481 2316 πωτέραν,
1499 2262 1559 2300 καὶ
1591 2261 1655 2300 ὅσα
1682 2263 1751 2301 ἀπὸ
1779 2262 1901 2301 τούτου
1929 2263 2023 2301 κακὰ
2051 2264 2326 2316 στοχαζόμενος,

1301 2323 1365 2370 τήν
1397 2340 1435 2362 τε
1463 2323 1667 2373 οἰκουμένην
1698 2324 1859 2376 ἐθρήνουν
1889 2325 2051 2372 ἅπασαν,
2071 2325 2131 2363 καὶ
2160 2326 2246 2379 πρὸς
2268 2327 2327 2367 τὸν

1303 2385 1394 2424 Θεὸν
1414 2384 1551 2437 ἔλεγον·
1573 2379 1655 2437 ἆρον
1674 2384 1739 2431 τὴν
1759 2384 1878 2438 ψυχήν
1900 2401 1965 2436 μου
1988 2386 2048 2424 ἀπ’
2069 2387 2175 2437 ἐμοῦ,
2200 2388 2260 2426 καὶ
2287 2391 2327 2428 ἐκ

1302 2449 1370 2486 τῶν
1407 2449 1567 2498 ἀναγκῶν
1600 2461 1666 2497 μου
1695 2446 1845 2498 ἐξάγαγέ
1867 2463 1929 2498 με,
1956 2446 2014 2485 καὶ
2039 2447 2240 2493 ἀπάλλαξον
2264 2453 2327 2497 τῆς

1304 2507 1472 2561 ἐπικήρου
1495 2507 1624 2555 ταύτης
1655 2510 1767 2556 ζωῆς,
1786 2508 1846 2546 καὶ
1874 2508 1960 2558 πρὸς
1986 2507 2044 2546 τὸν
2065 2510 2180 2560 χῶρον
2212 2510 2327 2560 μετά-

1304 2585 1430 2617 στησον
1451 2571 1581 2607 ἐκεῖνον
1595 2598 1604 2615 ,
1620 2568 1699 2606 ἔνθα
1723 2573 1874 2607 τοιοῦτον
1893 2569 1988 2606 οὐδὲν
2018 2568 2096 2607 οὔτε
2117 2568 2231 2621 ἔτερος
2255 2571 2326 2622 ἐρεῖ

1303 2648 1378 2679 τις,
1397 2630 1474 2669 οὔτε
1509 2630 1704 2680 ἀκούσομαι
1733 2629 1813 2680 ἐγώ.
1845 2623 1934 2668 Οἶδα
1957 2628 2019 2678 μὲν
2037 2628 2195 2681 γὰρ,ὅτι
2218 2633 2327 2670 ἀπελ-

1304 2693 1407 2731 θόντα
1438 2692 1591 2729 ἐντεῦθεν
1614 2690 1654 2728 τὸ
1685 2689 1805 2733 σκότος
1836 2688 2025 2733 διαδέξεται
2051 2689 2090 2727 τὸ
2123 2689 2162 2727 οἰε
2191 2690 2201 2703 ’

2148 2707 2325 2742 ,ιι-ιτερον,

1304 2755 1385 2793 ἔνθα
1412 2751 1519 2793 πολὺς
1534 2753 1551 2788 ὁ
1570 2750 1745 2801 κλαυθμὸς
1776 2749 1835 2788 καὶ
1853 2752 1870 2787 ὁ
1890 2750 2042 2802 βρυγμὸς
2073 2754 2141 2789 τῶν
2165 2753 2325 2792 ὀδόντων·

1305 2816 1383 2852 ἀλλ’
1419 2813 1516 2859 ἥδιον
1565 2811 1643 2862 ἐμοὶ
1689 2810 1887 2862 βρυχόντων
1931 2811 2066 2849 ἀκούειν
2097 2812 2244 2851 ὀδόντων
2263 2843 2272 2861 ,
2302 2813 2326 2860 ἢ

1304 2878 1448 2914 τοιαῦτα
1467 2872 1647 2925 ἠχούντων
1676 2872 1828 2924 ῥήματα.
1850 2871 1949 2909 Ἰδὼν
1987 2872 2023 2910 δέ
2061 2889 2104 2923 με
2137 2879 2328 2914 πενθοῦντα

1305 2938 1431 2978 ἐκεῖνος
1463 2935 1640 2986 σφοδρῶς.
1672 2934 1749 2971 ἀλλ’
1775 2934 1812 2971 οὗ
1841 2932 1996 2981 τούτων,
2022 2935 2146 2986 φησὶν,
2166 2937 2184 2973 ὁ
2208 2935 2328 2988 καιρὸς

1304 3000 1362 3034 νῦν
1379 3011 1387 3019 ·
1408 2994 1484 3034 οὐδὲ
1505 2994 1573 3046 γὰρ
1599 2993 1640 3041 δὴ
1673 2993 1751 3037 τοὺς
1775 2994 1999 3038 ἀπολωλότας
2031 2995 2091 3033 καὶ
2125 2995 2327 3045 ἀπολλυμέ-

1304 3073 1380 3102 νους
1398 3062 1469 3100 τοῖς
1487 3056 1632 3108 δάκρυσι
1653 3055 1782 3098 τούτοις
1801 3055 2065 3102 ἀνακτήσασθαι
2085 3055 2213 3107 δυνήσῃ
2228 3054 2324 3094 ποτέ·

1304 3119 1362 3156 καὶ
1387 3117 1454 3169 γὰρ
1474 3110 1572 3166 οἶμαι
1593 3115 1642 3167 μὴ
1665 3115 1853 3162 στήσεσθαι
1881 3116 1920 3154 τὸ
1941 3115 2059 3154 δεινόν.
2079 3115 2155 3167 Χρὴ
2182 3115 2218 3153 δὲ
2243 3117 2326 3167 ὁρᾷν

1321 3203 1419 3237 mulo.
1439 3203 1531 3236 Infra
1549 3214 1632 3236 uuus
1647 3207 1742 3237 ταὶτὰ
1758 3207 2001 3246 βουλευομένους.
2314 3202 2316 3205 ’

1366 3257 1382 3281 b
1397 3256 1453 3289 Sic
1467 3253 1569 3287 Suxil
1589 3263 1620 3286 et
1648 3254 1761 3287 Mon-Y.
1775 3281 1781 3288 ,
1802 3254 1857 3286 sed
1879 3260 1914 3292 εἰ,-
1933 3258 2020 3288 asti-2
2037 3253 2127 3286 deest
2147 3254 2178 3285 in
2196 3252 2326 3285 ducalius

1323 3310 1397 3341 mss.
1429 3307 1529 3341 l‘uulo
1558 3316 1631 3351 post
1662 3306 1729 3340 duo
1757 3307 1831 3339 510³.
1857 3316 1886 3338 et
1917 3305 2019 3339 Saxil.
2051 3308 2082 3340 iu
2114 3317 2218 3348 marg.
2249 3310 2325 3339 0202]

1320 3375 1464 3402 ηαιμΰσινο
