2513 3871
369 253 457 297 272

363 333 456 384 giter
475 328 686 383 perturbans
699 335 806 380 atque
818 327 1002 374 assidens,
1023 337 1221 380 pauperum
1237 340 1317 365 oor·

363 391 459 430 rodit
475 389 647 428 animum.
663 387 712 427 Et
723 387 816 440 quid
830 402 895 440 ego
908 396 1154 440 paupertatem
1167 386 1317 426 dicam?

361 452 497 490 Omnes
507 449 697 488 hominum
709 448 930 488 calamitates
940 449 970 487 si
981 447 1210 487 dinumerare
1224 447 1318 488 veli-

362 525 463 558 mus,
479 524 548 549 non
565 510 632 562 ipsi
647 509 780 556 solum,
795 508 856 547 sed
874 517 912 547 tu
930 522 1073 560 quoque
1086 508 1238 547 lamenta
1257 517 1318 548 tua

361 586 404 611 ac
423 571 583 624 ploratus
598 570 746 610 fortasse
760 569 909 610 ridebis.
930 569 1094 621 Denique
1111 583 1181 609 non
1199 570 1316 610 solum

361 648 498 682 omnes,
516 634 578 673 sed
599 647 642 672 ne
661 633 911 673 brevissimam
929 632 1075 685 quidem
1095 647 1217 673 earum
1238 648 1318 687 par·

362 706 433 735 tem
461 694 581 747 eloqui
607 694 710 734 nobis
738 695 909 748 possibile
935 703 1038 734 esset.
1071 695 1194 748 Neque
1221 695 1317 733 enim

360 756 494 795 scimus
518 756 620 804 illas,
642 770 755 808 neque
773 756 802 795 si
833 755 1028 805 sciremus,
1047 764 1187 810 tempus
1215 770 1319 795 omne

362 817 557 856 narrationi
576 816 776 856 sufficeret:
795 831 921 856 verum
939 831 1071 871 paucas
1089 831 1135 855 ex
1151 817 1319 871 plurimis

362 891 429 930 pro
447 877 590 917 viribus
605 877 796 930 colligens,
815 891 860 915 ex
881 877 938 915 his
957 876 1022 916 tibi
1039 892 1096 916 eas
1115 878 1221 916 etiam
1239 893 1318 930 qua:

361 937 468 976 dictae
482 951 552 976 non
566 946 649 977 sunt
659 967 669 986 ‚
679 935 921 989 conjiciendas
934 936 1146 988 relinquam.
1161 938 1300 976 Memcn
1310 960 1320 966 -

361 1006 414 1046 to,
428 1011 563 1050 qumso,
584 997 677 1037 senis
697 997 794 1036 illius
813 996 1040 1045 amicissimi,
1061 998 1317 1050 Demophilum

175 1071 347 1111 Demophiti
361 1057 460 1108 dico,
471 1071 518 1098 ex
530 1072 659 1109 magna
671 1058 873 1110 illustrique
884 1058 1030 1097 familia.
1045 1058 1112 1096 Hic
1121 1059 1195 1110 jam
1210 1060 1317 1110 quin-

156 1114 300 1183 ’ῗωΡΙέ
362 1129 439 1159 tum
453 1129 487 1159 et
499 1118 680 1159 decimum
693 1133 827 1158 annum
841 1120 929 1171 agit,
948 1133 993 1158 ex
1008 1133 1080 1170 quo
1097 1120 1187 1157 nihil
1207 1121 1319 1158 facere

155 1161 274 1231 ἔτεϊ
303 1161 345 1183 ¹⁸⁰
360 1180 445 1234 plus
461 1190 588 1234 potest,
606 1194 713 1232 quam
731 1181 876 1226 mortui,
894 1181 961 1218 nisi
977 1180 1075 1231 quod
1090 1181 1319 1232 tremitjugi-

360 1251 415 1280 ter
440 1250 474 1280 et
501 1242 680 1292 loquitur,
705 1254 918 1292 sensumque
948 1242 1143 1293 pei-sectum
1171 1255 1318 1278 suorum

360 1301 468 1340 habet
487 1301 679 1339 malornm.
700 1302 877 1340 Caeterum
898 1301 934 1339 in
953 1315 1093 1338 summa
1109 1310 1319 1353 paupertate

360 1361 473 1399 vitam
489 1361 579 1413 agit,
596 1360 760 1399 ministro
776 1370 915 1399 tantum
933 1374 1003 1399 uno
1019 1360 1242 1399 adolescente
1256 1375 1316 1399 co-

361 1422 524 1470 mitatus,
545 1422 638 1461 bono
656 1421 804 1473 quidem
840 1436 882 1461 ac
902 1421 1041 1461 domini
1061 1422 1116 1460 sui
1136 1421 1318 1471 studioso,

360 1496 431 1522 non
452 1494 567 1522 tamen
596 1483 658 1535 qui
685 1482 924 1522 calamitatem
947 1483 1045 1521 illam
1064 1482 1170 1521 solari
1191 1483 1315 1535 possit.

360 1544 485 1595 Neque
502 1544 597 1583 enim
617 1543 915 1596 inopiamjuvare
934 1552 1071 1597 potest,
1091 1557 1204 1595 neque
1221 1558 1320 1583 reso-

360 1604 510 1644 lutionis
528 1614 717 1644 tremorem
737 1605 881 1655 sistere,
899 1605 961 1644 sed
979 1605 1159 1644 bucellam
1179 1614 1319 1644 tantum
1343 1609 1368 1641 C

362 1666 417 1704 ori
432 1665 570 1705 domini
584 1680 778 1719 apponere,
794 1666 928 1720 quippe
941 1680 1054 1718 neque
1069 1665 1118 1704 ad
1133 1665 1201 1705 boc
1216 1666 1321 1705 illum

356 1726 485 1780 juvare
496 1737 644 1780 possunt
654 1741 798 1776 manus,
813 1737 846 1766 et
859 1728 988 1766 offerre
1002 1727 1162 1774 calicem,
1180 1737 1213 1766 et
1227 1742 1320 1780 pur-

360 1797 523 1840 gamenta
539 1788 681 1827 narium
692 1788 1083 1841 abstergerepraevalet‚
1093 1787 1193 1826 aliud
1202 1798 1320 1827 autem

361 1849 446 1901 plus
461 1849 590 1888 inferre
609 1849 714 1889 nibil.
732 1849 779 1889 Et
793 1850 857 1888 iste
870 1849 1030 1901 quidem,
1046 1859 1086 1888 ut
1100 1849 1193 1897 dixi,
1208 1851 1317 1902 quin-

362 1908 481 1948 decim
495 1911 572 1964 jam
595 1924 708 1949 annos
734 1910 769 1949 in
799 1910 974 1963 ejusmodi
1001 1911 1171 1950 :erumnis
1189 1911 1286 1964 degit
1308 1929 1316 1950 ι

364 1983 431 2023 ego
450 1979 567 2010 autem
587 1971 692 2010 illum
709 1972 893 2011 considero
906 2002 916 2017 ,
940 1972 1002 2023 qui
1023 1972 1166 2024 triginta
1188 1981 1222 2011 et
1240 1983 1319 2012 octo

363 2031 468 2070 annis
481 2031 550 2071 hoc
563 2033 690 2071 morbo
705 2033 871 2072 obtentus
882 2033 1009 2071 suerat.
1028 2033 1087 2071 Tu
1104 2034 1213 2073 velim
1230 2049 1319 2087 prze-

160 2094 333 2124 Arissossui
365 2101 459 2131 terea
480 2093 734 2132 Aristoxenum
754 2108 896 2146 quoque
912 2108 955 2132 ex
976 2093 1149 2146 Bithynia
1170 2096 1316 2148 cogites.

160 2135 351 2216 ζζωὲιὴῗζ,
367 2152 459 2192 Huic
477 2153 571 2192 enim
596 2168 725 2206 corpus
744 2154 901 2193 nondum
921 2155 1118 2194 resolutum
1137 2166 1187 2194 est
1209 2166 1247 2195 ut
1268 2157 1320 2196 illi

161 2221 222 2246 ιιι..
363 2211 456 2259 seni,
477 2225 601 2250 verum
621 2212 772 2264 languor
789 2213 882 2250 alius
903 2212 1077 2260 imminet,
1099 2214 1203 2267 longe
1218 2231 1321 2269 para·

168 1983 266 2012 Ιοαιι.
286 1980 317 2010 5.

363 2271 435 2324 lysi
463 2271 524 2310 illa
556 2273 750 2311 molestior.
775 2274 937 2325 Namque
961 2274 1033 2312 alvi
1063 2277 1322 2316 contractiones
1344 2288 1370 2318 Ι)

365 2331 529 2383 quiedam
549 2332 761 2385 doloresque
778 2334 962 2373 tormentis
978 2336 1146 2374 omnibus
1162 2338 1322 2377 acerbio-

364 2406 432 2441 res,
448 2407 541 2431 nunc
553 2393 699 2445 quidem
715 2395 872 2433 verubus
891 2395 1058 2435 omnibus
1071 2399 1212 2437 acutius
1230 2414 1324 2452 puu-

364 2464 499 2506 gentes,
517 2469 611 2493 nunc
625 2455 706 2508 igne
721 2456 938 2494 vehementis
953 2467 1107 2509 urentes,
1124 2458 1323 2513 diebusque

363 2515 520 2568 singulis
531 2530 573 2554 ac
584 2517 749 2555 noctibus
763 2531 844 2555 eum
861 2518 1094 2570 exagitantes,
1107 2521 1204 2573 apud
1224 2522 1325 2573 igna-

364 2590 427 2615 ros
457 2576 536 2629 ejus
561 2577 676 2615 morbi
698 2591 868 2615 vesanum
899 2578 1003 2617 illum
1032 2580 1147 2619 videri
1169 2581 1323 2630 iaciunu

365 2636 456 2676 adeo
467 2646 634 2688 torquent
647 2638 745 2676 illius
759 2639 931 2691 pupillas,
946 2640 1036 2679 adeo
1053 2656 1181 2680 manus
1194 2642 1323 2695 pedes-

365 2712 435 2750 que
448 2698 716 2747 contrahunt,et
731 2709 869 2737 mutum
884 2697 985 2739 illum
1001 2703 1323 2743 constituunt.1‘or-

365 2773 406 2798 ro
422 2758 592 2797 clamores
607 2761 684 2813 ejus
696 2774 738 2797 ac
756 2761 908 2811 gemitus
919 2765 1014 2811 (nam
1032 2772 1111 2816 post
1130 2763 1229 2803 illam
1245 2766 1321 2818 pri-

366 2819 546 2858 vationem
557 2820 653 2858 vocis
667 2834 931 2873 nonnumquam
950 2823 983 2861 in
1002 2824 1192 2864 clamorem
1208 2840 1326 2865 erum-

368 2879 437 2932 pit)
464 2880 619 2919 lamenta
651 2882 927 2934 parturientium
956 2895 1139 2937 superant,
1170 2887 1258 2926 adeo
1287 2898 1324 2926 ut

369 2939 501 2992 saepius
530 2941 554 2978 ii
577 2941 706 2991 etiam,
733 2943 868 2994 quibus
895 2943 1124 2998 longinquius
1151 2947 1198 2986 ab
1225 2948 1324 2988 illius

370 2999 574 3040 habitaculo
594 3003 739 3041 remotis
759 3004 892 3042 infirmi
911 3016 1007 3051 sunt,
1025 3021 1097 3059 pra:
1117 3008 1323 3060 vigiliarum

370 3060 475 3098 taedio
498 3061 631 3101 turbati
655 3063 797 3102 mittant
817 3064 1023 3118 culpanteS,
1043 3068 1140 3119 quod
1162 3083 1206 3108 ez
1227 3069 1324 3108 illius

371 3120 587 3160 clamoribus
613 3123 765 3162 infirmis
790 3125 864 3163 suis
886 3126 1047 3166 deterius
1068 3129 1128 3170 sit.
1152 3131 1210 3169 Illi
1241 3145 1326 3169 vero

373 3194 441 3218 non
456 3196 500 3219 ex
517 3182 719 3235 longinquis
735 3185 952 3234 intervallis,
970 3188 1032 3227 sed
1048 3190 1179 3243 swpius
1196 3191 1325 3229 diebus

373 3240 523 3292 singulis
539 3256 578 3280 ac
594 3243 756 3281 noctibus
771 3247 959 3298 contingit,
976 3252 1250 3303 sextusquejam
1269 3252 1326 3290 liic

376 3314 489 3340 annus
502 3303 664 3349 vertitur,
684 3318 727 3343 ex
743 3319 813 3355 quo
828 3308 1076 3349 molestissimo
1092 3312 1174 3352 huic
1187 3313 1327 3365 flagello

419 3424 435 3447 l·
456 3423 574 3466 (μόνον
589 3423 740 3457 additum
762 3438 799 3457 n
817 3428 936 3470 savit.)

776 247 815 276 S.
853 245 1040 277 Joaums
1075 244 1318 276 cttttYSOST.
1357 246 1565 279 ancntsst‘.
1596 246 1956 279 CONSTANTtNop.

1394 330 1523 375 παντὸς
1548 329 1789 384 προσεδρεύων
1820 328 1995 369 κατεσθίει
2021 329 2085 376 τὴν
2117 321 2185 367 τῶν
2218 327 2418 378 πενομένων

1389 391 1518 444 ψυχήν.
1534 391 1603 432 Καὶ
1621 391 1657 431 τί
1670 391 1764 444 λέγω
1777 390 1899 430 πενίαν
1914 406 1925 438 ;
1944 391 1987 429 El
1999 390 2067 442 γὰρ
2081 389 2289 441 βουλοίμεθα
2301 389 2418 433 πιέσας

1389 451 1532 496 τὰςτῶν
1550 452 1744 507 ἀνθρώπων
1760 455 1971 504 ἀπαριθμεῖν
1991 451 2172 503 συμφορὰς
2187 480 2197 499 ,
2228 451 2295 503 οὔχ
2315 453 2418 500 ἡμεῖς

1391 513 1514 564 μόνον,
1533 513 1625 553 ἀλλὰ
1652 514 1711 552 καὶ
1740 513 1840 555 αὐτὸς
1871 511 1965 563 τάχ-α
1996 511 2155 563 γελάσεις
2185 510 2265 555 τοὺς
2288 515 2418 550 σαυτοῦ

1391 575 1535 626 θρήνους
1555 575 1614 613 καὶ
1633 574 1695 618 τὰς
1714 572 1883 624 οἰμωγάς.
1902 571 2027 614 Πᾶσας
2046 570 2109 621 μὲν
2125 564 2185 609 οἶν
2197 601 2208 619 ,
2229 573 2363 622 μᾶλλον
2380 571 2417 610 δὲ

1390 635 1469 675 οὐδὲ
1485 635 1526 674 τὸ
1545 635 1735 674 πολλοστὸν
1759 632 1862 684 μέρος
1887 633 2000 670 αὐτῶν
2019 633 2130 670 εἰπεῖν
2156 633 2242 682 ἡμῖν
2259 630 2416 669 δυνατόν·

1390 696 1469 735 οὔτε
1492 697 1560 748 γὰρ
1586 695 1688 746 ἴσμεν
1712 693 1836 740 αὐτὸς,
1857 692 1956 737 οὔτε,
1982 694 2012 731 εἰ
2037 692 2097 731 καὶ
2119 691 2279 742 ᾔδειμεν,
2300 691 2379 736 ὅλος
2399 695 2418 730 ὁ

1391 757 1513 809 χρόνος
1541 757 1581 794 ἂν
1609 759 1694 805 ημῖν
1715 755 1799 807 πρὸς
1820 753 1884 800 τὴν
1905 753 2068 804 διήγησιν
2096 752 2256 804 ἤρκεσεν.
2271 751 2417 805 Ὀλίγας

1392 817 1427 856 δὲ
1455 820 1494 856 ἐκ
1519 818 1659 855 πολλῶν
1685 814 1958 865 ἀναλεξάμενος,
1986 815 2026 852 ἐκ
2045 813 2176 852 τούτων
2203 828 2259 852 σοι
2277 811 2419 866 παρέξω

1391 878 1482 916 κατὰ
1509 876 1654 928 δύναμιν
1679 876 1739 915 καὶ
1771 876 1833 919 τὰς
1858 877 1921 914 οὐκ
1949 874 2135 926 εἰρημένας
2164 873 2417 927 στοχάσασθαι.

1391 938 1650 989 ’Λναμνήσθητι
1683 936 1750 988 γὰρ
1783 937 1840 974 τὸν
1874 936 2041 987 φίλτατον
2081 936 2230 987 γέροντα
2266 936 2419 982 ἐκεῖνον,

1393 999 1595 1051 Δημόφιλον
1625 999 1718 1049 λέγω
1731 1028 1740 1046 ,
1763 998 1821 1035 τὸν
1846 999 1885 1036 ἐκ
1906 999 1969 1044 τ’ἦς
2000 996 2156 1048 μεγάλης
2176 995 2237 1035 καὶ
2254 996 2420 1049 λαμπρᾶς

1394 1061 1516 1104 οἰκίας.
1557 1054 1670 1103 Οὗτος
1717 1059 1877 1109 πέμπτον
1929 1058 1988 1096 καὶ
2035 1058 2179 1097 δέκατον
2224 1057 2299 1101 ἔτος
2346 1055 2420 1109 ἔχει

1395 1122 1527 1169 λοιπὸν,
1549 1120 1583 1165 ἐξ
1608 1115 1646 1159 οὗ
1673 1123 1742 1158 τῶν
1762 1119 1824 1169 μὲν
1844 1120 1974 1170 νεκρῶν
2001 1118 2098 1158 οὐδὲν
2115 1119 2258 1168 ἄμεινον
2285 1116 2417 1156 διάκει·

1394 1197 1452 1220 ται
1479 1182 1566 1234 πρὸς
1592 1181 1632 1218 τὸ
1659 1182 1807 1233 ἐνεργεῖν
1824 1211 1835 1228 ,
1863 1179 1956 1227 πλὴν
1976 1179 2055 1218 ὅσον
2083 1179 2206 1231 τρέμει
2234 1180 2419 1226 διηνεκῶς,

1394 1243 1454 1280 καὶ
1480 1241 1686 1293 φθέγγεται,
1703 1242 1764 1280 καὶ
1779 1241 1843 1288 τὴν
1863 1242 2024 1288 αἴσθησιν
2045 1240 2174 1291 τρανὴν
2194 1241 2264 1278 τῶν
2281 1239 2419 1278 οἰκείων

1394 1303 1467 1354 ἔχει
1489 1305 1608 1340 κακῶν
1623 1315 1630 1323 ·
1648 1302 1750 1355 πενία
1772 1301 1808 1339 δὲ
1835 1301 1970 1353 ἐσχάτῃ
1996 1303 2082 1353 συζῖζιῗ1
2096 1331 2106 1349 ,
2126 1301 2187 1339 καὶ
2205 1300 2263 1338 τὸν
2295 1301 2417 1340 διακο-

1394 1363 1557 1413 νούμενον
1577 1362 1649 1415 ἔχει
1669 1361 1849 1400 νεανίσκον
1874 1361 1956 1407 ἕνα,
1974 1362 2129 1413 χρηστὸν
2157 1361 2219 1412 μὲν
2240 1361 2301 1400 καὶ
2319 1364 2419 1414 φιλο-

1394 1425 1574 1472 δέσποτον,
1593 1426 1632 1462 οὗ
1660 1423 1729 1474 μὴν
1749 1423 1866 1462 ἱκανὸν
1895 1422 2217 1475 παραμυθήσασθαι
2239 1423 2305 1478 τὴν
2325 1438 2418 1473 συμ-

1394 1485 1502 1538 φορὰν
1519 1485 1667 1531 ἐκείνην·
1683 1484 1760 1523 οὔτε
1774 1484 1843 1537 γὰρ
1855 1487 1898 1535 τῇ
1915 1484 2017 1536 πενίᾳ
2030 1486 2159 1535 ἀμῦναι
2172 1483 2265 1536 ἔχει,
2277 1483 2420 1523 οὗτετὸν

1394 1551 1456 1595 τῆς
1479 1546 1660 1599 παρέσεως
1687 1549 1914 1585 καταπαῦσαι
1932 1546 2083 1597 τρόμον,
2108 1544 2199 1584 ἀλλὰ
2221 1545 2345 1597 ψωμὸν
2362 1546 2419 1583 ἕν·

1394 1613 1503 1648 θεῖναι
1518 1607 1641 1657 ι’μόνον
1658 1609 1708 1659 τῷ
1723 1606 1874 1657 στόματι
1885 1610 1944 1645 τοῦ
1957 1606 2126 1646 δεσπότου
2140 1606 2232 1654 (οὐδὲ
2247 1606 2316 1659 γὰρ
2335 1607 2421 1659 πρὸς

1393 1671 1494 1707 τοῦτο
1508 1670 1654 1720 ἀρκοῦσι
1676 1669 1849 1718 βοηθῆσαι
1869 1669 1904 1705 αἱ
1920 1673 2036 1719 χεῖρες
2060 1668 2198 1720 αὐτῷ),
2215 1667 2275 1705 καὶ
2295 1667 2422 1706 κύλικα

1393 1734 1652 1780 προσαγαγεῖν,
1680 1727 1739 1766 καὶ
1768 1729 1967 1780 κορυζῶντα
2003 1726 2180 1778 ἀπομύξαι
2214 1728 2345 1766 δύναιτ’
2366 1727 2421 1773 ἂν,

1395 1789 1511 1842 ἕτερον
1532 1789 1568 1828 δὲ
1588 1789 1718 1827 τούτων
1737 1790 1944 1839 εἰσενεγκεῖν
1958 1788 2064 1827 πλέον
2083 1788 2195 1827 οὐδέν.
2213 1787 2306 1827 Ἀλλ’
2323 1782 2421 1833 οὗτος

1396 1849 1458 1899 μὲν
1487 1850 1740 1888 πεντεκαίδεκα
1762 1849 1822 1896 ἔτη
1849 1848 1925 1901 ἔχει
1946 1850 2067 1888 λοιπὸν
2095 1849 2422 1901 ταλαιπωρούμενος

1395 1909 1522 1958 οὕτως,
1543 1913 1590 1954 ὡς
1613 1910 1717 1963 ἔφην·
1744 1909 1812 1963 ἐγὼ
1843 1909 1879 1949 δὲ
1907 1912 2013 1949 ἐννοῶ
2041 1910 2100 1948 τὸν
2125 1909 2220 1949 ὀκτὼ
2238 1910 2297 1949 καὶ
2319 1911 2422 1963 τριά-

1396 1986 1501 2010 κοντα
1521 1971 1581 2019 ἔτη
1604 1973 1651 2015 εἷς
1672 1975 1775 2010 τοῦτο
1798 1970 2099 2010 καταναλώσαντα
2122 1971 2162 2010 τὸ
2179 1970 2366 2017 notem&
2385 1972 2423 2011 δέ

1397 2048 1456 2082 μοι
1480 2032 1567 2085 πρὸς
1589 2032 1723 2076 τούτοις
1742 2033 1802 2070 καὶ
1816 2031 2048 2084 Ἀριστόξενον
2074 2031 2214 2084 λόγισαι
2235 2033 2294 2071 τὸν
2319 2033 2421 2072 Βιθυ-

1395 2093 1464 2131 νόν·
1479 2093 1592 2145 τούτῳ
1610 2092 1678 2144 γὰρ
1699 2093 1738 2131 τὸ
1760 2092 1823 2142 μὲν
1843 2095 1947 2143 σῶμα
1968 2093 2006 2130 οὐ
2030 2093 2232 2131 διαλέλυται
2262 2093 2423 2146 καθάπερ

1397 2153 1518 2208 ἐκείνῳ
1545 2157 1597 2207 τῷ
1629 2154 1790 2206 γέροντι,
1817 2153 1916 2197 νόσος
1943 2152 1979 2190 δὲ
2009 2152 2183 2192 ἐπίκειται
2210 2155 2332 2206 πολλῷ
2360 2157 2423 2201 τῆς

1396 2216 1629 2270 παραλύσεως
1648 2216 1781 2263 ἐκείνης
1795 2215 2041 2268 χαλεπωτέρα.
2059 2215 2128 2254 Διὰ
2149 2214 2216 2267 γὰρ
2235 2220 2296 2254 τοῦ
2315 2215 2422 2268 Ιἤτρου

1397 2278 1557 2329 σπασμοί
1570 2293 1660 2321 τινες
1679 2278 1739 2316 καὶ
1758 2278 1875 2323 πάσης
1895 2276 2083 2328 ἀλγηδόνος
2105 2277 2304 2329 πικρότεροι
2323 2276 2423 2315 πόνοι

1395 2338 1481 2378 ποτὲ
1517 2338 1579 2390 μὲν
1612 2338 1804 2378 ὀίῖελίσκων
1833 2344 1947 2391 χεῖρον
1981 2338 2240 2392 διαπείροντες,
2270 2338 2357 2378 ποτὲ
2386 2337 2422 2377 δί

1397 2400 1503 2452 πυρὸς
1530 2400 1759 2453 σφοδρότερον
1784 2399 2057 2453 διατρώγοντες,
2083 2398 2143 2438 καί
2169 2400 2247 2438 καθ’
2270 2399 2423 2447 ἑκάστην

1398 2462 1533 2515 ἡμέραν
1549 2461 1609 2500 καὶ
1627 2461 1735 2500 νύκτα
1756 2462 2011 2514 διενοχλοῦντες
2028 2461 2125 2512 παρὰ
2145 2467 2218 2504 τοῖς
2235 2461 2297 2500 οὗκ
2315 2461 2424 2501 εἰδόσι

1399 2523 1438 2562 τὸ
1459 2522 1567 2565 πάθος
1594 2522 1805 2573 μαινομένου
1833 2521 2053 2574 περιτιθέασι
2082 2521 2183 2566 δόξαν
2208 2523 2316 2573 αὗτιῖι·
2332 2521 2424 2561 οὕτω

1398 2584 1662 2635 διαστρέφοντες
1688 2583 1749 2626 τὰς
1769 2583 1893 2634 κόρας,
1919 2582 2011 2620 οὕτω
2039 2584 2339 2635 στραγγαλοῦντις
2360 2582 2423 2626 τὰς

1398 2651 1518 2698 χεῖρας
1552 2643 1642 2694 μετὰ
1670 2647 1739 2682 τῶν
1773 2644 1908 2690 ποδῶν,
1936 2643 2091 2682 τιθέασιν
2113 2643 2284 2694 ’ἄφωνοι
2314 2646 2359 2683 Αἱ
2387 2644 2422 2683 δὲ

1401 2706 1552 2757 κραυγαὶ
1570 2705 1630 2743 καὶ
1647 2706 1679 2743 οἱ
1696 2703 1847 2743 κωκυτοὶ
1867 2706 1878 2753 ζ
1887 2703 1946 2742 καὶ
1969 2702 2037 2755 γὰρ
2054 2703 2115 2741 καὶ
2136 2705 2324 2757 ἆνακρᾶζει
2341 2706 2422 2744 πολ-

1400 2768 1500 2809 λάκις
1519 2765 1608 2817 μετὰ
1628 2765 1692 2811 τὴν
1717 2764 1873 2816 ἀφωνίαν
1896 2764 2052 2813 ἐκείνην)
2068 2764 2129 2806 τὰς
2144 2766 2213 2801 τῶν
2227 2765 2423 2805 ὼδινουσῶν

1400 2829 1541 2867 νικῶσιν
1556 2826 1738 2878 ὀλολυγὰς,
1754 2826 1813 2864 καὶ
1827 2825 1997 2867 πολλάκις
2012 2827 2079 2862 τῶν
2097 2826 2275 2878 πόρρωθεν
2294 2827 2424 2867 οἰκούν-

1399 2904 1468 2926 των
1492 2887 1690 2941 ἀρρώστους
1719 2885 1874 2937 ἶχοντες,
1892 2885 1951 2922 καὶ
1977 2886 2045 2923 ὑπὸ
2072 2887 2206 2933 πολλῆς
2234 2887 2426 2940 ἀγρυπνίας

1401 2947 1669 3001 ἐνοχλουμένους
1683 2976 1693 2993 ,
1722 2946 1881 2997 {mutave
1916 2947 2142 2995 ἐγκαλοῦντες
2161 2947 2248 3000 ὑπὲρ
2270 2950 2340 2986 τῶν
2363 2962 2426 2987 κα-

1402 3010 1576 3061 μνόντων,
1597 3011 1644 3052 ὡς
1675 3014 1791 3060 χεῖρον
1833 3007 1899 3045 ὑπὸ
1947 3010 2006 3052 τῆς
2043 3007 2163 3046 τούτου
2199 3008 2426 3047 διατεθέντων

1401 3075 1528 3123 φωνῆς.
1559 3070 1697 3109 Γίνεται
1727 3069 1760 3107 δὲ
1786 3070 1880 3120 αὐτῷ
1909 3069 1971 3105 οὐκ
1999 3069 2037 3106 ἐκ
2071 3068 2336 3119 διαλειμμάτων
2357 3085 2425 3119 μα-

1402 3135 1514 3184 κρῶν,
1533 3131 1623 3171 ἀλλὰ
1643 3130 1812 3172 πολλάκις
1840 3129 1902 3178 μὲν
1932 3131 1992 3174 τῆς
2012 3129 2169 3183 ἡμέρας,
2188 3129 2358 3174 πολλάκις
2388 3130 2425 3168 δὲ

1403 3196 1464 3239 τῆς
1495 3193 1629 3235 νυκτὸς.
1648 3190 1707 3229 καὶ
1737 3191 1858 3228 λοιπὸν
1888 3189 1985 3232 tuo<
2012 3184 2110 3233 οὗτός
2139 3192 2232 3229 ἐστιν
2254 3190 2426 3236 ίνιαυτὸς,

1405 3255 1438 3299 ἐξ
1470 3249 1509 3293 οὗ
1538 3257 1580 3304 τῇ
1606 3258 1743 3303 πονηρᾷ
1763 3250 1873 3302 ταύτῃ
1908 3251 2141 3301 παραδέδοται
2177 3251 2347 3302 μα’στιγι,
2365 3253 2425 3291 καὶ

1406 3315 1483 3353 οὔτε
1518 3314 1655 3361 οἰκέτης
1683 3311 1850 3361 πάρεστιν
1882 3315 1900 3350 ὁ
1927 3313 2151 3362 θεραπεύσων
2188 3312 2290 3351 αὐτὸν
2308 3341 2319 3362 ,
2347 3312 2426 3352 οὗτε

1470 3445 1482 3459 ·
1501 3437 1555 3467 διε
1573 3435 1674 3468 Snvnl.
1691 3443 1722 3467 ct
1737 3434 1835 3469 con».
1853 3437 1891 3466 Αι
1909 3435 1940 3467 in
1955 3435 2071 3467 moret.
2087 3442 2200 3480 ἀρωνον
2216 3433 2320 3467 deut.
