2513 3871
304 187 336 233 6
696 205 733 234 S.
771 205 956 235 JOANMS
990 203 1232 234 cnRYsoS'r.
1272 204 1878 238 ARCfflEP.CONSTANT1NOP.

302 285 558 338 desperationis
571 285 785 336 cogitatione
798 286 943 337 ligatur,
957 286 1093 324 fractus
1102 285 1257 335 viribus,

302 346 480 398 quomodo
495 360 661 398 superare
679 347 808 398 poterit
827 346 884 385 vel
903 347 1087 395 obsistere,
1111 360 1192 385 cum
1210 359 1258 386 ex

302 406 454 446 adverso
475 407 616 458 fugiat?

355 469 394 506 4.
419 469 492 506 Nec
511 467 609 507 diras
625 469 701 507 baec
716 468 762 508 ad
781 482 838 508 eos
851 468 912 520 qui
935 468 1074 508 modice
1092 468 1256 521 delique-

302 537 386 566 runt
401 528 574 580 pertinere
585 544 593 566 ε
604 529 665 568 sed
680 544 771 582 pone
783 530 987 583 quempiam
1005 530 1102 569 omni
1120 530 1256 583 flagitio

303 588 463 640 plenum,
485 590 547 640 qui
571 590 661 629 nibil
685 605 753 630 non
769 591 896 643 egerit,
920 590 1015 642 quod
1029 606 1049 629 a
1067 605 1175 644 regno
1193 593 1256 631 itto

303 650 485 699 excludat,
502 650 562 702 qui
575 666 592 688 a
607 651 798 705 principio,
818 666 886 689 non
905 666 948 689 ex
961 651 1176 703 infidelium,
1194 654 1255 692 sed

304 724 349 749 ex
368 710 556 759 fidelium,
577 726 772 764 eorumque
789 712 850 764 qui
871 713 946 751 Deo
965 713 1168 766 piacueiant
1189 729 1256 752 nu-

100 767 218 806 Quaem
232 779 292 796 ⁵⁶⁰·
305 785 401 810 mero
420 773 547 819 sueiit,
576 773 707 812 deinde
726 788 750 810 x
755 788 833 820 er,o
856 781 1028 812 scortator
1041 775 1252 822 ,moecbus,

95 809 156 838 lera
179 813 270 847 sueni-

100 857 126 878 t
122 853 190 879 ·ntia
204 853 256 880 ‹ie-

96 891 209 923 lentur.

304 833 443 882 moltis,
462 835 540 881 sur,
563 834 744 879 ebniosus,
765 833 993 886 paedor-‚astes
1019 834 1255 874 calumniator

301 894 468 943 evaserit,
490 903 523 932 et
538 894 606 932 alia
629 893 664 932 id
679 908 789 946 genus
808 894 958 932 crimina
978 893 1165 933 admiserit
1184 912 1191 932 :
1212 911 1256 935 ne

301 953 397 992 hune
425 954 571 1006 quidem
603 955 632 992 si
667 955 830 1008 desperet
854 955 1117 1008 approbaturus
1150 971 1227 994 sum
1241 987 1251 1006 ,

299 1015 435 1053 etiamsi
454 1015 498 1052 ad
518 1025 713 1054 extremam
734 1030 844 1068 usque
862 1025 1037 1054 senectam
1057 1016 1090 1054 in
1112 1018 1254 1055 nefariis

296 1075 372 1115 iliis
384 1077 637 1130 atrocibusque
650 1078 795 1130 flagitiis
808 1079 1100 1131 perseveraverit.
1118 1081 1208 1118 Nam
1223 1081 1252 1119 si

295 1136 349 1176 ira
365 1138 431 1177 Dei
454 1139 563 1176 animi
581 1138 756 1190 aegritudo
772 1148 874 1187 esset,
885 1140 968 1192 jure
988 1140 1068 1191 quis
1082 1139 1253 1193 despera-

294 1207 362 1246 ret,
381 1208 506 1252 utpote
518 1200 660 1251 quinon
675 1209 791 1253 posset
803 1201 985 1239 flammam
999 1210 1050 1240 tot
1061 1202 1253 1241 sceleribus

292 1260 483 1297 excitatam
495 1260 738 1312 exstinguere3
751 1261 833 1312 quia
846 1275 930 1299 vero
941 1261 1109 1300 divinum
1121 1276 1252 1302 numen

291 1320 506 1371 aeg1·itudine
526 1321 637 1358 animi
663 1335 817 1359 vacuum
843 1330 915 1370 est,
938 1336 980 1360 ac
1000 1322 1082 1360 lieet
1102 1324 1251 1374 puniat,

291 1380 373 1419 licet
391 1380 586 1419 vindictam
599 1390 728 1429 sumat,
741 1395 811 1420 non
825 1382 875 1420 ira
893 1392 1094 1421 commotus
1111 1383 1148 1421 id
1164 1384 1250 1434 agit,

291 1441 353 1480 sed
369 1456 491 1480 curam
511 1451 544 1480 et
562 1456 720 1480 amorem
746 1443 859 1481 nostri
878 1457 1018 1496 semper
1037 1444 1127 1496 gerit
1145 1460 1153 1481 :
1171 1443 1250 1484 ideo

290 1502 384 1541 bono
402 1517 477 1542 esse
494 1503 614 1542 animo
633 1518 698 1556 par
713 1513 779 1551 est,
801 1513 834 1542 et
850 1504 888 1542 vi
907 1505 1120 1557 poenitentioe
1138 1506 1250 1544 confi-

289 1563 385 1604 dere.
410 1564 598 1616 Siquidem
613 1579 686 1611 eos,
706 1565 768 1616 qui
791 1566 825 1603 in
844 1580 880 1604 se
900 1576 1154 1618 peccaverunt,
1178 1581 1248 1606 non

290 1626 345 1663 sui
369 1639 472 1664 eausa
493 1625 581 1664 solet
598 1625 721 1664 ulcisci
740 1642 747 1663 ε
765 1627 854 1665 nihii
873 1628 966 1665 enim
987 1637 1101 1680 potest
1119 1629 1154 1665 in
1174 1628 1249 1666 hu-

287 1686 445 1739 jusmodi
464 1696 625 1725 naturam
643 1686 766 1725 damni
789 1689 908 1726 induci
924 1704 934 1737 ;
953 1689 991 1726 id
1008 1703 1094 1727 vcro
1110 1689 1184 1741 agit
1201 1690 1248 1728 ad

290 1757 446 1786 nostram
478 1757 639 1800 spectans
659 1748 851 1787 utilitatem
867 1780 877 1798 ,
909 1764 952 1788 ne
980 1750 1014 1788 in
1036 1750 1247 1790 deteriorem

290 1817 419 1847 statum
449 1810 664 1862 perversitas
683 1819 802 1848 nostra
823 1810 990 1859 decidat,
1017 1810 1105 1850 dum
1129 1812 1247 1864 ipsum

290 1883 364 1907 rem
381 1878 605 1908 contemnere
619 1884 659 1908 ac
669 1869 850 1923 despicere
868 1881 1050 1924 putamus.
1068 1873 1247 1919 Quemad-

291 1930 439 1968 modum
460 1931 554 1968 enim
572 1930 601 1968 is
615 1931 675 1982 qui
692 1946 710 1969 a
729 1932 806 1970 luce
824 1933 970 1980 recedit,
988 1934 1078 1971 nihil
1095 1934 1165 1972 luci
1182 1934 1246 1974 sed

291 1990 359 2029 sibi
386 1992 538 2029 multum
559 1991 683 2030 damni
702 1993 826 2040 insert,
857 1993 945 2032 dum
964 1994 999 2032 in
1029 1995 1191 2033 tenebras
1211 2010 1247 2034 se

294 2051 438 2104 conjicit
459 2067 467 2088 ε
487 2053 537 2090 sic
566 2053 627 2103 qui
649 2054 926 2106 omnipotentem
948 2056 1045 2094 illam
1077 2058 1246 2095 virtutem

291 2120 514 2150 contemnere
524 2112 727 2161 soliius‘est,
742 2113 855 2167 ipsam
869 2115 1014 2166 quidem
1029 2116 1118 2154 nihil
1135 2116 1246 2165 taedit,

290 2182 489 2211 extremam
512 2188 598 2212 vero
626 2174 694 2212 sibi
724 2176 918 2228 perniciem
941 2176 1069 2215 adfert.
1102 2177 1177 2216 Hac
1203 2177 1247 2216 de

290 2247 394 2271 causa
413 2235 511 2272 Deus
527 2234 725 2273 vindictam
744 2237 846 2275 nobis
861 2238 1115 2289 comminatur,
1135 2253 1246 2292 saepe-

290 2308 361 2345 que
377 2294 553 2343 immittit,
577 2309 643 2334 non
661 2306 699 2334 ut
716 2311 752 2335 se
766 2297 970 2347 ulciscatur,
988 2298 1049 2337 sed
1068 2308 1105 2337 ut
1124 2313 1186 2337 nos
1201 2301 1247 2338 ad

291 2368 328 2393 se
343 2355 536 2408 pertrabat.
551 2360 595 2394 At
611 2357 706 2395 enim
722 2357 880 2396 medicus
896 2359 941 2397 de
950 2360 1175 2398 contumeliis
1185 2359 1246 2398 de-

291 2415 474 2454 lirantium
491 2431 558 2455 non
571 2417 679 2464 dolet,
695 2433 807 2470 neque
822 2420 1034 2469 offenditur5
1050 2420 1112 2459 sed
1129 2430 1246 2460 tamen

292 2477 382 2515 nibil
397 2492 463 2516 non
479 2479 565 2529 agit,
583 2488 620 2516 ut
639 2493 697 2517 eos
710 2479 755 2517 ita
772 2481 923 2533 turpiter
934 2496 970 2519 se
983 2491 1140 2533 gerentes
1153 2496 1246 2521 com-

291 2548 422 2590 pescat,
432 2553 498 2577 non
511 2554 609 2577 suam
622 2549 795 2592 spectans,
806 2541 865 2579 sed
881 2542 1025 2581 illorum
1036 2543 1246 2581 utilitatem:

292 2599 320 2636 si
341 2609 457 2637 autem
479 2601 564 2650 :egri
587 2601 643 2640 vel
661 2601 841 2640 tantillum
868 2617 959 2641 sanat
981 2604 1108 2642 mentis
1128 2613 1247 2642 osten-

291 2659 399 2707 dant,
420 2661 549 2710 gaudet
568 2671 600 2700 et
621 2663 773 2709 laetatur,
800 2664 984 2716 multoque
1002 2665 1246 2705 vehementius

290 2722 446 2760 remedia
467 2723 653 2770 admovet,
676 2738 744 2761 non
765 2725 859 2775 quod
882 2740 1002 2778 poenas
1022 2730 1245 2767 contumeliae

292 2793 448 2835 expetat,
471 2784 530 2822 sed
555 2794 592 2822 ut
611 2786 778 2836 majorem
800 2787 1007 2834 utiiitatem‚
1029 2788 1100 2827 imo
1117 2799 1149 2828 et
1170 2805 1247 2843 pcr-

292 2843 417 2881 sectnm
446 2845 631 2882 sanitatem
655 2846 816 2884 inducat.
849 2847 984 2886 Eodem
1005 2849 1111 2888 modo
1132 2853 1242 2899 Deus,

292 2914 476 2956 postquam
490 2920 551 2943 nos
563 2906 595 2943 iu
606 2915 800 2945 extremam
814 2907 1025 2948 deducimus
1040 2913 1244 2959 amentiam,

1282 785 1304 814 B

1331 287 1493 339 γνώσεως
1513 287 1619 332 δεθεὶς
1642 290 1845 340 λογισμοῖς,
1861 290 1921 329 καὶ
1939 291 2002 339 τὴν
2024 291 2124 346 ἰσχὺν
2149 292 2358 369 παραλύσας

1330 347 1394 394 τὴν
1419 351 1538 393 αὑτοῦ,
1559 352 1633 392 πῶς
1653 350 1839 396 δυνήσεται
1859 354 2102 404 περιγενέσθαι
2117 354 2178 393 καὶ
2193 355 2357 400 ἀντιστῆ-

1330 425 1402 455 ναι,
1423 409 1614 453 ἐξεναντίας
1633 425 1770 462 φυγωνς

1383 470 1452 509 Καὶ
1473 470 1521 520 μή
1542 486 1601 520 μοι
1629 471 1708 515 τοὺς
1726 470 1827 523 ὀλίγα
1853 473 2104 525 ἡμαρτηκότας
2128 473 2246 526 εἴπῃς,
2278 475 2357 513 ἀλλ’

1328 529 1419 569 ἔστω
1438 546 1490 573 τις
1512 531 1630 578 πάσης
1648 532 1774 576 κακίας
1793 533 2000 583 ἀνάμεστος,
2022 535 2081 572 καὶ
2098 534 2216 574 πάντα
2243 551 2355 586 πρατ-

1329 592 1419 630 τέτω
1434 591 1478 630 τὰ
1500 592 1732 631 ἀποκλείοντα
1750 596 1811 640 τῆς
1835 595 2016 645 βασιλείας
2044 595 2161 643 αὐτὸν,
2179 595 2239 633 καὶ
2258 590 2358 639 οὗτος

1332 653 1380 703 μὴ
1404 656 1473 691 τῶν
1505 652 1540 697 ἐξ
1561 656 1674 706 ἀρχῆς
1700 654 1873 702 ἀπίστων,
1904 655 1996 694 ἀλλὰ
2028 656 2098 693 τῶν
2125 658 2275 697 πιστῶν,
2295 656 2357 694 καὶ

1330 714 1614 766 εὐηρεστηκότων
1626 718 1676 767 τῷ
1688 716 1770 766 Θεῷ
1786 715 1954 768 πρότερον
1973 715 2037 765 ὧν,
2050 715 2194 768 ὕστερον
2207 714 2356 768 γινέσθω

1330 775 1473 828 πόρνος,
1490 775 1613 827 μοιχὸς
1626 805 1635 818 ,
1658 777 1827 825 μαλακὸς,
1844 777 2012 824 κλέπτης,
2033 776 2192 828 μέθυσος,
2207 779 2358 831 ἀρσενο-

1330 837 1460 884 κοίτης,
1476 836 1663 888 λο·ἶςῖορος,’Ι
1679 836 1793 874 καὶτὰ
1809 837 1899 876 ἄλλα
1918 837 1962 875 τὰ
1980 837 2113 882 τούτοις
2131 838 2236 888 ὅμοια
2255 852 2263 860 ·
2279 837 2357 877 οὐδὲ

1327 898 1396 950 γὰρ
1417 902 1537 937 τοῦτον
1565 898 1635 946 ἐγὼ
1655 899 1761 937 ἀποόε
1765 898 1868 949 ξομαι
1884 898 2171 974 ἀπογινώσκοντα
2187 897 2360 947 ι’ἑοιυ·τοῦ,

1327 974 1391 996 καν
1412 960 1459 1004 εἷς
1471 960 1621 1011 ἔσχατον
1636 975 1670 1008 γ
1664 975 1747 1012 ηρας
1763 958 1870 1011 ελάσῃ
1890 958 1979 1009 μετὰ
1996 961 2062 1005 τῆς
2076 959 2208 1011 ἀφάτου
2222 958 2285 997 καὶ
2297 974 2358 1006 τη·

1327 1021 1495 1067 λικαύτης
1532 1020 1674 1064 κακίας.
1712 1021 1757 1059 Ei
1777 1020 1840 1071 μὲν
1859 1036 1929 1096 γαρ
1952 1021 2062 1065 πάθος
2084 1024 2128 1068 ἠν
2145 1023 2168 1067 ἡ
2187 1019 2274 1072 ὀργὴ
2294 1035 2356 1059 του

1327 1083 1432 1130 Θεοῦ,
1453 1084 1569 1126 καλως
1584 1083 1626 1121 ἄν
1645 1097 1699 1125 τις
1722 1082 1878 1134 ἀπέγνω,
1901 1085 1947 1126 ὡς
1961 1083 1999 1120 οὐ
2019 1081 2208 1133 δυνάμενος
2228 1081 2356 1120 σὸέσαι

1325 1142 1390 1190 τὴν
1405 1144 1533 1195 φλόγα,
1553 1145 1595 1190 ἢν
1611 1143 1669 1182 διὰ
1689 1145 1758 1181 τῶν
1775 1143 1948 1182 τοσούτων
1969 1144 2081 1195 ἀνῆψε
2102 1145 2219 1181 κακῶν
2233 1157 2241 1166 ·
2259 1144 2354 1181 ἐπει·

1327 1203 1369 1250 δὴ
1386 1203 1422 1243 δὲ
1452 1203 1586 1247 ἀπαθὲς
1603 1204 1643 1242 τὸ
1660 1203 1749 1242 θεῖόν
1767 1205 1843 1242 ἐστι
1856 1233 1866 1250 ,
1885 1204 1951 1242 κᾶν
1985 1205 2130 1256 κολάζῃ,
2159 1203 2225 1242 κᾶν
2243 1219 2357 1254 τιμω-

1328 1267 1445 1314 ρῆται,
1463 1267 1502 1304 οὗ
1525 1267 1600 1316 μετ’
1618 1266 1725 1316 ὀργῆς
1743 1269 1845 1303 τοῦτο
1864 1270 1972 1310 ποιεῖ,
1990 1264 2081 1304 ἀλλὰ
2097 1264 2189 1315 μετὰ
2207 1265 2356 1316 κηδεμο-

1325 1325 1400 1367 νίας
1416 1325 1477 1363 καὶ
1494 1324 1755 1379 φιλανθρωπίας
1774 1327 1907 1372 πολλῆς
1924 1341 1933 1349 ·
1951 1330 1965 1347 ⁶
1984 1326 2038 1364 διὸ
2060 1326 2195 1379 σφόδρα
2216 1327 2356 1378 θαῤῥεῖν

1324 1385 1409 1437 χρὴ,
1438 1385 1499 1424 καὶ
1518 1387 1724 1425 πεποιθέναι
1744 1388 1788 1438 τῇ
1820 1389 1883 1433 τῆς
1905 1386 2093 1435 μετανοίας
2114 1386 2270 1438 δυνάμει.
2286 1386 2358 1426 Καὶ

1324 1444 1391 1498 γὰρ
1409 1451 1482 1490 τοῖς
1503 1448 1551 1490 εἷς
1570 1447 1672 1486 αὐτὸν
1693 1447 1940 1500 ἡμαρτηκόσιν
1958 1449 1996 1486 οὗ
2025 1448 2069 1485 δι’
2092 1447 2215 1486 ἑαυτὸν
2234 1447 2354 1487 εἴωθεν

1323 1506 1591 1560 ἐπεξέρχεσθαι·
1612 1508 1759 1558 οὐδεμία
1778 1507 1846 1561 γὰρ
1864 1510 1913 1553 εἷς
1925 1507 1990 1555 τὴν
2004 1507 2104 1560 φύσιν
2123 1508 2260 1556 ἐκείνην
2279 1510 2355 1548 δια-

1324 1567 1436 1606 ὃαίνει
1460 1568 1575 1619 βλάὸη
1597 1584 1605 1592 ·
1620 1569 1809 1623 ἀλλὰπρὸς
1828 1569 1868 1607 τὸ
1895 1569 2068 1622 συμφέρον
2093 1573 2180 1620 ἡμῖν
2197 1572 2353 1620 σκοπῶν,

1323 1629 1381 1666 καὶ
1400 1628 1488 1681 ὑπὲρ
1500 1634 1560 1668 τοῦ
1573 1629 1622 1681 μὴ
1642 1630 1786 1683 χείρονα
1799 1630 1960 1681 γενέσθαι
1973 1630 2038 1677 τὴν
2055 1629 2268 1683 διαστροφὴν
2287 1630 2352 1680 τὴν

1321 1690 1499 1742 ἡμετέραν
1535 1691 1761 1742 μελετώντων
1781 1694 1886 1730 αὐτοῦ
1906 1697 2137 1743 καταφρονεῖν
2157 1690 2218 1729 καὶ
2246 1693 2353 1744 ὑπερ-

1321 1757 1416 1804 ορᾷν.
1438 1752 1689 1806 Καθάπεργὰρ
1707 1756 1725 1792 ὁ
1745 1757 1805 1792 τοῦ
1828 1751 1938 1805 φωτὸς
1958 1752 2054 1796 ἐκτὸς
2072 1755 2181 1791 ποιῶν
2202 1753 2344 1803 ἑαυτὸν,

1321 1815 1431 1851 ἐκεῖνο
1461 1813 1523 1864 μὲν
1560 1815 1758 1864 ἐζημίωσεν
1778 1814 1891 1860 οὐδὲν,
1920 1814 2042 1852 ἑαυτὸν
2078 1813 2115 1852 δὲ
2135 1813 2180 1852 τὰ
2200 1814 2351 1866 μέγιστα

1320 1873 1457 1927 ιισκότῳ
1468 1876 1742 1920 κατακλεισθείς·
1756 1875 1847 1914 οὕτω
1859 1875 1920 1913 καὶ
1933 1877 1951 1913 ὃ
1965 1877 2027 1921 τῆς
2044 1876 2245 1920 παναλκοῢς
2259 1875 2353 1914 ἐκεί-

1319 1951 1381 1981 νης
1414 1935 1592 1986 δυνάμεως
1623 1943 1851 1990 καταφρονεῖν
1883 1936 2047 1983 ἐθισθεὶς,
2081 1935 2216 1985 ἐκείνην
2235 1940 2251 1957 ‘³
2283 1936 2348 1987 μὲν

1320 1995 1471 2049 ἔνῧλαψεν
1489 1997 1602 2045 οὐδὲν,
1625 1997 1746 2036 ἑαυτὸν
1783 1997 1818 2037 δὲ
1839 1997 1903 2045 τὴν
1924 1998 2080 2050 ἐσχάτην
2114 1997 2247 2050 ἔόλαψε
2265 1997 2353 2049 βλά-

1321 2057 1400 2105 em.
1426 2059 1496 2097 Καὶ
1527 2059 1585 2097 διὰ
1603 2063 1707 2098 τοῦτο
1727 2062 1745 2098 ὁ
1762 2058 1852 2103 Θεὸς
1867 2059 1930 2103 τὰς
1949 2058 2122 2111 τιμωρίας
2140 2061 2227 2109 ἡμῖν
2247 2060 2352 2098 ἀπει-

1319 2118 1386 2165 λεῖ,
1406 2118 1466 2156 καὶ
1488 2118 1612 2170 ἐπάγει
1637 2120 1822 2166 πολλάκις,
1863 2122 1928 2172 οὐχ
1957 2123 2005 2163 ὡς
2039 2120 2161 2158 ἑαυτὸν
2189 2120 2352 2168 ἐκδικῶν,

1321 2181 1398 2218 ἀλλ’
1414 2183 1509 2230 ἡμᾶς
1522 2180 1635 2219 ἕλκων
1654 2182 1739 2234 πρὸς
1752 2180 1888 2219 ἑαυτόν.
1905 2181 1975 2219 Καὶ
1993 2181 2060 2235 γὰρ
2076 2182 2137 2220 καὶ
2156 2181 2274 2233 ἰατρὸς
2290 2181 2351 2220 ἐπὶ

1319 2247 1396 2285 ταῖς
1415 2245 1484 2280 τῶν
1511 2242 1787 2294 παραπαιόντων
1806 2241 1946 2295 ῧὸρεσιν
1981 2244 2044 2281 οὐκ
2064 2245 2164 2295 ἀλγεῖ
2184 2241 2352 2293 μὲν,οιίδὲ

1321 2302 1503 2351 δάκνεται,
1519 2303 1614 2354 ὅμως
1633 2305 1669 2342 δὲ
1686 2304 1803 2342 πάντα
1819 2304 1967 2355 πράττει
1984 2304 2044 2342 καὶ
2063 2304 2352 2358 πραγματεύεται

1320 2367 1407 2420 ὑπὲρ
1432 2373 1492 2407 τοῦ
1523 2373 1656 2407 παῦσαι
1683 2372 1826 2407 τοιαῦτα
1860 2370 2150 2421 ἀσχημονοῦντας
2180 2368 2346 2417 ἐκείνους,

1319 2430 1332 2453 ¹
1340 2435 1378 2471 οὐ
1399 2432 1444 2471 τὰ
1469 2435 1592 2472 ἑαυτοῦ
1619 2434 1781 2476 σκοπῶν,
1805 2433 1896 2472 ἀλλὰ
1916 2433 1979 2480 τὴν
2004 2432 2143 2472 ἐκείνων
2162 2431 2349 2485 ὠφέλειαν·

1320 2500 1383 2538 κᾶν
1405 2500 1646 2546 ἐπιδείξωνται
1668 2499 1791 2551 μικρόν
1813 2516 1847 2538 τι
1864 2499 2089 2552 σωφροσύνης
2109 2499 2171 2537 καὶ
2192 2498 2349 2552 νήψεως,

1319 2567 1436 2620 χαίρει
1460 2567 1520 2606 καὶ
1539 2567 1779 2619 εὐφραίνεται,
1795 2567 1855 2605 καὶ
1876 2568 1996 2619 πολλῷ
2012 2570 2026 2593 ⁸
2043 2564 2272 2617 σφοδρότερον
2300 2565 2346 2604 τὰ

1319 2635 1488 2687 φάρμακα
1507 2634 1717 2681 ἐπιτίθησιν,
1737 2635 1802 2686 οὐχ
1823 2633 1912 2686 ὑπὲρ
1928 2637 1997 2672 τῶν
2022 2632 2201 2686 προτέρων
2227 2632 2349 2679 αὖτοὺς

1317 2705 1550 2756 ἀμυνόμενος,
1571 2705 1661 2743 ἀλλὰ
1686 2705 1747 2753 τὴν
1768 2703 1938 2757 ὠφέλειαν
1965 2703 2115 2751 αὐξῆσαι
2138 2705 2259 2751 θέλων,
2279 2705 2340 2743 καὶ

1316 2772 1402 2824 πρὸς
1423 2775 1578 2824 καθαρὰν
1595 2772 1728 2823 ὑγίειαν
1750 2775 2002 2823 ἐπαναγαγεῖν·
2024 2773 2115 2809 οὕτω
2131 2770 2191 2810 καὶ
2203 2773 2222 2809 ὁ
2237 2771 2344 2818 Θεὸς,

1315 2841 1397 2879 ὅταν
1415 2842 1463 2883 εἷς
1478 2840 1542 2887 τὴν
1563 2840 1717 2892 ἐσχάτην
1741 2840 1869 2890 μανίαν
1887 2839 2106 2889 ἐκπέσωμεν,
2123 2840 2186 2878 οὐκ
2208 2837 2345 2889 ἀμυνό-

1317 2922 1418 2957 μενος
1437 2907 1526 2960 ὑπὲρ
1545 2909 1614 2944 τῶν
1644 2906 1837 2959 προτέρων,
1867 2907 1943 2945 ἀλλ’
1974 2905 2175 2951 ἀπαλλάξαι
2196 2907 2259 2952 τῆς
2285 2905 2346 2945 νό-

292 2979 359 3003 non
381 2975 419 3004 ut
437 2967 613 3019 pr.·eterita
635 2968 837 3018 ulciscatur,
857 2969 917 3009 scd
939 2980 978 3010 ut
998 2986 1060 3010 nos
1079 2987 1099 3010 a
1119 2974 1244 3012 morbo
1268 2985 1292 3015 F.
1317 2989 1378 3012 σου
1410 2973 1616 3025 βουλόμενος
1632 3003 1642 3022 ,
1668 2974 1808 3012 ἅπαντα
1841 2973 1902 3011 καὶ
1934 2973 2028 3025 λέγει
2050 2973 2110 3011 καὶ
2127 2978 2221 3012 ποιεῖ
2239 2987 2248 2997 ·
2280 2972 2343 3012 καὶ

332 3117 345 3131 ·
370 3107 462 3138 Unus
476 3112 554 3140 mi·
543 3114 576 3140 .>
590 3112 669 3141 1:52⁹
686 3116 742 3143 πάν
746 3125 783 3143 τα
801 3117 850 3144 τά.

1372 3122 1385 3138 0
1411 3114 1483 3146 Duo
1500 3114 1576 3146 Mss.
1590 3118 1647 3157 μὶν
1663 3118 1726 3149 ωδε
1721 3119 1764 3152 ’.ν
1784 3113 1838 3146 hic
1862 3113 1986 3146 omisso
2005 3117 2126 3158 seauton.
2145 3112 2248 3147 Paulo
2264 3121 2341 3157 post.

334 3159 350 3183 t.
374 3159 428 3189 Sir
445 3157 546 3190 Sosii.
568 3167 599 3189 vt
624 3158 751 3202 aliquot
770 3162 842 3195 Μκε
863 3162 977 3194 More!
1000 3169 1059 3198 ἀπ,
1049 3173 1238 3208 ,swa-,7022
1257 3172 1294 3200 τὰ
1327 3165 1476 3199 Coibert.
1493 3177 1576 3197 unns
1591 3171 1660 3209 ἡμῖν
1677 3173 1724 3199 ,αἱ
1740 3172 1796 3201 ἀπε
1786 3170 1865 3206 (λςῑ,
1883 3174 1915 3197 ct
1931 3164 1978 3198 sic
1995 3167 2095 3198 etiam
2111 3164 2215 3198 savit.

290 3215 359 3244 5„—
363 3218 406 3244 43
425 3210 1291 3259 unx(oli).1nms,ustu‘rr',‚·‚').5,·rx'vroutvt'etr,·aazia,-

287 3264 321 3296 1’.
315 3263 388 3294 unio
406 3272 480 3305 pust
496 3263 547 3294 id·-
542 3276 582 3295 ·1n
599 3272 627 3294 vt
645 3263 747 3298 Suil.
870 3282 926 3305 22„-
940 3272 1021 3303 >om
1026 3285 1040 3302 3
1057 3275 1120 3303 neg·-
1110 3287 1165 3305 'xt-

329 3324 388 3347 ΜΔ
392 3323 405 3348 ό
422 3313 461 3345 (ΙιΙ
458 3326 496 3345 e
502 3315 558 3346 tin
579 3314 731 3356 quibusd.
727 3328 776 3347 im
769 3283 871 3349 wglss.

329 3367 342 3386 ‘¹
366 3365 467 3399 Sutii.
490 3373 516 3400 ἐν
535 3375 639 3401 σκότει.
660 3367 756 3401 (jolii.
778 3371 806 3399 1.
828 3376 855 3403 ἰν
873 3386 977 3405 emm.

1372 3218 1384 3240 s
1413 3219 1482 3249 Duo
1508 3218 1552 3249 tt
1556 3229 1581 3249 s.
1611 3233 1643 3252 0,
1669 3224 1703 3252 τὸ
1723 3223 1773 3251 -Ezu
1776 3234 1806 3244 ·
1796 3225 1846 3257 εὖ,
1865 3226 1898 3250 et
1912 3219 1959 3250 sio
1979 3221 2079 3251 etium
2099 3216 2199 3250 Savil.
2218 3216 2336 3253 Morei.

1324 3279 1435 3304 cautem
1453 3279 1485 3302 t't
1504 3271 1558 3302 atii
1576 3274 1607 3303 οὐ
1627 3277 1665 3303 τὰ
1682 3274 1800 3303 ἑαυτοῦ.

1367 3334 1379 3353 κ
1403 3322 1553 3356 Cullwrt.
1581 3334 1663 3353 tinus
1687 3325 1871 3367 ηοῧρόηρκ
1887 3348 1895 3361 ,
1917 3328 1949 3352 et
1979 3318 2076 3362 paulo
2092 3329 2164 3363 post
2183 3324 2264 3355 ἀλλὰ
2282 3327 2335 3361 τὴν

1326 3380 1420 3414 auiis:
1443 3379 1553 3413 ταύτην
1578 3380 1671 3419 ἀρχὴν
1695 3378 1827 3413 ›alfam-
1847 3373 1952 3416 [δᾶν.
1971 3387 1998 3407 τ.
2014 3375 2157 3419 &pileum
2173 3375 2294 3410 ταύτην.
2319 3371 2329 3413 l
