2253 3830
1023 242 1275 272 PRAEFATIO.
2165 239 2193 267 V

111 341 189 380 quae
208 324 419 378 conjecturis
433 330 592 363 constant
607 319 800 372 aliquando
821 320 963 359 incertis
977 330 1011 359 et
1029 334 1301 372 nonnumquam
1317 321 1497 360 futilibus.
1520 319 1704 360 Saviliana
1725 332 1832 372 porro
1851 317 1960 357 editio
1976 348 1988 365 ,
2012 332 2091 370 quae
2111 327 2189 358 octo

110 389 330 429 densissimis
347 389 384 426 in
400 387 484 425 folio
500 385 606 425 tomis
621 392 768 433 constat,
788 398 894 436 opera
911 383 1159 436 Chrysostomi
1180 385 1305 423 Graece
1328 394 1466 423 tantum
1488 383 1758 436 complectitur.

1095 533 1120 584 g
1149 534 1199 572 11.

619 658 677 695 De
697 658 911 695 Frontonis
932 657 1071 694 Ducoei
1084 656 1274 693 Editione
1292 664 1327 693 et
1352 657 1399 693 de
1417 657 1676 697 Morellt‘ana.

161 789 241 828 Non
261 789 435 828 minorem
455 787 680 840 diligentiam
697 787 733 825 in
750 786 961 839 colligendis
976 786 1227 839 Chrysostomi
1246 786 1415 838 operibus
1431 786 1599 826 exhibuit
1616 787 1748 824 Fronto
1765 787 1920 823 Ducaeus
1945 799 1990 823 ex
2020 786 2192 824 Societate

106 853 193 892 Jesu
212 861 348 890 nostras
362 882 370 898 ,
385 851 446 901 qui
467 860 582 888 tamen
597 848 745 902 paribus
761 849 908 887 fortasse
925 848 1118 886 destitutus
1138 848 1367 886 facultatibus
1387 858 1420 886 et
1439 849 1585 887 auxiliis
1602 849 1637 886 in
1655 848 1867 886 diuturnum
1903 857 2043 900 tempus
2071 857 2192 885 extra-

107 922 204 951 ctum
223 928 314 966 opus
335 913 406 951 fato
423 921 693 965 praeoccupatus
718 910 905 949 absolvere
926 925 994 949 non
1012 911 1143 963 potuit.
1166 912 1305 950 Verum
1326 925 1492 962 magnam
1509 911 1570 949 ille
1592 920 1624 949 et
1645 911 1795 949 arduam
1812 925 1886 948 rem
1912 919 1962 947 est
1982 924 2168 961 aggressus
2181 940 2191 957 ,

106 986 145 1015 ut
164 977 296 1015 scilicet
314 990 384 1015 non
403 975 511 1013 modo
531 977 659 1014 Graeca
679 974 926 1026 Chrysostomi
960 973 1112 1027 perinde
1144 984 1251 1025 atque
1269 974 1429 1013 Savilius
1449 973 1589 1023 ederet,
1610 974 1672 1012 sed
1705 974 1813 1012 etiam
1842 973 1995 1024 singulis
2022 973 2191 1025 operibus

104 1039 335 1091 homiliisque
351 1040 517 1078 Latinam
537 1038 863 1090 interpretationem
882 1047 1017 1090 aptaret
1033 1054 1040 1074 :
1058 1051 1127 1088 qua
1143 1038 1179 1075 in
1199 1053 1236 1076 re
1258 1047 1440 1076 strenuam
1461 1037 1522 1075 ille
1541 1052 1686 1090 operam
1704 1037 1862 1076 navavit.
1880 1036 2191 1088 Interpretationes

103 1103 238 1156 quippe
259 1103 455 1141 multorum
473 1116 622 1155 operum
632 1100 775 1154 jamdiu
791 1101 903 1139 editas
922 1115 940 1139 e
956 1101 1098 1152 regione
1120 1102 1329 1140 Graecorum
1350 1100 1490 1151 posuit,
1511 1101 1568 1138 sed
1599 1100 1803 1139 emendatas
1816 1109 1849 1138 et
1865 1099 1910 1137 ad
1927 1099 2038 1137 fidem
2051 1100 2190 1138 Graecae

104 1165 272 1203 orationis
289 1165 526 1203 concinnatas.
547 1164 586 1203 Si
607 1178 678 1215 qua
694 1177 777 1202 vero
793 1162 946 1201 offendit
963 1163 1124 1201 nondum
1142 1163 1268 1201 Latine
1284 1163 1452 1200 translata
1472 1176 1578 1214 opera
1597 1162 1721 1214 (erant
1743 1170 1862 1200 autem
1881 1161 2088 1214 hujusmodi
2102 1161 2193 1199 hene

105 1228 267 1277 multa),
282 1227 358 1266 haec
371 1227 432 1265 ille
447 1227 492 1266 de
512 1228 640 1266 Graeco
660 1227 856 1274 convertit,
877 1236 912 1265 et
931 1226 1077 1278 quidem
1099 1235 1172 1264 tam
1195 1235 1358 1264 accurate
1378 1235 1411 1264 et
1432 1226 1630 1277 eleganter,
1650 1234 1690 1262 ut
1704 1225 1798 1263 inter
1814 1225 1966 1277 optimos
1986 1224 2193 1276 interpretes

100 1287 183 1340 jure
213 1297 433 1327 numeretur.
460 1288 634 1340 Ejusdem
664 1302 771 1341 porro
803 1288 951 1326 eruditae
971 1298 1062 1326 notae
1082 1288 1314 1341 reperiuntur
1333 1288 1371 1325 in
1390 1288 1463 1325 fine
1481 1287 1613 1340 primi,
1631 1287 1748 1338 quarti
1764 1296 1797 1325 et
1813 1287 1907 1325 sexti
1928 1287 2026 1325 tomi.
2048 1285 2193 1325 Similes

103 1350 201 1388 haud
218 1350 327 1390 dubie
350 1361 449 1390 notas
465 1351 501 1390 in
523 1352 688 1402 quintum
711 1361 848 1390 tomum
870 1352 1100 1402 destinabat,
1123 1361 1159 1389 at
1188 1352 1262 1390 vita
1291 1353 1436 1390 functus
1471 1366 1546 1389 rem
1577 1351 1748 1404 perficere
1781 1351 1958 1401 nequivit.
1985 1350 2191 1387 Editionem

104 1414 383 1452 Frontonianam
416 1415 549 1466 incepit
577 1414 771 1452 Federicus
802 1415 1000 1464 Morellus,
1024 1415 1178 1452 absolvit
1211 1415 1387 1452 Claudius
1421 1429 1484 1452 sex
1518 1415 1555 1452 in
1584 1414 1671 1452 folio
1704 1414 1810 1452 tomis
1828 1429 1837 1460 ;
1857 1413 1919 1464 qui
1957 1415 1995 1452 S.
2029 1413 2193 1451 Doctoris

104 1474 288 1526 Opuscula
309 1483 342 1512 et
366 1474 647 1512 Commentarios
667 1474 704 1512 in
722 1476 836 1513 Vetus
858 1477 1128 1513 Testamentum
1157 1476 1455 1528 complectuntur.
1479 1475 1619 1513 Deinde
1639 1489 1730 1513 anno
1763 1476 1866 1512 1655
1896 1474 1988 1512 idem
2018 1474 2192 1513 Claudius

104 1536 281 1574 Morellus
307 1537 588 1574 Commentarios
608 1537 645 1574 in
665 1538 809 1574 Novum
831 1538 1101 1575 Testamentum
1131 1552 1193 1579 sex
1213 1539 1248 1575 in
1269 1538 1355 1576 folio
1374 1538 1481 1576 tomis
1501 1538 1547 1576 ad
1568 1538 1679 1576 fidem
1704 1538 1994 1576 Commelinianae
2025 1537 2194 1575 editionis

103 1598 235 1636 emisit.
257 1601 363 1636 Anno
385 1608 504 1636 autem
537 1600 639 1638 1656
670 1599 847 1649 integram
876 1613 1007 1637 novam
1037 1599 1286 1652 Chrysostomi
1320 1614 1468 1651 operum
1501 1599 1692 1638 editionem
1717 1600 1909 1638 duodecim
1929 1601 1964 1637 in
1984 1600 2069 1638 folio
2089 1601 2194 1638 tomis

101 1669 209 1712 atque
228 1659 393 1698 undecim
414 1660 660 1698 voluminibus
679 1660 864 1711 publicam
880 1661 976 1700 fecit.
997 1661 1083 1698 Haec
1102 1676 1209 1713 porro
1227 1671 1407 1714 postrema
1426 1662 1538 1700 editio
1555 1662 1677 1700 charta
1698 1662 1816 1700 minus
1832 1663 1982 1714 eleganti
2003 1662 2190 1709 instructa,

102 1722 163 1761 sed
192 1731 314 1760 contra
345 1736 452 1773 quam
486 1722 603 1773 vulgo,
621 1722 779 1760 creditur
809 1722 1029 1761 emendatior
1061 1732 1131 1771 est3
1157 1738 1242 1762 usus
1263 1725 1381 1776 operis
1408 1725 1619 1763 melioribus
1643 1725 1818 1763 Morellus
1851 1724 1996 1773 menda,
2018 1735 2192 1776 quantum

101 1784 234 1837 potuit,
258 1799 303 1822 ex
322 1784 388 1822 hac
410 1793 590 1836 postrema
611 1783 766 1822 editione
785 1785 951 1834 sustulit,
974 1794 1049 1823 tum
1070 1799 1109 1823 ea
1128 1800 1207 1836 quae
1228 1786 1362 1824 Fronto
1384 1789 1535 1825 Ducaeus
1553 1787 1589 1824 in
1618 1787 1709 1825 notis
1726 1788 1833 1838 primi
1857 1797 1889 1825 et
1909 1788 2025 1839 quarti
2043 1789 2127 1826 tomi
2144 1790 2193 1826 ir-

101 1848 251 1900 repsisse
271 1857 481 1896 monuerat,
503 1857 579 1885 tum
609 1848 715 1886 etiam
735 1848 805 1887 alia
827 1864 906 1900 quae
925 1849 1158 1887 occurrebant
1174 1853 1186 1899 (
1201 1859 1369 1902 expertus
1382 1851 1547 1901 loquor),
1568 1850 1725 1888 maxime
1749 1865 1833 1889 vero
1853 1851 1897 1889 de
1921 1851 2049 1903 primo,
2065 1862 2192 1903 quarto

102 1918 136 1947 et
153 1910 278 1960 quinto
297 1919 405 1949 tomo.
432 1910 474 1947 In
495 1909 591 1947 hisce
607 1924 691 1948 vero
707 1909 850 1949 duobus
865 1920 1046 1963 postremo
1065 1913 1270 1949 memoratis
1287 1912 1392 1950 tomis
1425 1912 1588 1962 quaedam
1620 1912 1804 1964 Opuscula
1825 1912 2068 1964 Chrysostonii
2084 1943 2093 1959 ,
2113 1928 2192 1963 quae

101 1987 121 2011 a
141 1972 258 2025 prima
277 1971 448 2016 aberant,
468 1974 505 2008 in
526 1971 596 2009 fine
614 1971 738 2009 addita
757 1982 852 2011 sunt.
874 1974 1014 2012 Verum
1045 1973 1081 2010 in
1108 1973 1177 2010 hoc
1206 1974 1366 2026 peccavit
1398 1973 1571 2011 Claudius
1608 1974 1805 2020 Morellus,
1828 1974 1926 2024 quod
1947 1984 2047 2013 notas
2066 1976 2100 2012 in
2121 1976 2192 2014 fine

101 2036 219 2088 quarti
239 2037 327 2074 tomi
347 2050 367 2073 a
394 2036 572 2074 Frontone
591 2036 724 2073 Ducaeo
745 2036 899 2087 positas,
921 2046 955 2074 et
974 2036 1112 2087 aliquot
1131 2038 1315 2089 Opuscula
1334 2037 1594 2090 Chrysostomi,
1617 2038 1743 2075 Latine
1772 2047 1912 2075 tantum
1940 2038 2065 2088 quinto
2096 2048 2192 2077 tomo

102 2113 208 2149 cusa,
228 2099 265 2137 in
286 2099 354 2137 hac
372 2099 558 2151 posteriori
580 2098 735 2136 editione
754 2100 953 2138 sustulerit.
978 2100 1124 2139 'Eodem
1139 2131 1149 2147 ,
1170 2101 1222 2138 uti
1251 2101 1433 2149 diximus,
1453 2102 1563 2139 ferme
1591 2110 1749 2152 tempore
1777 2101 1954 2139 llenricus
1983 2102 2140 2140 Sat-ilius
2159 2113 2192 2141 et

101 2163 233 2201 Fronto
254 2163 428 2208 Ducaeus,
456 2160 580 2199 Etonae
608 2161 668 2199 ille
685 2192 694 2209 ‚
717 2161 775 2199 hic
797 2163 967 2210 Lutetiae,
989 2162 1161 2201 editiones
1178 2178 1326 2216 operum
1357 2163 1517 2201 omniurn
1537 2163 1785 2215 Chrysostomi
1807 2164 1992 2215 parabant.
2014 2164 2192 2214 Quodque

101 2223 291 2262 observatu
305 2223 452 2275 dignum
473 2223 654 2271 videatur,
668 2223 750 2261 licet
768 2223 890 2262 eodem
913 2225 947 2262 in
967 2225 1084 2263 stadio
1104 2226 1210 2264 ambo
1241 2235 1446 2273 currerent,
1467 2226 1552 2263 licet
1573 2235 1646 2263 tam
1666 2226 1782 2263 varias
1803 2240 1983 2264 sacrorum
2003 2227 2191 2277 religiones

101 2287 207 2325 ambo
227 2286 495 2339 profiterentur,
513 2286 609 2323 nulla
640 2286 810 2337 invidiae,
830 2287 971 2326 adversi
992 2290 1101 2326 animi
1126 2290 1227 2327 nulla
1260 2299 1341 2328 nota
1370 2289 1621 2342 comparebat:
1643 2289 1845 2340 quinimmo
1860 2320 1869 2336 ‚
1891 2299 1928 2326 ut
1949 2304 2027 2328 sese
2053 2290 2190 2327 occasio

101 2349 294 2397 offerebat,
312 2349 445 2386 dabant
464 2363 589 2402 operas
618 2358 774 2398 mutuas,
805 2364 1000 2402 numquam
1021 2352 1096 2389 sinc
1123 2352 1268 2390 lionoris
1295 2353 1599 2403 observantiaeque
1627 2353 1887 2404 significatione
1914 2353 2002 2390 alter
2039 2353 2190 2390 alterum

103 2412 348 2460 memorabat,
370 2420 490 2449 contra
511 2425 617 2462 quam
637 2425 703 2448 usu
723 2412 864 2450 evenire
886 2414 984 2452 solet.
1002 2416 1095 2452 Nam
1115 2416 1277 2467 plerique
1297 2430 1378 2453 cum
1396 2416 1491 2454 idem
1512 2430 1603 2468 opus
1619 2415 1727 2453 simul
1746 2415 2023 2467 aggrediuntur,
2046 2430 2192 2467 praescr-

103 2474 167 2513 tim
199 2487 281 2514 cum
312 2473 501 2511 intervenit
529 2472 743 2524 religionum
765 2473 991 2524 discrimen,
1008 2478 1211 2527 frequenter
1231 2492 1303 2515 sese
1323 2478 1523 2516 maledictis
1555 2487 1589 2515 et
1619 2479 1790 2516 conviciis
1820 2478 1974 2514 lacerant
1995 2508 2002 2521 ,
2028 2478 2191 2528 nihilque

102 2536 203 2575 aliud
230 2550 355 2575 curare
382 2535 554 2574 videntur
569 2550 675 2586 quam
697 2546 736 2574 ut
755 2539 910 2576 auctoris
926 2539 1067 2578 adversi
1091 2541 1192 2578 sature
1213 2541 1426 2589 detrahant,
1447 2555 1488 2578 ac
1507 2541 1536 2578 si
1556 2540 1593 2578 id
1626 2540 1719 2591 quod
1747 2541 1806 2578 alii
1840 2540 2043 2577 detrahitur
2061 2542 2190 2579 existi-

103 2600 289 2650 mationis,
308 2598 426 2638 laudis
455 2600 609 2654 propriae
626 2600 715 2638 foret
738 2602 905 2640 accessio.
932 2604 1099 2643 Livor-eui
1122 2604 1281 2643 camdem
1309 2604 1548 2642 exercentium
1569 2613 1679 2641 arteni
1697 2604 1746 2641 sic
1762 2603 1932 2655 exprimit
1951 2603 2042 2641 illud
2066 2604 2190 2643 tritum

103 2661 248 2701 Hesiodi
267 2678 275 2698 :

650 2733 721 2772 Καὶ
737 2735 909 2786 κεραμεὺς
929 2742 1078 2789 κεραμεῖ
1096 2737 1209 2776 κοτέει
1228 2737 1288 2776 καὶ
1308 2737 1445 2776 τέκτονι
1464 2737 1596 2774 τέκτων
1614 2766 1624 2784 ,

653 2803 722 2843 Καὶ
744 2805 884 2857 πτωχὸς
899 2810 1034 2859 πτωχῷ
1054 2807 1188 2859 φθονέει
1209 2808 1268 2846 καὶ
1284 2808 1397 2851 ἀοιδὸς
1418 2809 1539 2858 ἀοιδῷ.

101 2938 145 2978 ld
164 2952 248 2977 vcro
269 2939 425 2978 maxime
445 2939 505 2978 illa
526 2939 716 2977 Frontonis
737 2948 770 2977 et
789 2939 919 2978 Savilii
943 2948 1147 2992 tempestate
1176 2940 1267 2977 inter
1295 2940 1419 2977 doctos
1452 2940 1487 2977 in
1511 2953 1575 2976 usu
1612 2949 1686 2977 erat
1702 2969 1712 2989 ,
1730 2939 1791 2990 qui
1816 2940 1870 2978 vel
1899 2939 2080 2979 levissima
2106 2940 2189 2976 data

105 3003 288 3041 occasione
316 3017 389 3041 sese
421 3002 580 3041 dicteriis
613 3012 648 3040 et
686 3002 884 3040 maledictis
915 3003 1124 3041 onerabant.
1160 3005 1240 3049 Quo
1272 3003 1387 3053 inagis
1419 3003 1621 3041 wstimaudi
1656 3003 1710 3040 illi
1745 3003 1818 3040 duo
1855 3004 2024 3054 xiri.qui
2054 3003 2190 3041 meritis

102 3078 166 3115 pro
198 3064 351 3114 talibus,
371 3074 404 3103 et
431 3080 494 3117 pro
515 3074 656 3102 strenue
685 3074 812 3103 navata
850 3064 884 3102 in
916 3064 967 3102 rei
998 3065 1163 3103 literni-ite
1196 3064 1424 3102 commodum
1456 3079 1587 3116 opera,
1607 3065 1799 3102 inunortuli
1831 3076 1924 3103 certe
1952 3065 2053 3116 digni
2085 3066 2190 3103 laude

101 3136 194 3164 sunt.

157 3191 209 3228 Ne
228 3190 386 3239 mireris,
411 3192 555 3238 Lector,
575 3205 631 3228 me
650 3190 787 3229 tamdiu
808 3205 930 3230 corum
952 3191 1122 3229 laudibus
1147 3191 1369 3229 celebrandis
1402 3191 1560 3228 insistere
1580 3207 1586 3227 :
1612 3205 1692 3229 nain
1711 3222 1719 3233 ,
1750 3201 1986 3244 pra-terqtuun
2015 3191 2114 3242 quod
2145 3191 2190 3228 dc

102 3252 187 3290 orbe
207 3253 362 3290 literar-io
387 3261 458 3290 tarn
479 3252 570 3290 hcuc
596 3253 712 3290 tut-riti
742 3262 823 3291 sunt
839 3283 848 3299 ‚
869 3254 934 3291 hoc
953 3268 997 3291 cx
1023 3254 1166 3291 illm-uui
1196 3253 1389 3290 sudoribus
1422 3254 1456 3290 iu
1484 3253 1713 3290 commodum
1744 3268 1860 3291 meum
1890 3253 2127 3297 redumlsuit.
2152 3264 2189 3292 ut

105 3325 185 3367 post
201 3324 316 3353 tantos
331 3329 452 3353 eorum
479 3315 617 3353 labores
638 3317 757 3354 minus
784 3316 1021 3355 laborandum
1053 3318 1141 3354 mihi
1174 3318 1292 3355 suern.
1321 3317 1451 3367 lii-quis
1480 3316 1539 3353 ille
1573 3318 1713 3354 futurus
1743 3326 1816 3355 erut
1838 3317 1939 3355 labor
1956 3347 1964 3358 .
1991 3319 2019 3354 si
2054 3318 2188 3354 nullutn

104 3378 260 3417 Savilius
284 3377 496 3428 colligendis
515 3378 816 3430 euiendandisquc
844 3380 1090 3432 Chrysustotui
1113 3379 1255 3431 scriptis
1275 3392 1419 3430 operatu
1453 3379 1653 3432 posuisset?
1670 3380 1774 3430 quis.
1808 3381 1836 3417 si
1870 3380 2001 3416 Fronto
2037 3382 2188 3417 Dum-us

106 3454 222 3490 piretu
245 3453 428 3490 aggressus
445 3455 587 3491 operatu
610 3441 855 3478 converti-iulis
878 3443 981 3479 otiam
1006 3442 1127 3480 Latinu-
1149 3443 1184 3478 S.
1207 3441 1363 3478 ‹hu-turis
1381 3442 1549 3493 operibus
1567 3457 1634 3479 unu
1653 3442 1901 3479 incubuisset?
1916 3444 2056 3487 Quanta
2080 3443 2188 3480 moles
