2513 3871
269 216 327 255 72
716 212 754 240 S.
793 209 978 240 10³3·le
1013 206 1256 238 CURYSOST.

267 297 374 336 rebus
390 295 519 334 nostris
543 294 595 332 sic
621 295 657 332 iu
687 302 879 343 angustum
907 290 1080 338 redactis,
1099 289 1228 329 adver·
1251 293 1276 324 E

270 372 330 395 sus
358 357 444 394 istos
474 364 609 392 tantum
635 363 809 392 certamen
831 352 921 390 mihi
950 365 1025 389 esse
1043 364 1225 403 cuperem.

271 418 361 456 Nam
398 415 570 453 adversus
605 413 750 453 fidelem
782 421 992 465 argumenta
1036 418 1230 463 suppetunt

269 492 377 529 quam
394 475 562 528 plurima,
576 475 641 513 etsi
663 483 771 513 tantae
786 474 897 527 copiae
919 473 1139 524 voluptatem
1157 471 1228 510 ob-

269 546 387 576 scuret
412 536 632 575 verecundiae
657 535 884 589 magnitudo.
910 534 1026 573 Pudet
1053 533 1149 572 enim
1174 547 1230 572 me

269 599 368 651 quod
386 598 559 637 adversus
575 598 672 636 bunc
684 597 822 651 probis
834 610 993 650 pugnam
1008 595 1230 634 committere

270 674 376 712 cogar
389 689 399 708 ,
421 674 613 712 vereorque
642 674 684 698 ne
705 659 774 698 hoc
794 659 911 697 solum
930 657 1063 696 crimen
1088 655 1229 708 gentilis

270 722 349 773 jure
364 721 452 758 mihi
474 721 583 773 possit
603 721 758 773 objicere
781 736 788 756 :
813 718 946 757 namin
967 717 1112 771 reliquis
1127 717 1229 756 illum

271 797 338 836 ope
357 782 493 820 divina:
508 782 630 834 gratiae
651 782 755 820 facile
772 781 976 833 capiemus:
992 790 1096 832 atque
1115 779 1144 818 si
1163 793 1230 817 vo-
1250 822 1261 833 r

272 843 379 882 luerit
407 853 508 895 grato
540 844 659 881 animo
687 842 879 895 procedere
895 872 908 888 ‚
930 842 1001 881 cito
1031 841 1135 880 illum
1160 823 1280 890 non'x³

274 904 385 944 modo
399 905 443 944 ad
461 919 617 943 amorem
630 904 739 957 liujus
754 904 834 942 vitae
852 903 1090 949 traducenius‚
1105 916 1230 941 verum

271 965 317 1005 ad
333 966 448 1020 ipsius
459 980 601 1018 quoque
615 964 786 1004 doctrina.-
796 964 1031 1011 desiderium,
1043 979 1062 1001 a
1076 979 1147 1016 quo
1160 964 1232 1002 vita

272 1028 348 1066 haec
362 1036 610 1080 argumentum
625 1035 659 1064 et
673 1025 816 1064 initium
829 1025 944 1064 ducit.
960 1026 1117 1063 Tantum
1138 1024 1233 1062 enim

273 1089 372 1128 abest
387 1098 426 1128 ut
441 1098 617 1128 certamen
630 1087 803 1126 adversus
815 1087 919 1125 illum
933 1087 1053 1125 subire
1065 1095 1235 1132 metuam,

274 1160 314 1190 ut
327 1165 408 1189 cum
420 1160 626 1203 expugnatu
640 1149 887 1188 difficiliorem
899 1163 974 1187 mea
987 1148 1144 1187 oratione
1156 1161 1237 1185 con·

274 1214 433 1260 stituero‚
452 1222 528 1250 tum
548 1211 694 1249 demum
712 1224 868 1262 pugnam
886 1209 1086 1262 aggrediar,
1106 1208 1237 1259 Finga-

276 1288 356 1312 mus
374 1273 469 1311 enim
498 1282 634 1325 patrem
660 1270 868 1323 hujusmodi
895 1284 963 1308 non
993 1270 1099 1307 modo
1117 1268 1236 1320 genti-

274 1334 343 1372 lem
360 1347 457 1379 esse,
476 1333 537 1371 sed
559 1346 631 1384 prae
654 1331 821 1369 omnibus
840 1330 1049 1368 hominibus
1066 1329 1232 1375 divitem,

278 1396 453 1447 insignem
468 1424 477 1440 ,
493 1393 649 1446 potentia
671 1391 845 1443 singulari
863 1390 1055 1444 praeditum
1077 1406 1085 1427 ε
1105 1389 1236 1428 habeat

275 1470 379 1508 agros
395 1455 586 1507 plurimos,
603 1453 697 1492 aedes
716 1452 861 1499 multas,
883 1452 962 1490 auri
980 1452 1164 1490 innumera
1183 1461 1236 1490 ta·

275 1516 382 1555 lenta.
395 1517 460 1554 Sit
477 1515 622 1568 insuper
643 1514 741 1567 regia
756 1513 885 1566 patria,
907 1511 1152 1550 illustrissimo
1171 1525 1234 1563 ge-

277 1592 373 1624 nere,
393 1577 488 1615 filios
508 1577 598 1615 ahos
613 1591 725 1628 neque
745 1576 886 1620 babeat,
900 1588 1012 1625 neque
1032 1587 1068 1612 se
1089 1573 1233 1611 habitu-

275 1653 357 1678 rum
375 1648 508 1692 speret3
525 1637 588 1676 sed
606 1652 651 1677 ex
670 1638 739 1676 hoc
751 1637 826 1675 solo
841 1635 1008 1689 pendeat.
1023 1635 1100 1673 Imo
1115 1644 1148 1672 et
1162 1635 1236 1688 ipse
1263 1648 1283 1677 n

275 1700 321 1739 sit
337 1714 486 1739 summae
507 1699 594 1752 spei,
606 1708 711 1750 atque
729 1698 776 1736 ad
794 1698 942 1751 imperia
962 1707 1098 1736 mature
1114 1711 1232 1735 ascen-

277 1775 382 1800 surus
397 1791 407 1807 ‚
431 1770 637 1814 patremque
656 1759 844 1812 splendore
863 1768 1093 1811 superaturus
1107 1773 1237 1811 exspe-

278 1831 404 1870 otetur,
413 1822 651 1873 omnibusque
664 1821 750 1860 vitae
761 1820 959 1860 commodis
973 1820 1077 1872 longe
1090 1821 1238 1859 anteitu-

278 1898 350 1922 rus.
367 1885 463 1922 Tum
479 1898 564 1922 vero
585 1885 621 1922 in
646 1882 766 1922 medio
780 1892 884 1920 tantae
905 1882 980 1935 spei
1005 1881 1147 1920 accedat
1170 1881 1238 1920 ali-

277 1945 369 1997 quis,
379 1944 494 1996 deque
501 1945 569 1983 hac
583 1944 810 1998 philosophia
824 1944 931 1982 verba
942 1944 1084 1991 faciens,
1095 1957 1241 1996 persua·

277 2007 358 2045 deat
374 2007 404 2044 ei
423 2015 461 2044 ut
477 2007 604 2059 spretis
620 2005 788 2043 omnibus
802 2013 934 2043 vestem
947 2018 983 2042 se
998 2005 1168 2042 rusticam
1185 2004 1240 2042 in-

277 2066 378 2114 duat,
389 2080 430 2104 ac
443 2067 564 2105 relicta
579 2065 669 2104 urbc
680 2065 725 2103 ad
740 2075 896 2104 montem
911 2065 1090 2116 confugiat
1101 2080 1108 2101 :
1119 2065 1240 2115 ibique

280 2129 431 2182 plantet,
445 2128 547 2180 riget,
565 2141 694 2178 aquam
711 2128 811 2174 serat,
828 2136 1029 2180 caeteraque
1048 2126 1240 2165 monacho-

279 2204 360 2228 rum
380 2188 485 2227 saciat
505 2203 610 2241 opera
626 2218 635 2236 ‚
653 2201 730 2238 quze
752 2187 837 2225 vilia
858 2196 891 2224 et
913 2186 1059 2237 indigna
1088 2200 1162 2224 esse
1185 2186 1239 2223 vi-

280 2250 431 2290 deantur
444 2267 451 2286 :
464 2250 508 2288 sit
524 2258 692 2302 praetcrea
706 2247 813 2286 nudis
828 2247 990 2301 pedibus,
1002 2247 1101 2285 humi
1114 2247 1238 2297 cubet;

280 2312 527 2363 efficiaturque
544 2320 704 2348 maceret
720 2309 874 2362 pallidus
892 2310 1068 2347 formosus
1083 2308 1142 2347 ille
1156 2309 1242 2346 olim

282 2373 486 2412 adolescens
502 2402 511 2419 ,
529 2371 590 2423 qui
618 2371 728 2409 tantis
757 2379 856 2408 antea
883 2370 917 2407 in
940 2369 1080 2407 deliciis
1099 2369 1242 2407 lionori-

284 2435 420 2486 busquc
440 2433 613 2485 degebat,
636 2441 811 2481 tant-”eque
829 2431 903 2483 spei
924 2440 996 2468 crat
1015 2461 1026 2480 ‚
1049 2429 1243 2480 viliorique
1268 2451 1291 2480 C

283 2509 391 2547 qnam
407 2496 500 2534 servi
522 2495 575 2532 sui
594 2502 689 2532 veste
703 2493 871 2530 induatur
885 2508 891 2529 :
907 2506 990 2530 num
1010 2492 1096 2529 satis
1113 2491 1244 2531 multas

285 2557 479 2596 accusatori
501 2556 669 2595 dedimus
688 2568 808 2601 ansas,
831 2570 873 2593 an
893 2556 979 2592 satis
997 2554 1242 2592 adversarium

286 2619 548 2657 instruximus?
568 2619 605 2656 Si
627 2618 702 2656 haec
722 2631 789 2654 non
807 2617 891 2654 satis
911 2616 994 2657 sint,
1014 2615 1085 2653 alia
1105 2629 1246 2666 quoque

287 2679 565 2732 suppeditemns.
577 2679 749 2716 Praeterea
765 2692 886 2715 omncs
908 2685 1046 2714 moveat
1064 2676 1247 2714 machinas

291 2750 403 2792 pater,
424 2750 461 2777 ut
482 2740 595 2777 lilium
618 2754 635 2776 a
657 2739 837 2792 proposito
855 2737 1034 2782 dedu‹·at;
1055 2736 1117 2776 sed
1136 2737 1250 2774 incas-

290 2815 384 2846 sum,
398 2810 518 2852 ntpotc
531 2815 612 2838 cum
631 2800 692 2837 illc
707 2814 813 2852 supra
832 2809 966 2852 petram
982 2798 1176 2836 collocatus
1191 2798 1248 2845 sit,

291 2875 332 2899 ac
353 2861 575 2906 ssuunnibus,
590 2861 724 2912 pluviis
738 2870 771 2898 et
785 2861 898 2898 ventis
912 2859 1035 2898 cedere
1051 2873 1118 2897 non
1134 2858 1248 2896 norit:

293 2924 411 2972 lugeat
432 2921 513 2959 item
536 2931 634 2973 paler
652 2931 757 2972 atquc
777 2921 954 2974 lacrymas
977 2922 1131 2970 emittat,
1152 2919 1198 2957 ita
1217 2928 1255 2956 ut

294 2983 571 3033 indignationem
588 2983 748 3021 omnium
761 2992 880 3020 contra
896 2997 957 3020 nus
972 2982 1134 3020 incendat
1149 2997 1155 3017 z
1172 2981 1257 3018 uni-

295 3059 415 3082 versos
431 3045 632 3095 frequenter
649 3043 748 3082 adrat
770 3053 808 3082 ut
824 3058 886 3082 nos
908 3045 940 3082 in
967 3044 1100 3082 crimen
1128 3051 1245 3081 vocet:

298 3105 415 3144 Genui
434 3135 443 3150 ,
462 3106 611 3142 educavi
629 3136 638 3153 ,
654 3115 862 3156 :rtatemque
880 3120 1020 3143 omnem
1039 3105 1071 3142 in
1086 3104 1254 3143 aerumuis

297 3166 474 3214 contrivi,
490 3176 616 3203 cuncta
644 3181 748 3218 agens
769 3176 803 3204 et
826 3167 964 3219 patiens
981 3198 991 3213 ,
1014 3181 1092 3218 qna:
1119 3181 1162 3204 cx
1188 3165 1253 3203 liae

344 3317 355 3330 ‘⁸
377 3311 432 3341 Sic
449 3308 551 3342 Suvil.
571 3316 601 3340 rt
620 3308 695 3340 31:2⁵.
715 3309 829 3340 Mon-l.
849 3322 926 3342 vcro
945 3316 997 3354 ε”χη
1011 3314 1227 3355 προςνὶὲτθαι.

341 3373 353 3388 ⁸
378 3360 979 3407 5ωἰ1.φιΜυι-ο1.λαμπρότερονᾸὴω
992 3363 1066 3397 Mss,
1084 3367 1303 3409 >⁷l¹¹¹424f³.'-'¹5·

1298 206 1505 235 ARcmEP.
1544 205 1904 236 CONSTANTINOP-

1300 289 1422 342 ἀγῶνά
1444 304 1503 339 μοι
1521 288 1682 340 γενέσθαι
1700 292 1832 327 τοῦτον.
1855 287 1941 326 Ἐπὶ
1962 286 2025 338 μὲν
2041 286 2108 339 γὰρ
2124 290 2185 326 τοῦ
2201 291 2328 326 πιστοῦ

1300 350 1416 390 πολλὰ
1436 349 1498 401 μὲν
1526 353 1611 400 ἡμῖν
1634 349 1679 389 τὰ
1707 348 1952 399 δικαιώματα,
1983 349 2061 387 ἀλλ’
2079 349 2175 400 ὅμως
2194 349 2258 396 τὴν
2289 351 2329 387 ἐκ

1300 415 1362 458 τῆς
1381 413 1449 449 τῶν
1480 411 1625 449 δικαίων
1658 410 1858 463 περιουσίας
1894 408 2021 456 ἡδονὴν
2054 410 2234 453 συσκιάζει
2266 410 2331 454 τῆς

1302 472 1469 525 αἰσχύνης
1500 475 1522 519 ἡ
1555 472 1744 525 ὓπερῧολή.
1787 469 2009 523 Αἰσχύνομαι
2046 470 2115 523 γὰρ
2149 471 2232 509 ὅταν
2268 470 2331 509 καὶ

1301 534 1386 587 πρὸς
1400 535 1529 572 ἐκεῖνον
1546 532 1633 586 ὑπὲρ
1648 533 1776 571 τούτων
1792 531 2034 570 ἀποτείνεσθαι
2054 531 2309 582 ἀναγκάζωμαι
2319 561 2330 578 ,

1301 595 1361 633 καὶ
1389 594 1528 633 δέδοικα
1557 593 1607 644 μὴ
1633 593 1736 631 τοῦτό
1759 609 1818 644 μοι
1850 592 1952 643 μόνον
1973 594 1992 630 δ
2012 591 2146 639 Ἕλλην
2168 592 2331 643 ἔγκλημα

1302 656 1468 694 ὃίκαιον“’
1489 656 1564 707 ἔχοι
1594 655 1881 708 προίάλλεσθαι·
1920 654 1995 692 ἐπεὶ
2034 658 2106 696 τοῖς
2141 668 2181 704 γε
2214 653 2333 695 ἄλλοις

1302 717 1404 756 αὐτὸν
1426 719 1470 768 τῇ
1497 720 1557 755 τοῦ
1587 719 1680 755 Θεοῦ
1714 715 1836 768 χάριτι
1867 714 1994 767 ῥαδίως
2025 713 2243 767 αἱρήσομεν,
2267 719 2333 752 κάν

1303 777 1490 830 εὐγνώμων
1523 771 1609 815 εἶναι
1645 777 1776 824 ἐθέλοι,
1811 775 1947 828 *rurs-{mc
1967 775 2070 814 αὐτὸν
2101 777 2140 813 οὗ
2169 774 2256 826 πρὸς
2273 773 2332 812 τὸν

1306 841 1419 892 ἔρωτα
1445 843 1505 877 τοῦ
1531 839 1606 890 βίου
1627 839 1747 877 τούτου
1784 837 2051 888 μεταστήσομεν
2084 836 2207 887 μόνον,
2240 836 2332 874 ἀλλὰ

1308 901 1367 939 καὶ
1391 900 1476 951 πρὸς
1509 900 1616 947 αὐτὴν
1648 903 1717 937 τῶν
1741 899 1924 949 δογμάτων
1945 897 2008 944 τὴν
2039 896 2249 947 ἐπιθυμίαν,
2272 895 2333 948 ἀφ’

1308 957 1349 1008 ἧς
1379 966 1396 1000 ὁ
1431 962 1502 1013 βίος
1522 961 1596 1013 ἔχει
1629 960 1693 1008 τὴν
1721 960 1884 999 ὑπόθεσιν
1912 953 2023 1003 οὗτος.
2065 960 2242 998 Τοσοῦτον
2266 957 2334 1010 γὰρ

1310 1024 1434 1076 ἀπέχω
1468 1023 1664 1075 φοίηῡῆναι
1695 1022 1753 1060 τὸν
1774 1023 1860 1074 πρὸς
1892 1021 1993 1059 αὐτὸν
2017 1023 2162 1072 ἀγῶνα,
2189 1020 2243 1058 ὅτι
2275 1019 2335 1058 καὶ

1311 1085 1555 1137 χαλεπώτερον
1586 1085 1687 1122 αὐτὸν
1707 1084 1876 1136 πρότερον
1898 1082 2124 1129 καταστήσας
2143 1084 2193 1134 τῷ
2211 1080 2306 1132 λόγῳ
2321 1110 2332 1126 ,

1311 1146 1431 1190 οὕτως’
1447 1146 1584 1197 ἅψομαι
1615 1148 1684 1183 τῶν
1717 1144 1989 1195 παλαισμάτων.
2023 1143 2161 1182 Κείσθω
2194 1142 2261 1195 γὰρ
2286 1141 2336 1192 μὴ

1313 1208 1414 1257 μόνον
1446 1205 1610 1253 Ἵίλληνα
1633 1199 1722 1243 εἶναι
1745 1210 1864 1244 τοῦτον
1895 1206 1955 1244 τὸν
1983 1205 2140 1257 πατέρα,
2160 1203 2252 1242 ἀλλὰ
2278 1203 2338 1241 καὶ

1311 1267 1476 1305 πλούσιον
1499 1266 1587 1317 ὑπὲρ
1609 1266 1743 1308 πάντας
1778 1265 1980 1318 ἀνθρώπους
2012 1265 2074 1303 καὶ
2098 1264 2338 1312 ἀπόὸλεπτον,

1311 1327 1371 1366 καὶ
1399 1330 1434 1378 ἐν
1463 1326 1650 1379 δυναστείᾳ
1679 1327 1892 1364 καθεστάναι
1926 1326 2064 1376 μεγάλῃ
2082 1355 2092 1373 ,
2113 1325 2173 1363 καὶ
2192 1323 2341 1368 πολλοὺς

1312 1387 1375 1438 μὲν
1396 1387 1521 1439 ἀγροὺς
1540 1387 1674 1439 ἐχέτω,
1694 1385 1828 1429 πολλὰς
1847 1386 1884 1425 δὲ
1903 1386 2037 1433 οἰκίας,
2061 1385 2168 1437 μυρία
2196 1384 2232 1423 δὲ
2249 1400 2340 1437 χρυ-

1311 1449 1386 1488 σίου
1416 1449 1594 1487 τάλαντα·
1637 1448 1728 1486 ἔστω
1766 1447 1801 1486 δὲ
1827 1448 1888 1486 καὶ
1913 1447 2080 1500 πατρίδος
2103 1449 2166 1493 τῆς
2199 1447 2340 1499 βασιλι-

1311 1511 1506 1558 κωτάτης,
1522 1510 1582 1548 καὶ
1601 1508 1721 1561 γένους
1748 1513 1808 1548 τοῦ
1824 1508 2146 1562 περιφανεστάτου,
2173 1508 2232 1547 καὶ
2251 1508 2341 1559 μήτε

1311 1572 1423 1623 ἐχέτω
1457 1573 1587 1615 παῖδας
1624 1571 1789 1623 ἑτέρους,
1830 1571 1920 1621 μήτε
1952 1569 2039 1614 ἕξειν
2072 1569 2243 1614 ἐλπιζέτω
2280 1572 2342 1606 τοῦ

2180 1630 2271 1670 ἔστω
2304 1630 2340 1670 δὲ

1313 1695 1373 1733 καὶ
1394 1695 1497 1738 αὐτὸς
1513 1688 1610 1738 οὗτος
1632 1696 1666 1732 ἐν
1697 1693 1815 1732 ἐλπίσι
1837 1699 2026 1746 χρησταῖς,
2047 1693 2108 1731 καὶ
2127 1692 2262 1744 ταχέως
2282 1691 2341 1731 ἐπὶ

1311 1635 1452 1680 λοιποῦ,
1487 1632 1565 1671 ἀλλ’
1604 1635 1639 1671 ἐν
1672 1631 1784 1684 τούτῳ
1812 1631 1989 1670 σαλευέτω
2021 1631 2124 1681 μόνον
2146 1647 2154 1654 ·

1311 1757 1375 1803 τὴν
1409 1755 1518 1802 αὐτὴν
1550 1755 1663 1808 ἀρχὴν
1697 1754 1938 1801 ἀναδήσεσθαι
1973 1754 2250 1806 προσδοκάσθω,
2282 1753 2343 1791 καὶ

1311 1816 1585 1869 εἰλαμπρότερον
1611 1817 1714 1855 αὐτοῦ
1740 1815 1982 1868 φανήσεσθαι,
2011 1815 2070 1853 καὶ
2097 1821 2205 1853 πᾶσιν
2240 1815 2342 1854 αὐτὸν

1315 1877 1529 1930 ἀποκρύψειν
1550 1883 1620 1920 τοῖς
1653 1879 1831 1929 βιωτικοῖς
1849 1893 1856 1900 ·
1875 1870 1953 1914 εἶτα
1990 1877 2026 1914 ἐν
2051 1875 2151 1928 μέσῳ
2179 1877 2248 1914 τῶν
2281 1877 2343 1914 ἐλ-

1315 1939 1426 1977 πίδων
1464 1938 1596 1977 τούτων
1637 1937 1887 1991 προσερχέσθω
1927 1954 1992 1986 τις,
2032 1937 2093 1976 καὶ
2131 1936 2343 1989 διαλεγέσθω

1315 2001 1396 2053 περὶ
1435 2000 1564 2048 ταύτης
1603 2002 1697 2052 αὐτῷ
1735 2003 1797 2046 τῆς
1836 1999 2060 2052 φιλοσοφίας,
2094 1998 2153 2036 καὶ
2193 1997 2343 2037 πειθέτω

1315 2062 1455 2100 πάντων
1488 2061 1627 2100 ἐκείνων
1657 2060 1950 2112 καταγελάσαντα
1977 2059 2228 2111 περιὸαλέσθαι
2258 2058 2342 2109 ἱμά-

1316 2139 1387 2162 τιον
1418 2123 1544 2173 ἁδρὸν,
1576 2123 1636 2161 καὶ
1664 2121 1727 2169 τὴν
1763 2122 1864 2160 πόλιν
1907 2120 2036 2173 ἀφέντα
2071 2121 2156 2172 πρὸς
2193 2120 2231 2158 τὸ
2265 2121 2343 2171 ὄρος

1316 2190 1437 2236 φυγεῖν
1454 2214 1463 2231 ,
1492 2184 1550 2222 καὶ
1578 2183 1734 2235 φυτεύειν
1768 2186 1841 2222 ἐκεῖ
1868 2182 1928 2220 καὶ
1959 2182 2077 2234 ἄρδειν
2104 2181 2164 2220 καὶ
2191 2181 2343 2234 ὑδροφο-

1319 2251 1407 2296 ρεῖν,
1429 2246 1489 2283 καὶ
1506 2245 1549 2284 τὰ
1569 2246 1660 2284 ἄλλα
1678 2243 1718 2291 δὴ
1738 2244 1855 2283 πάντα
1873 2244 1917 2282 τὰ
1937 2245 2005 2281 τῶν
2031 2246 2196 2294 μοναχῶν
2212 2247 2341 2287 ποιεῖν,

1317 2306 1362 2344 τὰ
1385 2307 1550 2345 δοκοῦντα
1580 2300 1668 2344 εἶναι
1699 2306 1759 2344 καὶ
1777 2307 1897 2351 εὐτελῆ
1915 2304 1975 2342 καὶ
1995 2304 2214 2342 ἐπονείδιστα
2228 2317 2236 2324 ·
2253 2302 2344 2343 ἔστω

1320 2367 1355 2406 δὲ
1376 2368 1436 2406 καὶ
1462 2368 1668 2410 ἁνυπόδετος
1683 2397 1692 2414 ,
1717 2368 1776 2405 καὶ
1797 2365 1914 2418 χαμαὶ
1944 2365 2140 2404 καθευδέτω
2157 2395 2168 2413 ,
2192 2363 2345 2417 γενέσθω

1320 2430 1355 2468 δὲ
1383 2430 1443 2468 καὶ
1463 2430 1588 2471 λεπτὸς
1617 2429 1676 2467 καὶ
1703 2428 1817 2481 ὠχρὸς
1836 2430 1854 2465 ὁ
1880 2428 1984 2470 καλὸς
2009 2427 2144 2471 νεανίας
2171 2419 2294 2474 οὗτος,
2327 2428 2346 2464 ὁ

1320 2494 1354 2530 ἐν
1382 2491 1536 2542 τοσαύτῃ
1566 2493 1679 2543 τρυφῇ
1699 2490 1758 2528 καὶ
1782 2492 1868 2540 τιμῑξι
1889 2490 2082 2536 διατελῶν,
2102 2488 2161 2526 καὶ
2184 2487 2347 2528 τοιαύτας

1321 2553 1412 2605 ἔχων
1437 2552 1603 2599 ἐλπίδας,
1628 2552 1687 2590 καὶ
1713 2553 1781 2588 τῶν
1813 2553 1956 2588 οἰκετῶν
1977 2551 2044 2586 τῶν
2061 2551 2184 2587 ἑαυτοῦ
2206 2550 2346 2587 εὐτελε-

1322 2614 1448 2665 στέραν
1482 2612 1693 2665 περικείσθω
1724 2611 1852 2657 στολήν
1871 2626 1878 2634 ·
1910 2605 1978 2661 ἆρα
2012 2609 2133 2653 ἱκανὰς
2164 2609 2345 2659 ἐδώκαμεν

1322 2678 1373 2727 τῷ
1403 2675 1592 2725 κατηγόρῳ
1611 2672 1672 2715 τὰς
1698 2671 1810 2714 λαὸὰς
1829 2701 1838 2718 ,
1867 2671 1926 2708 καὶ
1959 2669 2154 2722 ἀρκούντως
2177 2670 2347 2708 συνεπλά-

1325 2751 1433 2786 σαμεν
1458 2735 1516 2773 τὸν
1547 2733 1828 2785 ἀνταγιι)νιστήν;
1849 2734 1891 2770 lii
1912 2730 1946 2770 δὲ
1967 2731 2016 2782 μὴ
2042 2730 2239 2783 ἀρκούντως
2254 2762 2264 2779 ,
2284 2731 2343 2770 καὶ

1606 2793 1621 2814 ¹'
1660 2793 1854 2845 παρέξομεν
1891 2793 2092 2844 προφάσεις.
2133 2791 2235 2830 Μετὰ
2279 2791 2348 2843 γὰρ

1326 2797 1446 2848 ἑτέρας
1474 2798 1567 2843 αὐτῷ

1325 2858 1456 2896 τούτων
1491 2857 1551 2895 καὶ
1587 2855 1702 2893 πάντα
1739 2854 1877 2892 κινείτω
1916 2853 1959 2891 τὰ
1990 2852 2234 2905 μηχανήματα
2261 2853 2349 2906 πρὸς

1325 2920 1365 2958 τὸ
1383 2924 1592 2969 μεταπεῖσαι
1622 2915 1679 2953 τὸν
1707 2914 1799 2961 υἷὀν,
1834 2914 1893 2951 καὶ
1918 2914 2033 2952 πάντα
2058 2915 2161 2966 εἰκῇ,
2189 2915 2349 2967 καθάπερ

1327 2980 1385 3019 ἐπὶ
1412 2980 1541 3031 πέτρας
1561 2980 1710 3020 ἑστῶτος
1737 2977 1839 3014 αὐτοῦ
1866 2979 1925 3013 τοῦ
1946 2974 2090 3023 παιδὸς,
2111 2975 2171 3013 καὶ
2193 2979 2262 3014 τῶν
2286 2991 2348 3015 πο-

1327 3044 1448 3092 ταμῶν
1477 3040 1535 3078 καὶ
1569 3041 1628 3076 τοῦ
1658 3041 1757 3076 ὑετοῦ
1775 3036 1920 3074 καὶτῶν
1942 3036 2150 3086 πνευμάτων
2177 3037 2349 3088 ἀνωτέρου

1325 3101 1504 3154 γινομένου
1523 3114 1530 3121 ·
1561 3099 1728 3152 θρηνείτω
1750 3098 1784 3136 δὲ
1808 3100 1826 3135 ὁ
1850 3101 2001 3141 τοιοῦτος
2018 3128 2027 3145 ,
2054 3097 2113 3135 καὶ
2139 3097 2347 3150 προὸαλέτω

1327 3165 1481 3217 δάκρυα,
1514 3162 1605 3199 ὥστε
1645 3162 1776 3212 μᾶλλον
1818 3162 1999 3211 ἐμπρῆσαι
2043 3160 2101 3198 τὸν
2137 3162 2214 3197 καθ’
2245 3162 2348 3210 ἡμῶν

1384 3309 1398 3333 b
1425 3309 1496 3339 Duo
1513 3307 1591 3339 Mss.
1617 3321 1677 3348 παρ
1686 3310 1796 3347 ἐξωμιν
1810 3331 1817 3344 ,
1832 3302 1935 3335 Savil.
1955 3308 2135 3350 παρέξομεν,
2150 3300 2265 3335 Morcl.
2284 3315 2346 3335 ππ·

1339 3366 1480 3404 'stigmat-
1501 3359 1511 3401 [
1532 3357 1615 3389 Male
1629 3356 1748 3389 monis.
1767 3354 1971 3399 πορίζοιμεν]
