2513 3871
306 243 396 297 542
730 253 767 282 S.
806 249 992 282 JOANMS
1028 250 1270 280 ctttu'SOST.
1314 251 1520 280 attenti-tt».
1560 249 1918 280 CONSTAnTtNoP.

302 348 336 378 et
356 339 391 376 in
410 336 571 375 tenebras
591 335 783 374 exteriores
799 333 968 385 conjectis
985 349 994 370 =
1011 333 1071 371 sed
1090 333 1203 371 simus
1223 333 1258 371 in
1330 333 1486 384 λομὲνων
1499 364 1509 381 ,
1530 333 1621 371 ἀλλὰ
1651 334 1721 371 τῶν
1743 332 1944 383 δυναμένων
1965 332 2175 384 συγγνώμης
2193 335 2274 385 γοῦν
2297 349 2359 383 με·

302 411 424 436 eorum
446 409 607 442 numero,
626 394 687 446 qui
706 402 870 446 poterunt
885 393 1184 444 qualemcumque
1200 407 1258 430 as·
1330 395 1427 446 τρίας
1456 399 1596 446 τυχεῖν,
1615 394 1737 447 χάριτι
1770 394 1828 431 καὶ
1862 392 2106 445 φιλανθρωπίᾳ
2133 396 2192 432 τοῦ
2228 394 2359 446 Κυρίου

301 458 398 509 sequi
415 458 565 503 veniam,
578 455 689 507 gratia
705 464 737 493 et
753 454 971 505 benignitate
983 453 1127 491 Domini
1145 454 1256 491 nostri
1329 460 1430 506 ἡμῶν
1455 457 1572 503 Ἰησοῦ
1595 457 1748 509 Χριστοῦ
1762 487 1772 503 ,
1789 449 1818 506 ᾧ
1839 459 1860 501 ἡ
1877 455 1957 500 δόξα
1976 455 2037 493 καὶ
2053 455 2093 494 τὸ
2111 455 2238 508 κράτος
2253 456 2314 494 καὶ
2335 459 2358 503 ἠ

299 522 383 559 Jesu
404 518 561 564 Christi,
583 517 639 555 eui
662 516 775 566 gloria
791 546 799 560 ,
822 516 1015 569 imperium
1038 525 1071 554 et
1092 516 1255 554 adoratio
1329 517 1567 570 προσκύνησις
1587 519 1634 561 εἰς
1653 517 1733 560 τοὺς
1751 518 1879 560 αἰῶνας
1893 519 1962 554 τῶν
1982 515 2130 555 αἰώνων.
2150 516 2274 566 Ἀμήν.

301 581 335 619 111
356 580 482 619 saecula
501 579 723 618 saeculorum.
743 581 867 616 Amen.

735 936 795 983 lN
834 934 1128 983 llOMlLlAS
1165 936 1244 980 DE
1280 932 1914 981 lNCOMPREllENSlBlLl

1040 1133 1619 1216 MONITUM.

354 1390 450 1427 lnter
470 1386 602 1439 primas
617 1383 865 1437 Chrysostomi
879 1381 1080 1427 conciones,
1099 1394 1157 1419 eas
1178 1378 1349 1418 videlicet
1368 1391 1458 1429 quas
1477 1392 1573 1416 anno
1587 1377 1666 1417 586
1681 1377 1729 1416 ad
1745 1378 1918 1431 populum
1936 1377 2198 1417 Antiochenum
2213 1377 2357 1426 habuit,

304 1450 407 1490 hasce
418 1448 463 1488 de
478 1445 831 1499 lncomprehensibili
850 1444 1104 1496 consignamus
1125 1458 1133 1479 :
1148 1442 1253 1494 cujus
1270 1439 1442 1492 temporis
1458 1448 1558 1477 notas
1575 1439 1650 1493 ipse
1663 1439 1892 1492 suppedit-113
1912 1454 2036 1478 verum
2053 1439 2257 1485 intricatas,
2271 1447 2304 1478 et
2322 1448 2361 1478 111

303 1510 560 1563 Chrysostomo
581 1507 615 1544 in
637 1521 733 1544 more
751 1515 802 1544 est
816 1537 824 1551 ,
847 1519 914 1543 non
937 1505 984 1543 ita
1003 1503 1193 1555 diligenter
1211 1503 1356 1555 positas.
1379 1502 1496 1539 Prima
1520 1502 1640 1552 itaque
1661 1510 1741 1539 nota
1764 1503 1897 1554 petitur
1915 1515 1960 1540 ex
1982 1500 2129 1540 homilia
2145 1502 2197 1540 lv
2222 1499 2268 1539 de
2293 1502 2359 1540 ln-

302 1569 614 1624 comprebcnsibili
628 1599 637 1617 ,
656 1568 717 1606 ubi
739 1568 789 1606 sic
808 1567 940 1619 legitur
961 1582 968 1602 :
988 1565 1097 1604 Ante
1114 1564 1181 1602 lios
1200 1565 1330 1601 decem
1352 1577 1478 1601 annos
1502 1563 1662 1615 quitiam
1684 1564 1937 1612 tyrannidem
1959 1564 2203 1615 affectantes
2222 1564 2360 1613 depre-

303 1634 414 1672 hensi
433 1635 612 1684 c‹1p11'que
628 1639 732 1677 sunt,
752 1629 860 1682 quod
876 1642 948 1667 vos
969 1642 1048 1665 non
1067 1628 1266 1679 ignoratis.
1295 1626 1389 1662 Tum
1412 1625 1559 1676 aliquis
1591 1627 1632 1662 in
1659 1627 1891 1677 magistratu
1911 1627 2142 1663 constitutus
2156 1654 2166 1673 ,
2185 1627 2359 1663 criminis

302 1708 388 1733 reus
407 1702 645 1747 compertus,
667 1706 755 1731 cum
780 1693 833 1729 ad
861 1698 1019 1729 mortem
1031 1690 1133 1744 sune
1157 1688 1211 1726 ad
1236 1701 1278 1725 os
1306 1686 1472 1738 alligato
1496 1686 1715 1733 duceretur,
1740 1694 1822 1723 tota
1854 1689 1944 1724 urbs
1981 1686 2036 1724 ad
2064 1686 2360 1736 hippodromum

303 1758 471 1794 accurrit
490 1786 500 1802 ‚
528 1756 754 1806 eductisque
783 1768 803 1791 e
829 1766 983 1791 carcere
1003 1753 1193 1802 captivis,
1226 1748 1345 1788 simul
1374 1756 1475 1786 totus
1497 1748 1664 1799 populus
1694 1761 1800 1785 reum
1821 1750 2080 1799 imperatorne
2107 1747 2268 1793 ultioni,
2287 1751 2362 1785 etsi

306 1818 418 1855 nulla
442 1818 602 1869 dignum
627 1819 767 1860 venia,
791 1814 992 1852 subduxit.
1018 1811 1140 1850 Palam
1168 1825 1250 1849 sane
1277 1808 1424 1847 videtur
1451 1822 1526 1845 csse
1554 1808 1612 1846 hic
1636 1807 1682 1845 de
1700 1807 1883 1846 Theodori
1911 1806 2176 1860 conspiratione
2194 1807 2278 1857 agi,
2299 1804 2362 1858 qui

306 1891 398 1915 auno
419 1891 500 1914 cum
529 1874 729 1913 tardissime
748 1873 825 1911 574
849 1872 963 1924 capite
992 1870 1119 1922 plexus
1138 1878 1189 1908 est
1212 1885 1219 1906 :
1244 1870 1361 1907 missis
1388 1870 1484 1907 enim
1503 1868 1584 1907 aliis
1613 1883 1692 1920 quae
1723 1882 1769 1907 ex
1799 1868 1865 1907 hac
1891 1867 2137 1921 Chrysostomi
2159 1867 2362 1906 narratione

304 1938 474 1976 oriuntur
492 1935 784 1981 difficultatibus,
804 1935 838 1972 in
858 1934 934 1984 ejus
949 1932 1033 1971 Vita
1049 1931 1302 1984 explanandis,
1322 1931 1359 1970 id
1379 1940 1471 1969 certe
1489 1930 1636 1983 planum
1657 1929 1810 1978 videtur,
1831 1944 1898 1968 non
1920 1944 2021 1983 posse
2034 1928 2217 1968 Theodori
2237 1942 2360 1968 necem

306 2000 400 2038 ultra
420 2012 553 2036 annum
573 1998 653 2036 574
679 1996 831 2034 disserti.
862 1998 943 2043 Quo
970 1993 1085 2046 posito
1113 1992 1267 2039 calculo,
1287 2007 1355 2032 non
1376 2002 1468 2032 ante
1487 1995 1556 2031 hos
1575 1994 1720 2041 decem,
1738 1992 1801 2031 sed
1820 2001 1912 2031 ante
1931 1995 2000 2031 hos
2019 1992 2221 2030 duodecim
2243 2004 2356 2029 annos

306 2059 471 2099 dicturus
489 2068 562 2097 crat
583 2059 875 2110 Chrysostomus,
896 2064 932 2093 ut
950 2055 1158 2107 supputatio
1177 2063 1352 2093 constaret
1371 2071 1378 2091 :
1397 2069 1478 2093 nam
1499 2057 1532 2092 in
1552 2054 1803 2107 presbyterum
1820 2053 1980 2092 adlectus
1998 2068 2090 2091 anno
2108 2052 2205 2100 586,
2224 2050 2364 2103 aliquot

306 2121 436 2175 elapsis
452 2130 570 2172 postea
588 2119 783 2165 mensibus,
802 2118 877 2155 hsce
895 2116 1188 2155 concionabatur.

362 2183 519 2221 Alteram
555 2191 672 2219 notam
703 2189 908 2218 mutuamur
927 2193 971 2216 ex
991 2178 1139 2216 homilia
1159 2177 1317 2229 quadam
1338 2187 1458 2216 contra
1478 2177 1623 2218 Judaeos
1645 2191 1757 2216 annos
1778 2179 1854 2216 587
1883 2177 2027 2224 habita,
2057 2175 2118 2214 ubi
2152 2175 2238 2214 talia
2269 2175 2364 2222 satur

313 2244 595 2297 Chrysostomus
619 2259 627 2280 :
654 2243 768 2292 Quod
783 2255 879 2278 vero
887 2239 978 2292 jam
1002 2240 1176 2278 dicturus
1199 2253 1283 2277 sum
1304 2242 1422 2277 etiam
1443 2240 1655 2278 admodum
1668 2241 1873 2292 juvenibus
1894 2247 1950 2277 est
1979 2238 2130 2276 clarum
2150 2250 2199 2275 ac
2215 2239 2366 2289 perspi-

310 2319 438 2344 cuum.
458 2306 546 2343 Non
566 2306 667 2341 enim
690 2311 839 2355 gestum
858 2310 912 2339 est
933 2302 1003 2339 sub
1023 2301 1211 2338 Adriano
1237 2309 1307 2339 aut
1327 2302 1586 2340 Constantino
1601 2331 1610 2350 ‚
1628 2302 1697 2340 sed
1714 2303 1785 2339 sub
1806 2303 2046 2352 Imperatore
2064 2300 2132 2351 qui
2149 2299 2229 2351 suit
2250 2306 2366 2336 oetate

311 2376 443 2406 nostra
462 2375 555 2404 ante
573 2379 698 2403 annos
719 2366 880 2416 viginti.
903 2364 1061 2401 Etenim
1087 2378 1173 2401 cum
1193 2363 1382 2402 Julianus
1396 2393 1406 2411 ‚
1429 2367 1498 2415 qui
1517 2366 1767 2417 imperatores
1788 2376 1917 2400 omncs
1937 2363 2133 2413 superavit
2153 2361 2368 2413 impietate,

309 2437 469 2467 vocaret
488 2428 577 2466 illos
602 2428 656 2465 ad
679 2426 989 2479 sacrificandum
1012 2425 1129 2463 idolis
1143 2455 1152 2473 ‚
1171 2434 1238 2464 etc.
1254 2455 1264 2474 ,
1286 2425 1346 2463 ubi
1368 2439 1489 2477 parem
1509 2425 1767 2479 ἀναχρονισμόν
1789 2422 2064 2462 animadvertas.
2081 2421 2248 2462 Julianus
2267 2421 2363 2460 enim

308 2503 400 2526 anno
416 2489 494 2527 565
514 2487 711 2525 exstinctus
728 2494 793 2526 est.
809 2500 828 2522 a
847 2499 917 2535 quo
933 2483 960 2521 si
975 2485 1182 2536 supputatio
1199 2484 1405 2532 duceretur,
1423 2501 1515 2525 anno
1528 2488 1606 2526 585
1622 2488 1697 2525 haec
1716 2486 1948 2524 concionatus
1967 2494 2057 2523 esset
2074 2483 2366 2536 Chrysostomus.

310 2549 416 2600 Atqui
440 2559 522 2587 tunc
548 2547 720 2586 diaconus
741 2546 800 2584 ille
821 2555 912 2588 crat,
932 2559 1047 2596 neque
1068 2545 1180 2583 ullam
1199 2546 1244 2584 ad
1266 2550 1440 2599 populum
1461 2550 1663 2588 concionem
1691 2548 1818 2586 habuit
1841 2557 2031 2598 antequam
2055 2545 2246 2598 presbyter
2265 2542 2366 2582 ordi-

309 2617 454 2647 naretur
471 2637 481 2656 ‚
510 2615 547 2645 ut
573 2607 648 2660 ipse
674 2606 708 2644 in
730 2605 845 2658 prima
873 2619 934 2642 sua
955 2604 1106 2642 homilia
1127 2605 1336 2644 testificatur
1361 2621 1469 2660 supra
1492 2623 1500 2644 :
1523 2607 1708 2646 ordinatus
1736 2615 1854 2644 autem
1883 2614 1934 2644 est
1961 2618 2054 2642 anno
2080 2603 2180 2649 386,
2206 2611 2245 2640 ut
2275 2615 2368 2654 sape

310 2668 472 2707 diximus
487 2677 520 2706 et
538 2667 703 2721 pluribus
719 2665 1058 2704 commonstrabitur
1075 2664 1110 2703 in
1124 2665 1207 2704 Vita
1222 2666 1298 2718 ejus
1316 2666 1362 2704 ad
1378 2666 1509 2704 calcem
1525 2667 1687 2718 Operum
1703 2663 1923 2703 adornanda.
1946 2663 1986 2702 ln
2003 2675 2135 2700 annum
2153 2662 2275 2711 itaque
2289 2660 2369 2699 386

311 2729 376 2767 bos
395 2729 561 2767 homilias
577 2728 792 2766 conserimus
807 2743 815 2767 :
835 2740 947 2778 neque
965 2735 1132 2779 putamus
1152 2735 1268 2764 tamen
1285 2726 1390 2765 hasce
1403 2736 1524 2765 contra
1542 2730 1733 2765 Anomoeos
1747 2723 2024 2777 disceptationes
2043 2721 2168 2760 eodem
2183 2720 2370 2759 absolutas

312 2805 404 2829 anno
424 2805 517 2839 esse,
539 2789 622 2837 sed,
645 2798 683 2826 ut
703 2788 748 2827 de
768 2788 927 2826 homiliis
949 2797 1072 2825 contra
1091 2786 1235 2827 Judaeos
1267 2787 1358 2826 infra
1386 2784 1540 2832 dicetur,
1562 2798 1650 2835 quas
1679 2791 1831 2835 cwpcrat
1856 2796 1948 2820 1111110
1968 2783 2066 2830 586,
2090 2795 2182 2818 anno
2211 2779 2369 2831 sequenti

314 2852 455 2890 ineunte
473 2851 640 2889 absolvit.
665 2851 780 2902 liujus
808 2865 892 2888 vero
912 2849 1152 2902 chronologiae
1180 2849 1271 2888 ratio
1298 2846 1474 2888 constabit
1500 2860 1544 2884 ex
1575 2846 1640 2893 iis,
1661 2859 1740 2896 qum
1763 2844 1798 2881 in
1830 2843 1968 2881 Monito
1989 2842 2032 2880 ad
2053 2842 2227 2880 llomilias
2247 2850 2370 2880 contra

314 2912 461 2952 suda-os
482 2913 570 2951 infra
592 2913 772 2951 (licentur.

269 2994 298 3018 ³¹.
369 2975 524 3012 Primam
547 2989 628 3012 vcro
655 2974 799 3011 absente
821 2972 995 3011 Flaviano
1026 2975 1194 3026 episeopo
1224 2974 1269 3011 ad
1296 2971 1472 3025 populum
1501 2967 1640 3006 hahuit.
1663 2967 1755 3004 llinc.
1777 2965 1926 3003 solerter
1949 2964 2008 3001 ille
2028 2963 2198 3002 laudandi
2220 2963 2373 3016 pastoris

316 3050 436 3073 ansam
457 3036 600 3088 arripit;
623 3045 740 3088 postea
767 3034 984 3087 jampridem
1007 3034 1219 3072 destinatam
1239 3043 1360 3072 contra
1382 3037 1570 3070 Anommos
1590 3042 1746 3082 {mugnam
1780 3028 1844 3064 init
1875 3042 1882 3062 :
1913 3040 2022 3076 quam
2056 3039 2092 3063 se
2123 3024 2202 3062 ideo
2232 3023 2372 3062 tardius

317 3098 508 3149 suscepisse
524 3106 795 3143 commemorat,
816 3095 911 3147 quod
934 3096 1066 3134 multos
1088 3099 1340 3134 Anomoeorum
1364 3093 1502 3131 videret.
1522 3089 1753 3129 concionibus
1772 3087 1893 3125 adesse
1912 3087 1986 3124 suis
2000 3116 2010 3132 ‚
2026 3100 2067 3124 ac
2090 3099 2171 3123 cum
2193 3083 2374 3136 voluptate

319 3172 421 3195 aures
443 3158 507 3195 sihi
538 3158 692 3209 pra-berc
718 3172 726 3195 :
749 3157 981 3208 quamobrem
1006 3171 1047 3194 ue
1066 3158 1241 3209 prcedam
1259 3159 1444 3206 abigeret,
1464 3154 1514 3191 ait
1538 3152 1617 3199 illc,
1637 3160 1747 3201 utque
1766 3149 1924 3201 ipsorum
1944 3148 2081 3185 animos
2102 3147 2269 3190 irretiret,
2294 3144 2319 3183 li
2348 3167 2368 3174 -

320 3233 426 3269 guam
446 3219 491 3255 ab
515 3219 718 3269 hujusunuli
735 3219 990 3257 certaminibus
1011 3219 1204 3257 coercebat.
1225 3220 1378 3256 Domum
1402 3214 1630 3253 hortantibus
1647 3212 1718 3251 illis
1739 3211 1824 3263 ipsis
1844 3219 1882 3247 111
1903 3210 1938 3248 111
1958 3222 2102 3247 arenam
2129 3206 2372 3252 descenderet.

325 3284 572 3316 Anomoeorum
589 3294 723 3317 errores
744 3280 910 3331 impetere
928 3295 1029 3318 orsus
1048 3289 1098 3318 est
1113 3311 1122 3328 ,
1140 3279 1255 3318 amieo
1273 3288 1387 3316 tamen
1402 3279 1543 3325 animo,
1564 3289 1633 3313 non
1652 3283 1689 3312 ut
1708 3273 1932 3311 adversarios
1951 3271 2093 3317 feriret,
2112 3267 2175 3308 sed
2199 3268 2368 3320 utjacen·

325 3350 375 3378 tes
392 3349 551 3389 erigeret.

376 3400 574 3440 Secundam
595 3411 714 3439 contra
739 3405 923 3439 Annum-os
944 3404 1129 3441 homiliam
1152 3403 1360 3455 interposito
1391 3401 1585 3439 multorum
1608 3398 1749 3436 dierum
1776 3395 1892 3449 spatio
1913 3392 2161 3447 pronuntiavit
2182 3408 2188 3428 :
2211 3390 2366 3444 plurima

319 3463 417 3502 enim
436 3461 729 3513 Chrysostomum
748 3476 764 3497 a
783 3461 956 3499 destinato
975 3478 1080 3500 cursu
1105 3463 1371 3515 interpellarunt
1391 3479 1399 3498 .·
1418 3470 1536 3500 contra
1561 3459 1708 3499 suda-os
1729 3471 1852 3509 nempe
1872 3455 1992 3494 habita
2010 3485 2018 3497 ,
2035 3467 2146 3504 eaque
2171 3451 2364 3491 admodum
