2513 3871
369 253 391 277 f

366 270 458 299 022
789 264 828 294 S·
867 264 1054 295 JOANMS
1090 262 1332 293 CllllYSOST.

369 365 425 388 ras
447 379 456 397 ‚
479 349 539 400 qui
571 348 727 386 maxime
745 347 908 385 omnium
937 359 1000 384 nos
1026 344 1196 383 laudibus
1225 342 1324 396 apud

375 418 561 457 universos
574 416 702 455 efferre
720 415 822 454 soloe.
842 414 950 462 Quod
972 421 1089 452 autem
1108 426 1176 451 non
1197 412 1324 451 mode·

367 485 442 524 stioe
458 498 562 523 causa
574 483 625 522 sic
637 483 780 535 loquar,
797 482 982 521 recordare
993 480 1131 533 quoties
1141 479 1208 518 tibi
1222 478 1326 518 dixe·

370 553 452 598 rim,
471 550 662 590 cumidem
678 564 794 589 sermo
814 563 907 602 saepe
931 549 1023 586 inter
1047 561 1110 586 nos
1129 545 1323 596 incideret,

367 619 396 657 si
413 618 511 671 optio
531 617 621 656 mihi
639 616 802 667 daretur,
814 615 959 654 ubinam
975 613 1089 666 magis
1099 611 1325 667 splendesce-

370 699 406 723 re
438 684 582 730 vellem,
603 684 638 721 in
660 682 871 723 Ecclesiazne
890 682 1115 735 praefectura,
1132 694 1177 719 an
1196 680 1231 718 in
1252 694 1329 718 mo-

371 751 505 790 nastica
522 750 621 800 vita,
644 764 699 789 me
718 750 818 803 prius
848 748 941 788 illud
970 747 1052 787 vitae
1086 760 1196 799 genus
1228 746 1327 785 mille

368 817 516 857 calculis
532 817 814 870 antepositurum
830 832 837 852 :
857 829 968 867 neque
987 814 1084 853 enim
1100 815 1206 852 linem
1224 814 1328 852 sacie-

370 884 454 923 bam
475 898 646 935 umquam
674 897 733 922 eos
763 881 860 935 apud
878 891 912 920 te
930 879 1163 934 suspiciendi,
1183 879 1243 931 qui
1265 879 1329 918 illo

1376 261 1582 292 anctum&
1622 260 1980 291 CONSTAnTtNOP.

1398 344 1489 393 μίοις
1523 343 1679 395 ἐπαίρειν
1716 343 1814 396 παρὰ
1843 350 1950 382 πᾶσιν
1971 342 2111 386 εἰωθώς.
2135 342 2204 380 Καὶ
2232 342 2285 380 ὅτι
2318 356 2359 392 γε
2383 342 2420 380 οὐ

1399 411 1594 462 μετριάζων
1637 415 1748 450 ταῦτα
1793 411 1886 462 λε’γω
1919 412 1999 457 νῦν,
2032 409 2233 460 ἀνάμνησον
2273 407 2398 447 σαυτὸν
2413 437 2423 454 ,

1398 478 1519 522 ὁσάκις
1564 472 1660 518 εἷπον
1700 479 1786 530 πρὸς
1822 478 1880 525 σὲ,
1909 477 2014 528 λόγου
2057 476 2211 515 τοιούτω
2240 475 2425 527 γενομένου

1399 546 1567 590 πολλάκις
1593 549 1696 596 ἡμῖν·
1721 545 1797 593 ὅτι,
1833 545 1865 584 εἴ
1891 560 1942 589 τις
1978 542 2109 595 αἵρεσίν
2135 557 2195 594 μοι
2229 541 2426 594 προυτίθει,

1400 619 1466 655 ποῦ
1488 617 1621 667 μᾶλλον
1650 615 1841 668 βουλοίμην
1880 615 2096 664 εὐδοκιμεῖν,
2126 615 2161 651 ἐν
2191 614 2234 664 τῇ
2257 613 2321 658 τῆς
2341 611 2427 650 Ἐκ·

1399 685 1548 734 κλησίας
1567 684 1779 738 προστασία,
1797 683 1820 730 ἢ
1841 683 1931 722 κατὰ
1959 683 2017 722 τὸν
2045 686 2114 722 τῶν
2150 683 2314 734 μοναχῶν
2334 681 2426 732 βίον,

1401 756 1542 808 μυρίαις
1560 755 1601 793 ἄν
1620 755 1748 807 ψήφοις
1769 754 1808 793 τὸ
1827 754 1993 805 πρότερον
2023 753 2195 803 ἐδεξάμην
2225 751 2349 803 ἔγωγε.
2371 752 2425 790 Οὐ

1399 825 1468 878 γὰρ
1487 825 1642 864 διέλιπόν
1669 839 1753 863 ποτε
1785 823 1988 875 μακαρίζων
2017 823 2103 875 πρὸς
2131 822 2168 862 σὲ
2192 821 2269 864 τοὺς
2296 821 2427 866 ἐκείνης

1401 897 1462 941 τῆς
1494 894 1670 936 διακονίας
1707 895 1902 946 προστῆναι
1941 893 2146 939 δυνηθέντας
2179 893 2309 934 καλῶς.
2341 889 2427 929 Ὅτι

376 950 573 989 mini³¹0fl⁰
603 949 715 1002 ΡΙὈῘΝΞ
743 949 844 999 fungi
890 956 1043 1000 P0530m·
1071 945 1177 993 Quod
1207 955 1328 984 amem
1343 940 1437 1006 ⁴1⁷6&
1459 963 1547 1016 ὅπερ
1569 964 1780 1018 ἐμακάριζον
1797 994 1806 1009 ,
1825 966 1886 1003 οὐκ
1903 963 1943 1000 ἂν
1960 963 2097 1015 ἔφυγον,
2112 964 2239 1006 ἱκανῶς
2259 961 2348 1013 ἔχων
2367 975 2427 1011 με·

372 1017 464 1057 illud
474 1017 571 1070 quod
589 1018 676 1056 tanti
693 1016 867 1054 faciebam
884 1029 953 1054 non
975 1015 1224 1053 declinaturus
1242 1014 1329 1051 suis-

371 1098 466 1131 sem,
487 1084 515 1122 si
539 1082 645 1122 modo
666 1083 733 1121 rite
753 1080 1041 1120 administrando
1063 1095 1129 1134 par
1152 1080 1296 1118 fuissem
1317 1109 1326 1124 ,

372 1163 475 1189 nemo
492 1150 685 1202 negaverit.
700 1151 838 1187 Verum
851 1148 939 1200 quid
950 1147 1106 1186 faciam?
1120 1147 1219 1186 Nihil
1234 1147 1329 1185 enim

374 1216 492 1253 minus
511 1225 632 1268 aptum
657 1215 704 1253 ad
732 1215 900 1253 Ecclesia:
927 1215 1171 1266 prwl'ecturam
1191 1244 1201 1262 ,
1223 1227 1329 1264 quam

374 1279 535 1319 socordia
568 1290 601 1318 et
629 1279 765 1317 incuria
782 1294 916 1331 ,quam
945 1279 1006 1317 alii
1039 1279 1326 1317 exercitationem

372 1347 565 1399 quamdam
590 1345 841 1385 admirabilem
856 1360 931 1386 esse
967 1355 1093 1399 putant
1118 1361 1125 1384 :
1149 1361 1214 1399 ego
1249 1362 1332 1386 vero

375 1414 478 1452 illam
497 1428 559 1452 ceu
581 1414 741 1453 velamen
759 1413 910 1465 ignaviae
926 1427 1013 1452 meae
1032 1413 1146 1453 babeo
1158 1446 1170 1466 ‚
1183 1429 1253 1466 qua
1266 1414 1334 1453 de-

375 1482 532 1520 fectuum
554 1494 716 1520 meorum
737 1489 873 1533 partem
893 1480 1089 1519 maximam
1108 1481 1250 1533 obtego‚
1271 1496 1335 1520 ne-

377 1561 444 1599 que
470 1561 544 1586 sese
568 1546 718 1600 prodere
746 1547 874 1600 patior.
886 1548 977 1586 Nam
993 1548 1055 1598 qui
1075 1557 1173 1586 tanto
1193 1557 1243 1586 est
1263 1548 1334 1586 otio

377 1624 410 1652 et
444 1623 550 1652 tantae
564 1614 674 1665 quieti
693 1614 1117 1664 assuetus‚quantumvis
1139 1628 1264 1666 magua
1285 1615 1331 1653 sit

378 1681 550 1733 praeditus
570 1681 703 1731 indole,
725 1680 863 1733 peritia)
888 1681 1026 1719 defectu
1049 1680 1170 1719 statim
1190 1690 1332 1733 pertur-

377 1750 483 1788 batur
498 1758 532 1787 et
550 1749 695 1801 angitur
709 1778 718 1796 ,
738 1762 778 1786 ae
799 1761 866 1785 non
888 1748 1072 1786 minimam
1092 1747 1239 1786 virtutis
1259 1750 1335 1800 ejus

378 1826 514 1869 partem
534 1825 665 1855 resecat
684 1815 948 1854 exercitationis
963 1815 1095 1867 inopia.
1107 1816 1198 1854 Cum
1214 1824 1333 1854 autem

380 1883 487 1922 simul
507 1892 539 1921 et
560 1881 727 1920 tardioris
747 1881 878 1933 ingenii
897 1890 931 1919 et
951 1881 1145 1919 verborum
1166 1881 1335 1919 certami-

381 1963 536 2001 numque
568 1947 782 2000 hujusmodi
812 1961 939 2000 expers
971 1946 1076 1986 suerit
1095 1977 1105 1996 ‚
1141 1960 1219 1997 quse
1254 1961 1336 1985 sanc

381 2023 498 2053 nostra
520 2013 680 2052 conditio
696 2023 790 2062 est‚a
813 2013 996 2066 lapidibus
1019 2012 1110 2051 nihil
1127 2013 1291 2061 differet,
1308 2015 1335 2052 si

381 2081 472 2120 lianc
499 2080 670 2133 suscipiat
701 2078 1061 2117 administrationem.
1093 2078 1336 2125 Quamobrem

383 2149 485 2202 pauci
503 2147 701 2187 admodum
712 2156 810 2193 sunt,
824 2147 941 2197 quiex
956 2147 1119 2198 palaestra
1133 2146 1195 2184 illa
1210 2146 1244 2184 in
1262 2146 1338 2185 lime

382 2215 574 2254 certamina
588 2214 806 2254 descendant
822 2230 829 2251 :
847 2228 892 2252 ex
909 2213 952 2251 iis
967 2228 1050 2252 vero
1071 2214 1272 2267 complures
1286 2229 1339 2253 se-

384 2299 419 2322 se
436 2284 560 2334 quales
576 2284 643 2321 sint
665 2282 836 2334 produnt,
854 2282 976 2320 animo
994 2281 1199 2330 concidunt,
1216 2296 1341 2334 resque

382 2361 415 2389 ct
435 2352 591 2401 ingratas
609 2360 643 2388 et
671 2350 816 2388 acerbas
835 2351 926 2388 serre
953 2357 1143 2400 coguntur.
1160 2350 1283 2399 Neque
1303 2348 1340 2387 id

384 2418 517 2456 mirum
536 2418 734 2456 insolensve
750 2426 812 2455 est.
825 2417 915 2454 Cum
927 2417 1020 2454 enim
1037 2416 1226 2455 certamina
1242 2430 1345 2455 exer·

387 2486 643 2538 vitationesque
657 2499 724 2523 non
736 2485 829 2523 circa
846 2499 900 2523 res
916 2485 1038 2523 solitas
1052 2494 1254 2532 versantur,
1267 2493 1341 2522 tum

386 2553 485 2603 isqui
499 2552 655 2591 decertat
669 2551 715 2590 ab
736 2550 974 2589 inexercitatis
997 2550 1086 2588 nihil
1108 2550 1241 2589 dissert.
1255 2551 1343 2589 Glo-

388 2619 476 2657 1iam
501 2620 534 2657 in
555 2618 683 2672 primis
701 2626 902 2656 contemnat
917 2625 1054 2669 oportet
1071 2616 1114 2666 is,
1135 2617 1195 2668 qui
1220 2616 1254 2654 in
1274 2617 1342 2655 lioc

389 2685 547 2723 stadium
572 2683 773 2732 descendit,
793 2683 842 2721 ira
874 2682 1038 2735 superior
1063 2683 1107 2721 sit
1125 2712 1136 2729 ,
1154 2682 1342 2735 prudentia
1370 2693 1395 2725 c

395 2753 520 2800 plenus
537 2750 764 2798 multa5buic
783 2758 902 2788 autem
923 2748 985 2800 qui
1011 2748 1242 2787 monasticam
1265 2763 1344 2787 am-

392 2819 555 2870 plectitur
577 2818 700 2867 vitam‚
722 2816 817 2855 nulla
835 2815 1099 2854 exercitationis
1112 2815 1249 2854 occasio
1265 2830 1344 2869 pro-

393 2886 536 2937 ponitur
554 2902 561 2922 :
579 2900 692 2936 neque
726 2884 818 2922 enim
853 2882 983 2922 adsunt
1005 2883 1107 2921 multi
1128 2912 1138 2930 ,
1158 2883 1219 2935 qui
1242 2883 1346 2921 illum

391 2952 435 2990 ad
458 2953 544 2989 iram
561 2953 749 2998 concitent,
768 2959 804 2988 nt
823 2950 882 2988 ira:
900 2950 971 2988 vim
994 2963 1154 2988 coercere
1172 2948 1313 2988 studeat
1335 2961 1345 2986 τ

397 3033 509 3069 neque
525 3020 584 3070 qui
611 3019 713 3057 illum
730 3018 928 3061 mirentur,
946 3017 1085 3069 ipsique
1103 3016 1290 3069 plaudant,
1313 3025 1350 3054 ut

394 3085 599 3136 popularem
629 3098 751 3121 auram
782 3083 954 3135 respicere
979 3081 1091 3120 discat
1115 3096 1125 3121 t
1149 3082 1350 3135 prudentia?

396 3160 526 3195 ..uu-m,
537 3164 615 3200 qua·
632 3149 666 3188 in
683 3150 838 3187 Ecclesia
851 3149 1130 3188 administranda
1143 3149 1346 3201 requiritur,

398 3232 462 3253 nnn
485 3231 608 3265 magua
631 3217 726 3268 apud
749 3217 827 3254 illos
843 3231 925 3255 cura
946 3217 1106 3256 liabetur.
1124 3221 1214 3256 Cum
1229 3218 1338 3266 igitur

446 3384 454 3394 ¹
485 3372 539 3403 &lot
560 3379 688 3409 ι”,ι-Οιις,

444 3427 457 3448 ¹·
485 3424 644 3456 Atinam-1
663 3440 702 3461 -ι,.
724 3424 813 3455 lust..
837 3426 937 3457 b-uss.
960 3434 987 3455 vt
1008 3426 1131 3468 nlnpmt
1153 3428 1227 3458 313⁸.
1257 3444 1286 3459 τι
1311 3452 1319 3461 .

1402 1036 1532 1073 τελΟεῖν
1547 1064 1558 1084 ,
1578 1035 1686 1078 οὐδεὶς
1719 1036 1866 1086 ἀντερεῖ.
1887 1033 1992 1073 Ἀλλὰ
2017 1033 2051 1071 τί
2083 1032 2206 1079 mmm
2223 1029 2334 1069 θῦδὲν
2360 1029 2427 1081 γὰρ

1401 1105 1508 1150 οὕτως
1557 1105 1734 1157 ἄχρηστον
1779 1107 1827 1149 εἷς
1866 1103 2081 1150 Ἰἰκκλησίας
2124 1101 2340 1156 προστασίαν
2383 1101 2430 1142 ὡς

1402 1173 1489 1218 αὐτὴ
1511 1177 1533 1220 ἢ
1552 1174 1658 1224 ἀργία
1676 1174 1734 1211 καὶ
1753 1178 1775 1220 ἠ
1797 1173 2028 1223 ἀμελετησία,
2046 1173 2088 1218 ἣν
2107 1171 2217 1224 ἕτεροι
2238 1171 2301 1221 μὲν
2323 1170 2428 1215 ἀσκη-

1402 1243 1456 1281 σίν
1478 1260 1557 1282 τινα
1586 1244 1793 1294 (θαυμαστὴν
1817 1238 1906 1282 εἶναι
1935 1243 2151 1293 νομίζουσιν·
2171 1243 2241 1294 ἐγὼ
2268 1243 2303 1280 δὲ
2322 1242 2430 1288 αὐτὴν

1403 1316 1557 1368 ὡσπερεὶ
1584 1316 1850 1368 παραπέτασμα
1870 1319 1932 1362 τῆς
1953 1316 2082 1360 οἰκείας
2105 1316 2177 1368 ἔχω
2197 1314 2431 1367 φαυλότητος,

1404 1389 1447 1426 τὰ
1467 1389 1611 1429 πλείονα
1641 1391 1710 1427 τῶν
1743 1389 2002 1442 ἐλαττωμάτων
2031 1391 2101 1428 τῶν
2136 1390 2289 1440 ἐμαυτοῦ
2318 1386 2430 1438 ταύτῃ

1403 1463 1656 1516 συγκαλύπτων
1674 1494 1683 1511 ,
1709 1465 1768 1503 καὶ
1787 1466 1849 1504 οὐκ
1880 1466 1946 1504 ἐῶν
1978 1463 2173 1516 φαίνεσθαι.
2203 1462 2250 1502 Ὀ
2271 1462 2338 1515 γὰρ
2357 1462 2431 1500 ’ἕν-

1405 1538 1550 1582 εΟισΟεὶς
1583 1537 1755 1586 τοσαύτης
1786 1536 1974 1577 ἀπολαύειν
2005 1536 2299 1589 ἀπραγμοσύνης,
2318 1534 2377 1574 καὶ
2398 1536 2432 1573 ἐν

1405 1613 1536 1665 ἡσυχία
1565 1612 1698 1664 διάγειν
1729 1614 1859 1663 πολλῇ,
1878 1612 1942 1650 κᾶν
1973 1604 2171 1662 μεγάληςῇ
2196 1608 2348 1661 φύσεως,
2367 1609 2433 1647 ὑπὸ

1405 1687 1468 1731 τῆς
1487 1683 1705 1731 ἀνασκησίας
1733 1684 1931 1737 Οορυὸεἷται
1961 1684 2019 1722 καὶ
2039 1683 2271 1735 ταράττεται,
2287 1683 2346 1721 καὶ
2371 1685 2434 1728 τῆς

1406 1757 1535 1802 οἰκείας
1568 1757 1746 1809 δυνάμεως
1778 1758 1984 1811 περικόπτει
2013 1758 2115 1809 μέρος
2156 1758 2195 1795 οὗ
2231 1757 2355 1808 μικρὸν
2395 1757 2434 1793 τὸ

1407 1831 1641 1883 ἀγύμναστον.
1670 1830 1788 1870 οΟταν
1833 1831 1868 1870 δὲ
1898 1834 1986 1881 ὁμοῦ
2015 1830 2074 1868 καὶ
2108 1827 2271 1881 βραδείας
2307 1822 2330 1879 ἦ
2360 1828 2434 1865 δια-

1407 1905 1516 1953 νοίας,
1535 1905 1594 1943 καὶ
1615 1906 1684 1942 τῶν
1703 1904 1865 1944 τοιούτων
1886 1904 2000 1955 λόγων
2021 1904 2081 1942 καὶ
2097 1902 2242 1955 ἀγώνων
2272 1903 2433 1955 ἄπειρος,

1409 1982 1510 2017 τοῦτο
1537 1978 1578 2025 δὴ
1603 1977 1643 2016 τὸ
1674 1977 1864 2029 ἡμέτερον,
1892 1979 1961 2014 τῶν
1994 1977 2133 2019 λιθίνων
2165 1976 2262 2015 οὐδὲν
2289 1975 2432 2019 διοίσει,

1409 2051 1538 2097 ταύτην
1573 2051 1757 2102 δεξάμενος
1788 2049 1852 2096 τὴν
1889 2049 2103 2100 οἰκονομίαν.
2133 2049 2201 2087 Διὰ
2235 2053 2336 2088 τοῦτο
2368 2050 2435 2086 τῶν

1409 2123 1443 2169 ἐξ
1464 2123 1597 2171 ἐκείνης
1617 2124 1816 2176 ἐρχομένων
1834 2124 1898 2168 τ’ἧς
1916 2121 2136 2175 παλαίστρας
2160 2123 2207 2166 εἷς
2234 2122 2311 2166 τοὺς
2337 2124 2435 2173 ἀγῶ-

1411 2213 1470 2241 νας
1502 2197 1642 2240 τούτους
1662 2197 1773 2247 ὀλίγοι
1793 2195 2051 2248 διαφαίνονται·
2068 2197 2099 2235 οἱ
2125 2195 2159 2235 δὲ
2180 2195 2318 2239 πλείους
2340 2195 2439 2246 ἐλέγ-

1411 2285 1534 2321 χονται
1570 2270 1630 2308 καὶ
1669 2269 1956 2315 καταπίπτουσι,
1983 2269 2043 2307 καὶ
2074 2269 2268 2321 πράγματα
2300 2269 2437 2319 ὑπομέ-

1413 2358 1527 2381 νουσιν
1544 2343 1636 2389 ἀηδῆ
1657 2342 1717 2380 καὶ
1744 2342 1897 2394 χαλεπά.
1924 2342 1995 2381 Καὶ
2022 2341 2120 2382 οὐδὲν
2148 2343 2302 2386 ἀπεικός.
2324 2341 2439 2381 Ὅταν

1415 2408 1484 2460 γὰρ
1508 2408 1557 2459 μὴ
1589 2409 1669 2461 περὶ
1695 2411 1765 2447 τῶν
1795 2409 1913 2447 αὐτῶν
1927 2408 1962 2446 οἵ
1990 2424 2027 2447 τε
2058 2410 2189 2460 ἀγῶνες
2209 2402 2277 2449 ὦσι
2305 2409 2365 2448 καὶ
2397 2410 2441 2448 τὰ

1415 2476 1620 2527 γυμνάσια,
1652 2477 1721 2514 τῶν
1753 2476 1986 2526 ἀγυμνάστων
2014 2480 2032 2516 ὁ
2061 2477 2313 2528 ἀγωνιζόμενος
2346 2477 2442 2515 οῦδὲν

1417 2543 1609 2595 διενήνοχε.
1642 2541 1750 2588 Δόξης
1780 2542 1934 2592 μάλιστα
1967 2544 2016 2582 δεῖ
2047 2548 2277 2595 καταφρονεῖν
2307 2543 2365 2582 τὸν
2396 2544 2443 2585 εἰς

1417 2614 1518 2649 τοῦτο
1550 2610 1739 2663 ἐρχόμενον
1759 2610 1798 2647 τὸ
1819 2609 1978 2656 στάδιον,
2005 2611 2110 2661 ὀργῆς
2139 2608 2310 2662 ἀνώτερον
2335 2602 2446 2656 εἶναι,

1419 2677 1587 2721 συνέσεως
1619 2677 1784 2727 ἔμπλεων
1823 2677 1965 2722 πολλ’ἧς.
1987 2675 2113 2727 Τούτῳ
2147 2676 2181 2715 δὲ
2213 2678 2263 2729 τῷ
2295 2677 2352 2716 τὸν
2384 2693 2444 2728 μο-

1418 2746 1507 2797 νήρη
1541 2746 1720 2797 στέργοντι
1749 2743 1822 2795 βίον
1855 2741 2027 2792 ''offitia-ia
2058 2743 2252 2795 γυμνασίας
2285 2743 2445 2787 ὑπόθεσις

1420 2815 1614 2868 πρόκειται.
1644 2813 1738 2864 Οὔτε
1773 2811 1840 2864 γὰρ
1872 2811 1947 2855 τοὺς
1985 2812 2238 2864 παροξύνοντας
2262 2811 2337 2866 ἔχει
2363 2813 2445 2851 πολ·

1421 2881 1520 2928 λοὺς,
1546 2880 1601 2918 ἵνα
1632 2880 1809 2932 μελετήσῃ
1836 2879 1993 2922 κολάζειν
2026 2884 2084 2918 τοῦ
2106 2883 2215 2930 θυμοῦ
2245 2879 2308 2928 τὴν
2339 2879 2445 2919 δύνα-

1424 2965 1505 3000 μιν·
1526 2949 1604 2987 οὔτε
1635 2947 1712 2989 τοὺς
1753 2949 2006 2999 μακαρίζοντας
2035 2948 2095 2986 καὶ
2131 2951 2361 2999 κροτοῦντας,
2385 2947 2446 2986 ἵνα

1423 3018 1592 3067 παιδευθῇ
1629 3016 1705 3057 τοὺς
1743 3014 1839 3066 παρὰ
1882 3017 1950 3052 τῶν
1991 3017 2128 3054 πολλῶν
2165 3013 2344 3053 διαπτύειν
2379 3010 2445 3054 ὧδε

1423 3084 1595 3126 ἐπαίνους·
1614 3086 1675 3129 τ’ἦς
1702 3098 1738 3121 τι
1766 3084 1800 3120 ἐν
1832 3088 1907 3125 ταῖς
1929 3081 2157 3126 Ὶίκκλησίαις
2189 3081 2448 3131 ἀπαιτουμένης

1425 3151 1591 3193 συνέσεως
1617 3150 1655 3187 οὗ
1685 3147 1791 3191 πολὺς
1814 3150 1927 3190 αὐτοῖς
1952 3151 1970 3186 ὁ
1996 3149 2106 3198 λόγος.
2123 3147 2235 3185 ”()τιν
2256 3141 2313 3185 οὖν
2333 3148 2445 3187 oom-

1425 3235 1477 3256 σιν
1498 3222 1544 3263 εἰς
1564 3218 1639 3260 τοὺς
1670 3219 1803 3267 ἀγῶνας
1818 3248 1826 3262 ,
1851 3210 1897 3253 ism
1926 3217 1973 3264 μθ·
2003 3215 2260 3264 μεμελετήκασι
2284 3213 2346 3260 τὴν
2365 3220 2443 3252 mi·
