2549 3825
752 254 808 282 DE
844 252 1209 291 COMPUNCTIONE,
1253 253 1626 285 AD-DmtETfflUM.
1667 256 1751 284 ΗΒ.
1791 257 1821 285 Ι.
2218 240 2296 286 151

264 342 341 380 σαῖς
374 335 520 387 ἀμείὸου
537 362 548 380 ,
569 334 660 374 ὥστε
685 339 699 355 ‘³
720 339 805 385 ἡμῖν
826 334 886 372 καὶ
910 335 968 372 τὸν
991 337 1064 385 βίον
1089 336 1283 384 ὀρθωθῆναι

261 400 321 434 τοῦ
338 398 472 442 λοιποῦ,
491 397 551 434 καὶ
568 398 603 434 ἐν
623 398 673 447 τῷ
691 395 839 447 παρόντι
862 394 1050 441 δυνηθῆναί
1073 410 1108 432 τι
1127 400 1282 445 γενναῖον

261 458 389 502 εἰπεῖν,
406 456 466 495 καὶ
485 456 602 495 ἱκανὸν
619 455 681 500 τάς
697 472 736 494 τε
751 456 915 506 κειμένας
935 457 1128 502 ἀναστῆσαι
1141 456 1200 492 καὶ
1221 455 1283 499 τὰς

259 518 472 570 παρειμένας
497 518 697 570 ε’πισερίγξαι
713 517 773 556 καὶ
796 519 1030 569 συγκροτῆσαι
1047 515 1173 569 ψυχάς.
1203 516 1281 554 Πό-

259 582 314 617 θεν
334 574 392 617 οἰῖν
413 583 512 631 ἡμῖν,
541 580 644 617 πόθεν
671 577 814 632 ἀρκτέον
832 578 952 616 τούτου
974 581 1033 615 τοῦ
1053 577 1156 640 λόγου
1173 593 1183 623 ;
1205 577 1282 615 τίνα

260 642 354 692 αὐτῷ
375 642 531 691 θεμέλιον
549 670 560 690 ,
592 639 695 678 ποίαν
723 640 879 692 κρηπῖδα
900 639 1050 689 θήσομεν
1060 655 1070 686 ;
1103 640 1149 676 'H
1177 639 1280 684 δῆλον

257 701 312 739 ὅτι
337 706 398 740 τοῦ
426 703 578 754 Χριστοῦ
605 701 649 739 τὰ
677 701 838 753 ῥήματα,
870 702 914 738 δι’
941 694 990 737 ῶν
1008 699 1184 744 ταλανίζει
1216 698 1278 750 μὲν

255 759 334 804 τοὺς
352 762 538 811 γελῶντας,
559 761 593 798 ἐν
616 760 653 798 δὲ
672 766 744 804 τοῖς
764 759 1055 811 μακαριζομένοις
1068 758 1185 804 τίθησι
1202 757 1280 801 τοὺς

258 825 484 869 πενθοῦντας,
504 822 631 859 οὑτωσὶ
646 821 756 872 λέγων
773 837 780 844 ·
802 821 983 871 Μακάριοι
1001 822 1033 857 οἱ
1055 822 1258 862 πενθοῦντες
1270 849 1279 866 ,

256 881 311 920 ὅτι
337 882 435 920 αὐτοὶ
460 882 794 932 παρακληθήσονται
813 897 822 904 ·
842 881 922 928 καὶ,
948 880 1039 919 Οὐαὶ
1060 883 1092 918 οἱ
1111 881 1280 931 γελῶντες

256 947 315 980 νῦν
330 972 339 988 ,
355 943 409 981 ὅτι
428 942 617 988 πενθήσετε
630 943 690 981 καὶ
710 942 892 981 κλαύσετε.
911 942 980 980 Καὶ
1004 942 1099 992 μάλα
1116 941 1257 985 εἰκότως
1271 956 1279 963 ·

256 1003 400 1047 πένθους
426 1004 494 1056 γὰρ
513 1006 673 1051 ἀληθῶς,
698 1003 841 1047 πένθους
860 1004 920 1042 καὶ
944 1005 1134 1055 ὀδυρμῶνὸ
1156 1002 1278 1054 παρὼν

255 1065 348 1108 ἅπας
374 1065 493 1118 καιρός
512 1080 520 1087 ·
535 1065 679 1112 τοιαύτη
706 1064 867 1117 συμφορὰ
887 1065 950 1111 τὴν
979 1064 1183 1114 οἰκουμένην
1207 1080 1277 1102 κα-

254 1126 413 1178 τείληφεν
444 1126 585 1164 ἅπασαν
599 1157 608 1174 ,
628 1130 772 1164 τοιαῦτα
797 1127 954 1169 ἅπαντας
981 1124 1183 1178 ἀνθρώπους
1202 1142 1279 1165 συν-

255 1187 329 1238 έχει
348 1186 442 1225 κακοί
462 1203 470 1211 ·
492 1187 580 1240 ἅπερ
618 1187 651 1225 εἴ
680 1203 733 1232 τις
772 1187 862 1237 μετὰ
889 1187 1069 1239 ἀκριὸείας
1106 1186 1276 1232 ἐξετάζειν

254 1248 381 1296 ἐθέλοι,
402 1248 490 1301 εἴγε
517 1249 659 1287 δυνατὸν
693 1249 782 1300 μετὰ
803 1248 1007 1300 ἀκριὸείας,
1039 1251 1076 1286 οὐ
1102 1248 1276 1288 παύσεται

255 1308 459 1361 ὀδυρόμενος
474 1309 534 1348 καὶ
549 1313 683 1348 πενθῶν
703 1326 711 1334 ·
736 1309 844 1353 οὕτως
860 1309 998 1347 ἅπαντα
1015 1309 1278 1361 ἀνατέτραπται

253 1369 313 1406 καὶ
344 1370 557 1422 πγκέχυται
576 1400 586 1416 ,
613 1371 671 1409 καὶ
698 1373 822 1421 ἀρετ-ἧς
840 1370 934 1422 ἴχνος
958 1371 1121 1420 οὐδαμοῦ.
1143 1371 1213 1409 Καὶ
1239 1372 1278 1410 τὸ

255 1429 296 1475 δὴ
315 1430 581 1482 χαλεπιίιτερον,
614 1432 666 1469 ὅτι
695 1434 764 1469 τῶν
789 1431 1003 1483 συνεχόντων
1038 1434 1131 1480 ἡμᾶς
1160 1432 1277 1470 δεινῶν

255 1490 415 1537 αἴσθησιν
446 1491 524 1530 οὔτε
544 1492 640 1530 αὐτοὶ
659 1492 798 1544 ἔχομεν,
821 1491 899 1530 οὔτε
920 1492 1037 1535 ἄλλοις
1056 1492 1278 1545 παρέχομεν,

254 1551 333 1590 ἀλλ’
353 1551 516 1602 ἐοίκαμεν
533 1552 672 1602 σώματι
690 1551 812 1596 ἔξωθεν
830 1553 891 1603 μὲν
910 1555 1086 1600 ἀνθοῦντι,
1107 1556 1227 1605 πολλῷ
1244 1554 1279 1592 δὲ

252 1611 266 1633 ¹
286 1611 419 1650 ἔνδοθεν
439 1613 624 1666 τηκομένῳ
643 1613 726 1666 πυρί
744 1629 752 1637 ·
782 1617 843 1660 τῆς
863 1613 899 1651 δὲ
928 1615 1142 1665 ἀναλγησίας
1165 1616 1279 1654 ἕνεκεν

252 1672 347 1712 οὐδὲν
367 1677 436 1712 τῶν
448 1674 722 1726 παραπαιόντων
743 1675 993 1726 διενηνόχαμεν
1007 1706 1015 1719 ,
1033 1676 1066 1713 οἳ
1083 1676 1197 1714 πολλὰ
1218 1676 1279 1726 μὲν

251 1735 453 1773 ἐπικίνδυνα
477 1735 537 1773 καὶ
563 1735 694 1788 αἰσχρὰ
715 1736 774 1773 καὶ
803 1735 943 1787 λέγουσι
974 1736 1034 1774 καὶ
1065 1736 1280 1787 πράττουσιν

253 1796 379 1843 ἀδεῶς,
403 1795 626 1847 αἰσχύνονται
658 1797 694 1834 δὲ
712 1795 842 1834 τούτων
867 1796 982 1843 οὐδὲν,
1005 1797 1096 1836 ἀλλὰ
1115 1798 1175 1836 καὶ
1201 1799 1282 1836 ἐνα-

253 1856 437 1908 ὅρύνονται
452 1886 464 1904 ,
495 1857 554 1894 καὶ
573 1859 642 1895 τῶν
670 1857 936 1904 καθεστηκότων
959 1859 1091 1905 μᾶλλον
1115 1858 1279 1909 ὑγιαίνειν

251 1917 459 1968 νομίζουσιν.
486 1917 591 1956 Οὕτω
623 1917 664 1965 δὴ
693 1918 753 1956 καὶ
778 1921 901 1968 ἡμεῖς,
923 1919 966 1957 τὰ
1000 1921 1071 1956 τῶν
1091 1919 1279 1959 νοσούντων

252 1979 392 2018 ἅπαντα
416 1979 628 2032 πράττοντες
644 2010 653 2026 ,
675 1979 753 2018 οὐδὲ
781 1980 867 2019 αὐτὸ
885 1985 1005 2028 τοῦτο,
1023 1981 1076 2019 ὅτι
1095 1986 1278 2032 νοσοῦμεν,

251 2040 364 2090 ἴσμεν.
386 2040 479 2079 Ἀλλ’
500 2041 558 2079 ἐπὶ
589 2040 650 2092 μὲν
680 2044 741 2079 τοῦ
774 2042 960 2091 σώματος,
986 2042 1050 2080 κᾶν
1078 2042 1119 2080 τὸ
1139 2047 1156 2070 ⁸
1173 2042 1279 2094 τιχὸν

251 2105 345 2152 ἡμᾶς
373 2101 546 2153 ἐνοχλήσῃ
577 2102 704 2150 πάθος,
736 2102 796 2140 καὶ
826 2102 962 2154 ἰατροὺς
997 2104 1191 2153 καλοῦμεν,
1218 2103 1277 2141 καὶ

1306 1752 1330 1781 Ε

1355 345 1389 373 et
1409 336 1521 375 vitam
1547 338 1734 377 emendare
1754 348 1911 376 nostram
1925 368 1934 386 ‚
1956 349 1988 377 et
2009 339 2044 376 in
2062 340 2228 392 praesenti
2248 340 2303 376 di-

1355 412 1464 449 gnum
1474 400 1659 452 quidpiam
1674 404 1849 454 proferre,
1866 402 1965 453 quod
1980 404 2090 455 possit
2101 413 2136 441 et
2145 404 2306 455 jacentes

1355 472 1490 497 animas
1515 461 1674 511 erigere,
1696 473 1728 500 et
1749 465 1913 503 remissas
1936 465 2177 516 constringere
2196 464 2305 501 resti-

1355 527 1536 569 tuereque.
1572 522 1677 559 L'nde
1710 523 1820 573 igitur
1851 526 1978 572 nobis,
2014 525 2106 563 unde
2136 524 2307 562 sermonis

1354 579 1545 618 exordium
1564 583 1630 619 erit
1650 582 1791 628 .⁹Quod
1816 584 1869 621 illi
1895 586 2179 631 fundamentum,
2198 598 2306 635 quam

1355 641 1570 692 crepidinem
1599 657 1792 695 ponemus,
1820 645 1889 683 nisi
1917 647 2024 684 verba
2051 647 2213 693 Christi,
2244 646 2306 697 qui

1354 702 1501 741 miseros
1520 704 1689 755 praedicat
1709 720 1765 743 eos
1796 706 1855 756 qui
1893 706 2029 753 rident,
2048 707 2168 744 beatos
2187 716 2305 744 autem

1353 776 1412 800 eos
1431 764 1493 814 qui
1513 765 1656 816 lugent,
1681 766 1738 804 his
1758 766 1879 804 verbis
1895 769 2030 804 :Beati
2050 770 2117 817 qui
2148 769 2298 820 lugent,
2316 777 2427 830 'is‘mh'
2452 777 2483 806 5.

1355 829 1541 876 quonlam
1561 828 1633 877 ipsi
1652 827 1984 867 consolabuntur.-
1999 836 2053 875 et,
2078 829 2141 864 Vae
2165 832 2231 879 qui
2251 831 2302 865 ri·
2314 834 2344 859 -Ι-

1355 885 1452 922 detis
1473 900 1596 935 nunc,
1618 891 1804 939 quoniam
1826 889 2004 940 lugebitis
2020 888 2230 941 etflebitis.
2257 892 2307 926 Ac

1350 947 1432 998 jure
1446 946 1572 985 merito
1586 948 1730 999 quidem
1748 949 1888 987 :luctus
1904 950 1997 987 enim
2013 963 2115 997 vere,
2136 950 2252 987 luctus
2267 964 2306 987 ae

1353 1008 1551 1058 gemituum
1579 1018 1630 1046 est
1664 1018 1779 1048 totum
1807 1011 1990 1063 praesentis
2026 1011 2110 1048 vitae
2141 1020 2281 1064 tempus
2298 1028 2305 1047 :

1351 1076 1448 1105 tanta
1465 1069 1647 1108 calamitas
1663 1070 1871 1109 universum
1890 1072 2021 1110 invasit
2043 1072 2186 1119 orbem,
2211 1082 2308 1110 tanta

1350 1143 1471 1167 omnes
1487 1130 1650 1169 homines
1665 1130 1823 1170 detinent
1839 1133 1931 1170 mala
1945 1164 1954 1180 ‚
1974 1142 2012 1170 ut
2029 1133 2057 1170 si
2072 1133 2153 1183 quis
2171 1133 2254 1171 velit
2269 1148 2308 1171 ea

1351 1202 1515 1229 accurate
1539 1192 1772 1244 perpendere,
1800 1194 1828 1231 si
1850 1203 1966 1232 tamen
1996 1203 2158 1232 accurate
2177 1195 2307 1247 possit,

1350 1263 1545 1301 numquam
1564 1252 1670 1289 finem
1689 1252 1836 1303 lugendi
1854 1263 1887 1290 et
1905 1253 2129 1306 lacrymandi
2144 1255 2306 1293 facturus

1350 1314 1397 1351 sit
1414 1330 1424 1351 ε
1443 1315 1491 1352 ita
1506 1329 1632 1367 nempe
1645 1316 1762 1354 omnia
1776 1331 1896 1355 eversa
1922 1327 1956 1356 et
1972 1319 2116 1356 confusa
2136 1328 2237 1368 sunt,
2259 1320 2308 1357 ita

1352 1374 1492 1412 nullum
1509 1390 1661 1426 usquam
1683 1376 1828 1414 virtutis
1846 1378 2050 1429 vestigium.
2069 1378 2176 1424 Quod
2190 1389 2309 1417 autem

1351 1435 1457 1486 longe
1470 1437 1645 1475 infelicius
1658 1447 1724 1483 est,
1742 1451 1804 1475 nos
1815 1440 2064 1491 occupantium
2078 1440 2253 1478 malorum
2265 1454 2309 1478 ne

1353 1511 1493 1535 sensum
1513 1498 1657 1549 quidem
1689 1500 1747 1536 vel
1767 1499 1964 1547 habemus,
1987 1501 2044 1538 vel
2066 1501 2145 1538 aliis
2166 1502 2307 1553 praebe-

1353 1571 1456 1604 mus;
1481 1559 1542 1596 sed
1564 1559 1698 1596 similes
1718 1574 1841 1597 sumus
1859 1562 1999 1613 corpori
2013 1562 2231 1600 extrinsecus
2247 1563 2306 1601 flo-

1355 1619 1443 1655 renti
1459 1649 1469 1666 ,
1492 1619 1707 1657 inu-insecus
1726 1635 1810 1659 vcro
1831 1621 1911 1672 igue
1931 1623 2136 1672 liquescenti
2153 1639 2161 1660 :
2176 1624 2309 1661 omnis-

1356 1692 1424 1728 que
1443 1693 1564 1717 sensus
1585 1690 1774 1732 expertes,
1800 1682 1888 1719 nihil
1912 1682 2114 1721 ditserimus
2143 1698 2162 1721 a
2191 1694 2308 1722 mente

1356 1741 1489 1790 captis,
1509 1740 1570 1789 qui
1589 1741 1702 1778 multa
1720 1742 1915 1792 periculosa
1932 1753 1965 1781 et
1985 1745 2103 1796 turpia
2121 1744 2196 1782 sine
2212 1754 2308 1782 metu

1355 1800 1481 1838 dicunt
1497 1809 1530 1838 et
1550 1802 1706 1849 faciunt,
1723 1817 1784 1840 nec
1802 1803 1874 1841 ullo
1894 1805 2029 1856 pudore
2049 1815 2225 1855 tenentur,
2247 1806 2309 1844 sed

1355 1861 1574 1913 gloriantur,
1603 1862 1896 1914 adstantibusque
1924 1879 1959 1902 se
1987 1866 2218 1917 sapientiores
2235 1880 2309 1904 esse

1355 1932 1495 1975 putant.
1519 1924 1572 1960 Ita
1592 1933 1624 1961 et
1645 1938 1709 1961 nos
1723 1955 1731 1967 ,
1753 1938 1835 1962 cum
1856 1926 1972 1963 omnia
1992 1941 2070 1977 quae
2092 1937 2308 1978 :egrotorum

1355 1994 1436 2022 sunt
1451 1998 1618 2036 agamus,
1639 1999 1681 2022 ne
1696 1985 1764 2023 hoc
1776 1986 1892 2037 ipsum
1904 1986 2047 2037 quidem
2060 2019 2068 2032 ,
2085 1990 2177 2038 quod
2193 2004 2308 2041 :egro-

1354 2053 1468 2082 temus
1480 2075 1489 2092 ,
1506 2048 1651 2084 scimus.
1670 2050 1713 2084 At
1731 2048 1823 2084 enim
1840 2047 1937 2098 quod
1951 2048 1995 2086 ad
2013 2063 2142 2102 corpus
2157 2061 2305 2103 spectat,

1352 2106 1381 2143 si
1398 2106 1455 2144 vel
1469 2106 1558 2144 levis
1575 2107 1767 2145 infirmitas
1781 2107 1888 2154 adsit,
1907 2108 2064 2147 medicos
2077 2110 2306 2160 advocamus,

251 2162 419 2215 χρήματα
438 2162 671 2213 ἀναλίσκομεν
687 2192 697 2210 ,
713 2163 772 2201 καὶ
790 2163 976 2214 καρτερίαν
994 2164 1273 2213 ἐπιδεικνύμεθα,
1290 2190 1336 2216 1²2⁴
1351 2167 1519 2218 pecunias
1547 2168 1805 2221 impendimus,
1834 2171 2132 2221 perseverantiam
2159 2173 2305 2212 exbibe-

252 2223 311 2261 καὶ
338 2225 375 2262 οὗ
394 2224 560 2276 πρότερον
590 2224 834 2276 ἀφιστάμεθα,
868 2224 1008 2262 ἅπαντα
1046 2225 1274 2275 πράττοντες,
1300 2228 1327 2257 Α
1351 2241 1452 2275 mus,
1480 2241 1543 2268 nec
1568 2229 1669 2281 prius
1697 2230 1802 2267 finem
1832 2231 1950 2268 omnia
1979 2232 2107 2283 agendi
2128 2233 2301 2284 facimus,

252 2284 317 2329 ἕως
337 2285 376 2323 ἂν
395 2285 608 2336 ἀποθώμεθα
623 2286 662 2323 τὸ
679 2287 822 2324 λυποῦν·
836 2288 899 2332 τῆς
915 2286 951 2324 δὲ
971 2289 1086 2338 ψυχῆς
1106 2287 1275 2324 καθ’ἑκά-

253 2362 338 2393 στην
371 2347 504 2398 ἡμέραν
536 2347 766 2397 κεντουμένης
779 2377 788 2394 ,
809 2348 1100 2399 σπαραττομένης
1119 2354 1190 2390 τοῖς
1209 2348 1276 2386 ποί-

253 2411 327 2446 θισι
339 2413 409 2452 τοῖς
428 2414 640 2458 σωματικοῖς
653 2438 662 2454 ,
680 2408 886 2458 καιομένης,
901 2409 1199 2460 κρημνιζομένης,
1217 2410 1274 2448 καὶ

252 2469 368 2507 πάντα
402 2468 531 2521 τρόπον
570 2468 810 2516 ἀπολλυούσης
844 2469 971 2516 ἑαυτὴν
987 2499 996 2517 ,
1031 2470 1107 2509 οὐδὲ
1141 2470 1275 2524 βραχὺν

252 2529 378 2582 ἔχομεν
411 2529 526 2580 λόγον.
550 2529 602 2568 Τὸ
633 2530 670 2568 δὲ
691 2530 818 2578 αἴτιον,
846 2531 900 2569 ὅτι
930 2531 1086 2574 ἅπαντας
1118 2534 1139 2577 ἡ
1177 2532 1274 2575 νόσος

251 2590 440 2642 κατείληφε
457 2607 464 2614 ·
488 2591 548 2629 καὶ
568 2591 725 2642 καθάπερ
742 2591 799 2630 ἐπὶ
818 2594 887 2629 τῶν
908 2591 1110 2641 καμνόντων
1130 2592 1173 2629 τὰ
1198 2592 1272 2630 σώ-

253 2668 368 2702 ματα,
392 2654 422 2690 εἰ
437 2652 594 2702 συμὸαίη
620 2652 752 2702 μηδένα
771 2658 935 2706 παρεῖναι
958 2655 1026 2690 τῶν
1047 2653 1271 2702 ὑγιαινόντων

252 2716 368 2756 αὐτοῖς
385 2744 394 2761 ,
415 2713 512 2752 οὐδὲν
536 2714 577 2752 τὸ
601 2713 734 2752 κωλόον
766 2714 923 2757 ἅπαντας
952 2716 1000 2757 εἰς
1028 2714 1092 2760 τὴν
1123 2715 1275 2766 {quit-m

250 2780 461 2814 καταπεσεῖν
482 2774 630 2826 φθορὰν,
655 2775 800 2825 μηδενὸς
813 2777 932 2814 «αὐτῶν
953 2775 1015 2818 τὰς
1039 2775 1183 2827 ἀλόγους
1199 2779 1278 2814 ἑπι-

251 2835 376 2884 θυμίας
391 2837 599 2887 κατέχοντος
619 2851 626 2859 ·
647 2835 736 2874 οὕτω
753 2837 811 2874 καὶ
827 2835 881 2887 ἐφ’
894 2839 994 2887 ἡμῶν
1014 2836 1070 2874 διὰ
1089 2837 1128 2874 τὸ
1143 2837 1276 2886 μηδένα

251 2890 339 2933 εἶναι
371 2896 430 2934 τὸν
464 2897 663 2947 ὑγιαίνοντα
693 2900 854 2949 καθαρῶς
883 2899 918 2935 ἓν
942 2900 986 2948 τῇ
1021 2898 1158 2944 πίστει,
1185 2899 1275 2937 ἀλλὰ

249 2957 382 3000 πάντας
397 2959 589 3008 ἀρρωστεῖν
603 2988 613 3005 ‚
634 2957 712 3002 τοὺς
733 2958 794 3008 μὲν
818 2960 859 2996 ἐκ
880 2960 1037 3003 πλείονος
1051 2988 1061 3005 ,
1086 2959 1164 3002 τοὺς
1182 2960 1220 2997 δὲ
1243 2959 1275 3003 ἐξ
1297 2968 1319 2997 u

251 3017 430 3060 ἐλάττονος
449 3018 572 3071 μοίρας
587 3050 595 3066 ,
612 3020 720 3062 οὐδεὶς
739 3023 756 3058 ὁ
770 3022 840 3063 τοῖς
860 3020 1031 3070 κειμένοις
1047 3026 1060 3041 “’“
1081 3020 1273 3073 ἐξαρκέσων

250 3078 356 3118 ἐστίν.
377 3081 417 3118 lii
435 3079 500 3131 γάρ
520 3096 571 3124 τις
587 3081 708 3125 ἔξωθέν
726 3085 828 3119 ποθεν
847 3085 932 3131 ἡμῖν
952 3082 1095 3126 ἐπιστὰς
1111 3113 1119 3129 ,
1139 3084 1198 3120 καὶ
1216 3089 1274 3121 τοῦ

251 3142 404 3192 Χριστοῦ
431 3141 475 3179 τὰ
502 3142 776 3194 προστάγματα,
817 3143 875 3181 καὶ
909 3146 970 3189 τῆς
1001 3144 1178 3187 πολιτείας
1212 3147 1274 3189 τῆς

251 3201 423 3254 ἡμετέρας
450 3201 512 3249 τὴν
541 3202 705 3255 σύγχυσιν
723 3204 920 3254 καταμάθοι
943 3205 1078 3252 καλῶς,
1099 3207 1160 3243 οὐκ
1191 3199 1265 3243 οἶδα

1348 2302 1456 2338 quam
1490 2289 1738 2340 aegritudinein
1771 2290 1990 2343 deponamus
2007 2308 2016 2337 ς
2052 2294 2180 2331 animae
2216 2309 2301 2333 vero

1348 2350 1568 2400 quotidianis
1582 2351 1794 2389 vulneribus
1807 2353 1993 2395 conibssae,
2008 2352 2195 2407 discerptae
2218 2369 2299 2393 cor·

1352 2410 1466 2461 porcis
1478 2411 1738 2457 affectionibus,
1752 2411 1902 2457 adustae,
1918 2427 1980 2465 per
1995 2415 2188 2467 praecipitia
2203 2425 2301 2463 actm,

1347 2485 1388 2509 ac
1410 2471 1524 2508 modis
1546 2471 1714 2509 omuibus
1734 2474 1934 2524 pereuntis,
1956 2488 1999 2511 ue
2017 2475 2202 2513 minimam
2222 2477 2301 2527 qui-

1347 2532 1428 2569 dem
1448 2532 1623 2569 rationein
1644 2532 1831 2571 habemus.
1853 2533 1970 2585 liujus
1990 2544 2107 2572 autem
2128 2537 2176 2574 rei
2200 2550 2303 2574 causa

1346 2602 1414 2638 est,
1432 2592 1526 2643 quod
1548 2593 1691 2630 morbus
1711 2607 1831 2631 omnes
1851 2595 2044 2647 occuparit.
2067 2599 2116 2633 Ac
2135 2598 2303 2647 quemad·

1348 2653 1494 2691 niodum
1507 2684 1516 2698 ‚
1535 2654 1563 2690 si
1583 2653 1673 2690 inu-1·
1689 2667 1799 2703 aegros
1820 2668 1970 2706 corpore
1988 2670 2090 2694 ιιι-ιιιο
2110 2671 2214 2695 &inus
2231 2658 2299 2698 ad-

1346 2715 1410 2758 sit,
1425 2714 1513 2751 nihil
1531 2713 1678 2764 impedit
1693 2728 1761 2764 quo
1776 2715 1893 2751 miuus
1908 2729 2029 2754 omncs
2046 2718 2079 2754 iu
2097 2729 2297 2758 extremam

1347 2785 1449 2813 rii-'tut
1470 2775 1659 2827 perniciem
1673 2805 1682 2820 ,
1705 2775 1846 2812 neruiue
1865 2776 2027 2814 essm-nes
2048 2792 2171 2817 eorum
2193 2781 2299 2832 rupi-

1345 2837 1445 2874 diues
1471 2837 1680 2873 cohibente:
1714 2837 1763 2872 sir
1783 2846 1814 2873 et
1835 2837 1932 2889 apud
1965 2853 2045 2882 uos,
2072 2840 2167 2891 quod
2198 2855 2300 2880 neum

1347 2900 1496 2950 persi-rte
1516 2912 1621 2934 saum
1643 2898 1675 2934 iu
1697 2896 1766 2934 tidc
1787 2899 1852 2942 sit,
1873 2899 1933 2937 sed
1954 2914 2092 2944 omnes.
2117 2902 2177 2939 atii
2198 2903 2298 2954 plus,

1345 2960 1409 3001 alii
1428 2959 1545 2996 miuus
1567 2959 1805 3000 iustruit-utin.
1832 2972 1933 2996 nenio
1952 2970 2001 2998 est
2022 2961 2081 3012 qui
2100 2963 2299 3012 jacentibus

1345 3020 1554 3071 opituletur.
1578 3022 1665 3057 ,Ναιιι
1684 3020 1709 3056 si
1728 3019 1808 3070 quis
1822 3021 2044 3059 oxu-insecus
2061 3022 2229 3061 acu-dens
2241 3055 2250 3067 ‚
2266 3035 2299 3063 et

1345 3082 1476 3119 Clu-isti
1502 3091 1674 3132 pra-cvptu
1690 3112 1698 3124 ,
1729 3091 1760 3118 rt
1791 3095 1804 3118 x
1817 3081 1872 3118 itat-
1903 3093 2028 3120 uostrae
2058 3086 2297 3124 confusionem

1345 3144 1454 3195 prolu-
1468 3143 1631 3179 didicerit
1643 3172 1651 3185 ,
1668 3142 1782 3179 uestit·
1797 3157 1839 3179 ,ιιι
1854 3144 2039 3195 quospiam
2053 3146 2140 3183 alios
2155 3146 2297 3185 Christo

1345 3205 1558 3242 innuit-iores
1574 3234 1582 3246 ,
1601 3217 1707 3253 quam
1729 3218 1790 3240 uos
1810 3219 1884 3242 esse
1901 3204 2115 3245 arbitretur:
2137 3217 2183 3246 ita
2203 3209 2297 3246 euim

2319 863 2390 890 Luc.
2406 865 2437 893 6.
2454 862 2503 890 25.

299 3349 310 3361 ⁰
335 3348 403 3380 ἡμῖν
421 3340 512 3374 ‹lvi-nt
529 3341 670 3377 inColb.
692 3351 836 3377 tuntum.

238 3414 247 3426 ι
298 3398 304 3418 ¹
334 3392 430 3426 (iollt.
450 3398 539 3429 ἔνδον.

1334 3356 1347 3369 ⁴
1371 3342 1466 3375 (lull).
1496 3351 1637 3390 ἀρκύων.
1657 3344 1666 3386 Ι
1685 3345 1791 3387 Sul-ht
1820 3344 1900 3384 limc,
1922 3352 1951 3379 h
1980 3356 2014 3390 ri}
2045 3363 2151 3385 πιπτει,
2170 3350 2297 3380 nmini!

1291 3395 1409 3439 humil}

300 3457 313 3478 t
340 3453 424 3489 ‘rosta
441 3452 595 3490 mahtin
614 3453 715 3486 πάθος,
736 3450 779 3480 ³1¹·
803 3448 899 3482 (loll).
