2513 3871
169 745 234 772 Jer.
257 742 286 773 3.
303 742 334 772 3.

177 2483 206 2502 2.
229 2475 306 2502 Tim.
325 2482 352 2502 2.

183 2515 234 2544 25.
260 2515 310 2544 αὑ,

184 2720 295 2773 binah,

376 207 472 268 458

376 306 508 360 partim
534 303 659 343 saltem
678 301 724 341 ab
742 301 811 347 iis,
831 300 964 352 quibus
981 298 1201 343 detinemur,
1224 297 1330 336 malis

374 366 518 406 liberari
538 364 675 418 possint
695 379 703 401 ε
721 362 854 413 quibus
873 361 902 399 si
923 360 1046 399 statim
1068 359 1330 412 correptionem

374 429 543 474 inducas,
561 426 668 464 etiam
689 424 827 462 minore
846 421 907 460 illa
927 421 1175 460 emendatione
1201 420 1331 474 priva-

373 489 443 527 bis.
463 487 592 526 Anima
612 486 747 538 quippe
763 483 948 522 confestim
965 483 1000 522 in
1018 486 1186 521 ruborem
1200 492 1277 523 acta
1292 483 1328 522 in

374 549 608 588 indolentiam
624 548 772 594 labitur,
790 559 903 597 neque
919 545 1062 584 blandis
1075 555 1194 598 postea
1210 546 1330 585 verbis

374 620 486 664 paret,
509 625 622 662 neque
641 610 748 649 minis
768 610 944 653 flectitur,
967 623 1031 647 nec
1049 607 1232 646 beneficiis
1252 622 1330 647 mo-

373 682 500 722 vetur;
523 673 583 711 sed
604 672 716 710 multo
734 672 891 711 deterior
909 671 1064 710 eflicitur
1083 670 1143 709 illa
1164 670 1326 718 civitate,

371 749 480 787 quam
501 734 672 788 propbeta
693 734 902 788 vituperans
919 733 1065 772 dicebat
1088 750 1098 772 z
1122 735 1250 771 Facta
1270 742 1328 772 est

373 796 567 851 tibist-ons
579 799 801 843 meretricis,
811 797 919 849 apud
927 808 1058 834 omnes
1070 796 1330 834 Inverecunde

372 861 496 911 egisti.
517 858 694 906 Quocirca
713 858 826 896 multa
843 872 934 910 opus
948 867 999 896 est
1014 857 1149 910 pastori
1166 856 1329 909 pruden-

373 922 421 959 tia
436 934 477 959 ac
491 919 665 958 sexcentis
680 919 806 965 oculis,
823 928 863 957 ut
880 919 1037 970 undique
1050 918 1177 956 animae
1197 927 1329 957 statum

373 981 650 1034 circumspiciat.
678 979 992 1029 Quemadmodum
1022 980 1117 1018 enim
1153 981 1258 1019 multi
1293 980 1328 1019 in

373 1041 613 1094 arrogantiam
632 1041 857 1079 extolluntur
871 1051 905 1080 et
926 1041 960 1080 in
975 1042 1101 1080 salutis
1118 1056 1191 1080 suae
1206 1042 1332 1095 despe-
1354 1047 1378 1077 B

375 1105 546 1143 rationem
565 1101 741 1149 incidunt,
760 1100 856 1153 quod
873 1102 1054 1140 acerbiora
1075 1103 1231 1141 remedia
1252 1104 1328 1155 pati

375 1172 548 1215 nequeant
569 1179 576 1199 :
597 1162 644 1200 ita
663 1170 746 1200 sunt
767 1170 801 1199 et
819 1161 880 1199 alii
907 1164 986 1212 qui,
1006 1162 1103 1213 quod
1125 1178 1226 1216 pares
1245 1178 1330 1216 pec·

375 1225 462 1263 catis
482 1225 556 1262 suis
576 1237 697 1276 poenas
713 1222 810 1260 luere
825 1223 956 1271 nolint,
973 1223 1009 1261 in
1026 1224 1226 1274 neglectum
1240 1239 1328 1263 ver-

375 1295 515 1334 tuntur,
527 1294 560 1323 et
571 1284 684 1322 multo
695 1283 887 1322 deteriores
901 1284 1072 1331 evadunt,
1087 1287 1330 1337 majoremque

375 1346 543 1400 peccandi
558 1345 739 1384 licentiam
753 1355 936 1398 usurpant.
953 1345 1053 1384 Nihil
1066 1345 1184 1397 itaque
1199 1347 1330 1386 horum

375 1408 451 1447 sine
459 1407 624 1446 examine
639 1406 914 1458 relinquendum
930 1416 997 1453 est,
1009 1406 1072 1446 sed
1085 1407 1252 1446 omnibus
1264 1409 1331 1448 rite

374 1470 570 1522 exploratis
582 1468 770 1521 episeopus
784 1478 1033 1520 congruenter,
1046 1483 1123 1521 quae
1137 1469 1182 1508 ad
1199 1484 1236 1508 se
1251 1485 1333 1523 per-

374 1531 502 1577 tinent,
521 1530 674 1583 proferat
686 1539 839 1583 oportet,
854 1544 896 1568 ne
908 1544 1035 1568 vanam
1050 1531 1332 1570 sollicitudinem

375 1593 554 1631 adhibeat.
577 1593 699 1644 Neque
719 1592 784 1631 hac
804 1591 839 1630 in
862 1607 900 1630 re
916 1601 1072 1639 tantum,
1089 1592 1152 1631 sed
1171 1593 1279 1631 ctiam
1295 1594 1332 1631 in

376 1655 541 1693 abscissis
559 1653 726 1693 Ecclesiae
746 1653 916 1692 membris
931 1654 1191 1706 conjungendis
1207 1656 1334 1694 multis

377 1715 479 1754 illum
497 1716 647 1767 negotiis
659 1714 814 1753 distendi
834 1715 970 1754 videas.
990 1716 1082 1754 Nam
1105 1715 1229 1754 ovium
1249 1717 1333 1767 qui-

377 1777 459 1816 dem
475 1787 596 1829 pastor
611 1790 753 1828 gregem
765 1776 871 1814 habet
885 1785 1089 1827 sequentem
1105 1790 1336 1828 quocumque

377 1839 524 1878 duxerit
539 1856 545 1876 :
563 1839 659 1890 quod
672 1838 788 1889 siqua:
801 1851 884 1876 oves
897 1837 1044 1876 derecta
1058 1837 1116 1876 via
1128 1837 1331 1886 deflectant,

378 1901 586 1952 salubrique
611 1899 734 1938 relicto
753 1899 885 1952 pabulo
908 1899 1040 1938 sterilia
1062 1909 1166 1951 atquc
1182 1899 1334 1952 abrupta

378 1962 454 2000 loca
468 1961 675 2014 depascant,
697 1961 866 2005 satisest.
883 1961 912 1999 si
930 1960 1039 1999 altius
1059 1961 1203 2006 clamet,
1224 1970 1262 1999 ut
1279 1976 1336 1999 eas

381 2032 517 2075 repetat
531 2032 565 2060 et
583 2021 628 2061 ad
649 2035 792 2073 gregem
814 2021 970 2061 reducat.
989 2025 1034 2060 At
1053 2022 1081 2060 si
1103 2022 1184 2073 quis
1204 2037 1223 2060 a
1243 2031 1335 2061 recta

380 2084 452 2122 fide
463 2085 696 2130 aberraverit,
708 2097 877 2134 magnum
892 2084 1024 2136 pastori
1038 2098 1127 2136 opus
1145 2084 1335 2132 incumbit,

381 2159 508 2197 magna
522 2154 601 2195 eget
615 2145 877 2198 perseverantia
894 2154 1000 2196 atque
1016 2145 1198 2197 patientia.
1215 2147 1338 2197 Neque

379 2207 474 2245 enim
499 2216 614 2258 potest
633 2206 688 2244 vel
711 2206 745 2244 vi
766 2205 970 2252 retrahere,
989 2206 1046 2244 vel
1076 2215 1172 2244 metu
1194 2220 1338 2258 cogcre;

381 2267 443 2306 sed
453 2267 618 2306 suasione
629 2276 764 2320 oportet
778 2267 824 2305 ad
838 2267 1025 2306 veritatem
1040 2267 1226 2313 reducere,
1244 2269 1339 2307 unde

381 2329 483 2367 initio
497 2328 647 2367 excidit.
662 2329 843 2366 Generoso
855 2328 975 2379 itaque
990 2328 1128 2380 indiget
1141 2329 1278 2379 animo,
1296 2344 1340 2368 ne

380 2389 522 2428 viribus
540 2388 700 2436 deficiat,
720 2403 787 2427 neu
806 2388 852 2427 de
870 2389 1066 2427 errantium
1086 2389 1200 2428 salute
1213 2389 1339 2442 despe-

384 2460 448 2497 ret,
469 2460 508 2489 ut
523 2445 724 2502 frequenter
743 2450 818 2489 baec
840 2451 970 2503 cogitet
994 2460 1028 2489 et
1048 2452 1233 2503 loquatur,
1255 2453 1340 2490 Nc-

384 2513 542 2564 quando
554 2514 661 2551 Deus
673 2514 736 2551 det
749 2513 831 2550 illis
847 2515 1114 2565 paenitentiam
1127 2514 1182 2551 ad
1194 2527 1341 2565 cogno-

385 2574 567 2611 scendam
586 2577 792 2613 veritatem
809 2603 819 2620 ‚
841 2582 878 2612 et
896 2576 1125 2625 resipiscant
1147 2588 1173 2612 a
1192 2574 1341 2612 diaboli

387 2636 539 2688 laqueo.
560 2636 748 2687 Propterea
767 2635 944 2673 Dominus
961 2634 1160 2687 discipulos
1176 2635 1228 2673 sic
1245 2635 1340 2673 allo-

363 2743 370 2749 ·
388 2697 563 2747 qut-batur
583 2713 590 2737 :
612 2699 799 2748 Quisnam
798 2697 936 2750 fideliss
947 2710 1078 2735 servus
1092 2704 1128 2734 et
1143 2696 1343 2749 prudens?

389 2758 478 2795 Nam
492 2758 554 2808 qui
568 2758 728 2810 seipsum
745 2766 897 2805 exercet,
913 2758 948 2795 in
964 2771 1001 2795 se
1014 2757 1130 2796 solum
1149 2756 1341 2795 utilitatem

387 2818 665 2857 circumscribit:
680 2818 871 2871 pastoralis
880 2827 998 2856 autem
1012 2818 1125 2856 oflicii
1141 2820 1279 2857 lucrum
1295 2818 1342 2857 ad

388 2879 592 2917 umvcrsum
618 2879 792 2932 populum
814 2889 943 2918 manat.
964 2881 1059 2918 Sane
1081 2879 1144 2931 qui
1174 2880 1343 2933 pecunias

386 2940 504 2989 egenis
517 2940 719 2988 distribuit,
736 2951 798 2979 aut
813 2941 902 2979 alias
916 2942 1009 2980 laesis
1026 2941 1289 2994 patrocinatur,
1305 2941 1342 2980 in

387 3000 506 3052 aliquo
516 3003 691 3054 proximis
700 3003 861 3054 prodest,
871 3012 969 3041 tanto
981 3003 1098 3041 minus
1108 3012 1223 3042 tamen
1234 3018 1344 3055 quam

387 3062 561 3111 meu-dos,
582 3073 713 3114 quanto
734 3065 921 3103 intervallo
940 3065 1058 3103 anima
1078 3066 1218 3118 corpori
1242 3080 1336 3118 prze-

801 219 841 249 S.
879 215 1068 249 mamus
1102 214 1185 245 CER
1194 212 1346 245 Ysosr.

1358 1784 1382 1815 C

1386 214 1414 244 A
1421 212 1579 244 netum)
1587 233 1598 244 .
1638 213 1722 244 CON
1729 213 1841 244 svm
1847 213 1981 244 'rimor
1988 232 2000 243 .

1400 297 1705 349 ἐπιστρεφόμενοι,
1726 297 1877 337 δύναιντ’
1899 298 1959 346 ἂν,
1979 299 2010 335 εἰ
2029 296 2156 347 καὶμὴ
2178 296 2318 343 τέλεον,
2338 298 2431 337 ἀλλὰ

1400 363 1481 410 γοῦν
1501 361 1541 398 ἐκ
1561 358 1684 411 μέρους
1700 361 1771 398 τῶν
1796 360 2017 412 κατεχόντων
2038 358 2162 403 αὐτοὺς
2180 360 2431 411 ἀπαλλαγῆναι

1401 422 1535 459 κακῶν·
1552 420 1593 459 ἂν
1614 421 1650 460 δὲ
1668 420 1792 472 ἀθρόον
1812 437 1864 464 τις
1882 420 2045 472 ἐπαγάγῃ
2059 419 2141 467 ’τὴν
2160 420 2360 468 παίδευσιν,
2369 420 2431 459 καὶ

1401 483 1464 527 τῆς
1482 482 1663 527 ἐλάττονος
1682 483 1805 526 αὐτοὺς
1827 481 2048 534 ἀπεστέρησε
2066 481 2294 531 διορθώσεως.
2311 480 2429 534 Ψυχὴ

1400 543 1469 595 γὰρ
1482 545 1622 583 ἐπειδὰν
1633 547 1680 589 εἰς
1693 544 1786 589 ἅπαξ
1800 543 2054 596 ἀπερυθριάσαι
2067 543 2263 594 βιασθῇ,εῖς
2276 543 2431 593 ἀναλγη·

1400 606 1480 644 σιάν
1501 606 1675 646 ἐκπίπτει·
1692 606 1752 644 καὶ
1774 605 1850 644 οὔτε
1869 604 2081 657 προσηνέσιν
2102 604 2190 643 είκει
2215 604 2331 656 λόγοις
2348 605 2428 643 λοι-

1400 668 1482 713 πὸν,
1505 668 1584 707 οὔτε
1603 669 1765 712 ἀπειλαῖς
1786 667 2007 718 κάμπτεται,
2023 667 2087 704 οὐκ
2105 666 2317 720 εὐεργεσίαις
2334 681 2427 719 προ-

1400 730 1581 780 τρέπεται,
1595 729 1686 768 ἀλλὰ
1707 729 1840 781 γίνεται
1859 727 1949 767 πολὺ
1963 727 2091 781 χείρων
2107 729 2170 774 τῆς
2186 727 2322 772 πόλεως
2336 727 2429 767 ἐκεί-

1400 806 1482 839 νης,
1508 792 1551 838 ἣν
1568 795 1586 831 ὁ
1604 791 1788 844 προφήτης
1821 791 1974 835 κακίζων
2004 790 2133 841 ἔλεγεν·
2153 789 2261 842 Ὀψις
2297 788 2429 841 πόρνης

1402 853 1538 905 ἐγένετό
1574 870 1627 893 σοι
1643 883 1653 901 ,
1687 852 2021 905 ἀπηναισχύντησας
2057 851 2143 905 πρὸς
2174 851 2323 895 πάντας.
2358 849 2428 890 Διὰ

1401 920 1504 953 τοῦτο
1523 918 1655 962 πολλῆς
1675 917 1725 954 δεῖ
1744 919 1806 962 τί(
1826 914 1995 958 συνέσεως
2017 915 2068 964 τῷ
2092 912 2252 963 ποιμένι,
2267 913 2328 950 καὶ
2358 927 2428 963 μυ-

1404 977 1486 1029 ρίων
1514 979 1703 1029 ὀφθαλμῶν
1734 977 1821 1029 πρὸς
1846 976 1887 1014 τὸ
1918 980 2143 1028 περισκοπεῖν
2163 973 2333 1013 πάντοθεν
2363 972 2429 1021 τὴν

1401 1042 1463 1085 τῆς
1482 1035 1599 1091 ψυχῆς
1628 1039 1709 1084 ἕξιν.
1729 1037 1873 1089 Ἵὶσπερ
1894 1036 1962 1089 γὰρ
1993 1038 2040 1079 εἰς
2071 1036 2238 1074 ἀπόνοιαν
2269 1035 2428 1087 αἴρονται

1401 1102 1548 1147 πολλοὶ,
1578 1100 1639 1138 καὶ
1673 1101 1720 1144 εἰς
1754 1099 1956 1150 ἀπόγνωσιν
1998 1102 2062 1145 τ’ἦς
2096 1100 2229 1136 ἑαυτῶν
2268 1096 2427 1135 καταπί-

1400 1177 1527 1202 πτουσι
1546 1162 1733 1213 σωτηρίας,
1743 1163 1813 1200 ἀπὸ
1827 1164 1888 1200 τοῦ
1910 1160 1958 1211 μὴ
1979 1161 2168 1207 δυνηθῆναι
2187 1162 2325 1210 πικρῶν
2344 1161 2429 1198 ἀνα-

1401 1225 1550 1276 σχέσθαι
1582 1223 1798 1275 φαρμάκων·
1817 1222 1928 1264 oth-m<
1947 1221 2015 1260 εἰσί
2034 1237 2139 1266 τινες,
2158 1221 2192 1259 οἳ
2218 1221 2277 1260 διὰ
2305 1221 2347 1260 τὸ
2377 1220 2427 1272 μὴ

1402 1287 1521 1324 δοῦναι
1542 1283 1716 1335 τιμωρίαν
1747 1287 1816 1321 τῶν
1848 1282 2116 1335 ἁμαρτημάτων
2147 1282 2354 1334 ἀντίρροπον
2381 1284 2431 1327 εἷς

1400 1342 1586 1395 ὀλιγωρίαν
1608 1341 1860 1394 ἐκτρέπονται,
1881 1341 1941 1379 καὶ
1959 1341 2082 1392 πολλῷ
2104 1340 2258 1391 γίνονται
2276 1339 2430 1392 χείρους,

1401 1404 1461 1442 καὶ
1479 1403 1565 1455 πρὸς
1585 1403 1624 1442 τὸ
1643 1402 1785 1453 μείζονα
1798 1402 2012 1455 ἁμαρτάνειν
2026 1401 2253 1455 προάγονται.
2266 1399 2345 1451 Χρὴ
2361 1399 2431 1440 τοί-

1401 1483 1459 1504 νυν
1486 1464 1595 1517 μηδὲν
1623 1464 1754 1503 τούτων
1777 1464 2002 1509 ἀνεξέταστον
2022 1465 2162 1515 ἀφεῖναι
2174 1492 2184 1510 ,
2203 1463 2294 1501 ἀλλὰ
2313 1462 2430 1502 πάντα

1401 1526 1713 1579 διερευνησάμενον
1745 1526 1901 1578 ἀκριὸῶς
1932 1525 2164 1572 καταλλήλως
2183 1523 2229 1562 τὰ
2254 1525 2338 1576 παρ’
2365 1525 2431 1562 αὗ-

1401 1591 1462 1626 τοῧ
1487 1588 1677 1642 προσάγειν
1698 1588 1757 1627 τὸν
1783 1587 1970 1639 ἱερωμένον
1987 1617 1998 1634 ,
2015 1586 2072 1625 ἵνα
2092 1587 2141 1637 μὴ
2163 1585 2313 1636 μα’ταιος
2335 1587 2432 1638 αὐτῷ

1402 1649 1543 1699 γίνηται
1562 1652 1583 1696 ἡ
1609 1649 1756 1695 σπουδή.
1776 1650 1853 1688 Οὐκ
1873 1650 1907 1687 ἐν
1926 1648 2039 1702 τούτῳ
2058 1647 2094 1686 δὲ
2125 1647 2243 1701 μόνῳ,
2264 1646 2355 1686 ἀλλὰ
2372 1647 2435 1686 καὶ

1402 1713 1438 1750 ἐν
1464 1713 1514 1763 τῷ
1542 1711 1587 1750 τὰ
1619 1710 1871 1763 ἀπεῤῥηγμένα
1892 1713 1955 1756 τῆς
1971 1709 2190 1756 Ἐκκλησίας
2210 1709 2300 1759 μέλη
2320 1707 2433 1747 συνά-

1403 1789 1502 1811 πτειν
1523 1771 1637 1811 πολλά
1656 1772 1722 1810 ἴδοι
1745 1788 1795 1815 τις
1817 1772 1857 1809 ἂν
1886 1770 1987 1810 αὐτὸν
2007 1771 2134 1823 ἔχοντα
2157 1770 2367 1823 πράγματα.
2386 1768 2433 1807 Ὀ

1407 1834 1469 1886 μὲν
1496 1834 1565 1887 γὰρ
1602 1837 1670 1872 τῶν
1701 1833 1888 1886 προὸάτων
1919 1833 2051 1883 ποιμὴν
2094 1832 2168 1884 ἔχει
2197 1832 2238 1870 τὸ
2271 1830 2431 1881 ποίμνιον

1406 1896 1575 1947 ἑπόμενον
1588 1923 1597 1940 ,
1612 1891 1703 1948 ᾗπερ
1723 1896 1763 1934 ἂν
1783 1898 1931 1947 ἠγῆται·
1949 1896 1980 1932 εἰ
2000 1894 2035 1932 δὲ
2055 1894 2115 1931 καὶ
2133 1891 2336 1944 ἐκτρέποιτό
2353 1908 2433 1930 τινα

1406 1962 1470 2004 τῆς
1500 1958 1633 2002 εὐθείας
1662 1959 1763 2004 ὁδοῦ,
1788 1958 1847 1996 καὶ
1881 1956 1944 2003 τὴν
1978 1955 2114 2008 ἀγαθὴν
2151 1954 2297 2008 ἀφιέντα
2320 1954 2433 2005 νομὴν

1406 2019 1579 2071 λεπτόγεα
1594 2019 1654 2057 καὶ
1670 2019 1883 2071 ἀπόκρημνα
1901 2018 2063 2069 βόσκοιτο
2081 2016 2209 2069 χωρία,
2226 2019 2325 2069 ἀρκεῖ
2343 2015 2435 2068 βοή-

1407 2097 1519 2120 σαντα
1540 2081 1767 2133 σφοδρότερον
1787 2080 1973 2119 συνελάσαι
1989 2080 2107 2124 πάλιν,
2130 2079 2190 2116 καὶ
2209 2080 2257 2120 εἰς
2270 2078 2335 2125 τὴν
2350 2077 2435 2117 ποί-

1408 2160 1498 2194 μνην
1530 2145 1764 2194 ἐπαναγαγεῖν
1795 2141 1835 2180 τὸ
1867 2141 2038 2193 χωρισθέν
2060 2156 2068 2164 ·
2090 2139 2177 2178 εἰδὲ
2211 2143 2275 2187 τῆς
2303 2139 2436 2183 εὐθείας

1408 2205 1589 2257 ἅνθρωπος
1625 2202 1892 2250 ἀποπλανηθείη
1930 2202 2107 2248 πίστεως,
2133 2202 2268 2248 πολλῆς
2298 2201 2350 2239 δεῖ
2384 2202 2437 2251 τῷ

1408 2266 1550 2316 ποιμένι
1577 2268 1641 2311 τῆς
1660 2264 1924 2317 πραγματείας,
1944 2266 2007 2310 τῆς
2029 2262 2233 2315 καρτερίας,
2253 2265 2316 2308 τῆς
2347 2264 2435 2300 ὓπο-

1412 2331 1534 2380 μονῆς.
1555 2329 1608 2367 Οὐ
1630 2327 1698 2379 γὰρ
1720 2326 1865 2365 ἑλκύσαι
1890 2324 1978 2377 πρὸς
2006 2325 2086 2375 βίαν
2106 2323 2214 2369 ἔστιν,
2233 2323 2312 2363 οὐδὲ
2332 2325 2440 2374 ἀναγ·

1411 2389 1520 2428 κάσαι
1546 2388 1658 2441 φόὸῳ,
1681 2387 1852 2426 πείσαντα
1872 2387 1909 2425 δὲ
1937 2387 1989 2425 δεῖ
2019 2386 2126 2424 πάλιν
2144 2384 2235 2438 πρὸς
2254 2383 2318 2432 τὴν
2349 2384 2440 2431 ἀλή-

1412 2453 1507 2488 θειαν
1527 2448 1695 2501 ιἰιίγειιγεῖν
1710 2479 1720 2496 ,
1750 2447 1825 2488 ὅθεν
1851 2447 1992 2493 ἐξέπεσε
2015 2447 2079 2494 τὴν
2108 2447 2238 2499 ἀρχήν.
2273 2447 2303 2486 Γ
2304 2445 2441 2489 ενναίας

1412 2506 1470 2550 οὖν
1491 2513 1541 2549 δεῖ
1556 2512 1689 2563 ψυχῆς,
1702 2509 1759 2548 ἵνα
1779 2509 1829 2560 μὴ
1849 2512 2044 2561 περικακῇ,
2057 2510 2114 2546 ἵνα
2135 2507 2184 2559 μὴ
2213 2505 2440 2557 ἀπογινώσκῃ

1412 2572 1476 2619 τὴν
1502 2575 1570 2611 τῶν
1586 2571 1846 2622 ςπλανωμένιιιν
1871 2569 2065 2623 σωτηρίαν,
2082 2569 2139 2607 ἵνα
2157 2569 2312 2620 συνεχῶς
2329 2569 2441 2606 ἐκεῖνο

1414 2632 1474 2671 καὶ
1507 2632 1688 2683 λογίζηται
1709 2632 1768 2670 καὶ
1789 2631 1896 2683 λέγῃ,
1917 2632 2065 2677 Μήποτε
2092 2630 2142 2681 δῷ
2177 2629 2291 2672 αὐτοῖς
2309 2630 2328 2667 ὁ
2349 2628 2441 2672 θεὸς

1415 2694 1600 2744 μετάνοιαν
1622 2696 1669 2737 εἷς
1687 2694 1872 2744 ἐπίγνωσιν
1890 2692 2066 2740 ἀληθείας,
2084 2692 2143 2730 καὶ
2163 2691 2385 2743 ἀνανήψωσιν
2401 2692 2441 2729 ἐκ

1414 2759 1477 2802 τῆς
1493 2760 1554 2794 τοῦ
1575 2755 1736 2793 amersten
1751 2755 1907 2805 παγίδος.
1925 2753 1993 2792 Διὰ
2011 2757 2122 2792 ταῦτα
2142 2759 2213 2796 τοῖς
2235 2756 2409 2803 μαθηταῖς
2421 2754 2442 2790 ὁ

1415 2816 1540 2869 Κύριος
1555 2816 1796 2866 διαλεγόμενος
1809 2815 1887 2867 ἔφη·
1905 2815 1968 2858 Τίς
1990 2815 2057 2866 ἀρα
2074 2818 2092 2853 ὁ
2108 2816 2230 2858 πιστὸς
2248 2815 2365 2858 δοῦλος
2380 2811 2443 2852 καὶ

1414 2877 1582 2931 φρόνιμος
1597 2895 1606 2923 3
1621 2876 1666 2916 'O
1688 2876 1750 2927 μὲν
1767 2877 1836 2928 γὰρ
1862 2878 1981 2915 ἑαυτὸν
2017 2879 2134 2915 α’σκῶν
2155 2878 2202 2919 είς
2231 2875 2355 2915 ίαυτὸν
2378 2875 2439 2926 μό·

1415 2957 1473 2980 νον
1501 2939 1700 2993 περιίστησι
1720 2938 1784 2985 τὴν
1811 2939 1993 2990 ὠφέλειαν·
2010 2939 2049 2976 τὸ
2067 2938 2102 2976 δὲ
2122 2941 2184 2984 τῆς
2205 2939 2443 2987 ποιμαντικῆς

1417 3003 1535 3055 κέρδος
1567 3003 1613 3045 εἰς
1641 3003 1780 3039 ἅπαντα
1808 3000 1979 3039 διαὸαίνει
2006 3000 2064 3038 τὸν
2099 3000 2196 3039 λαόν.
2227 3001 2296 3038 Καὶ
2327 3001 2347 3037 ὁ
2378 2998 2442 3049 μὶν

1417 3065 1587 3116 χρήματα
1606 3062 1778 3113 διανέμων
1801 3067 1870 3104 τοῖς
1891 3060 2068 3111 δεομένοις
2081 3091 2091 3107 ,
2105 3060 2128 3107 ἢ
2148 3061 2207 3099 καὶ
2227 3059 2352 3112 ἑτέρως
2367 3074 2444 3102 πως

436 3230 447 3243 ·
471 3218 572 3252 Suvil·
600 3229 632 3252 Ν
658 3221 757 3265 ntiqui
790 3225 866 3256 Mas.
895 3232 948 3264 τὴν
973 3227 1132 3261 παίδευσιν.
1154 3223 1270 3258 Morel.
1290 3231 1322 3257 et
1342 3222 1396 3256 ulii
1433 3224 1512 3257 Mas.
1539 3227 1696 3261 ἀληθιίας,
1723 3226 1770 3255 nl
1799 3223 2011 3263 ἀπαλλαγῶσιν
2036 3225 2067 3253 t«
2098 3229 2150 3258 τῆ.-
2178 3224 2229 3253 τοῦ
2245 3222 2322 3253 zac.
2341 3217 2444 3251 Paulo

393 3285 445 3307 την
460 3274 603 3304 παιδείαν.

437 3324 452 3344 5·
475 3322 580 3363 Aliqui
599 3328 804 3366 ἱπαναγνγιιν.

437 3381 449 3398 ο
472 3373 572 3406 San-il.
591 3382 624 3406 ci.
648 3374 747 3418 aliqui
773 3377 848 3409 Mts.
872 3383 1115 3422 RCRJ'ae‘nfflnmu.
1143 3379 1233 3413 'nfra
1262 3379 1399 3425 quid-m

1434 3283 1509 3318 pont
1524 3272 1624 3308 Savil.
1640 3281 1672 3305 et
1691 3273 1819 3317 aliquot
1835 3273 1912 3305 Mu.
1927 3276 2024 3316 ἱιυτῴ
2049 3278 2158 3312 ἀσκῶν,
2182 3270 2298 3304 Motel-
2329 3279 2362 3304 et
2389 3269 2449 3304 ulii.

1431 3331 1536 3363 Ᾰκυῐὸν
1553 3334 1660 3364 ἀσκῶν,
1678 3325 1827 3359 nonnulli
1842 3331 1870 3360 Iu
1886 3328 1981 3367 ἀκυτῲ
1998 3332 2104 3358 ἐπεί-υ.
