2513 3871
289 184 348 238 34
715 197 751 227 s,
791 197 974 228 somus
1012 196 1251 228 cunvsosr.
1292 199 1502 232 aucium).
1540 201 1898 233 consummor.

285 291 382 320 tuam
407 281 631 333 probitatem,
652 294 713 332 per
738 279 907 317 fiduciam
926 279 1037 326 illam,
1055 288 1086 317 te
1105 280 1234 319 iterum

285 342 468 381 videamus
491 340 526 378 in
548 341 610 378 illo
631 340 798 388 culmine,
814 340 849 378 in
875 340 936 378 illa
961 341 1234 392 perseverantia.

284 402 451 440 Miserere
469 415 602 446 eorum,
624 400 685 451 qui
706 410 851 453 propter
874 409 906 439 te
925 401 958 439 in
975 400 1234 441 offendiculum

283 464 520 514 impegerunt,
539 462 600 512 qui
615 461 705 514 lapsi
721 471 814 510 sunt,
835 462 890 500 vel
904 462 1082 513 segniores
1100 463 1231 511 effecti,

280 523 340 573 qui
359 523 404 560 de
434 522 579 560 virtutis
607 522 662 560 via
681 521 927 575 desperarunt.
961 524 1064 562 Nunc
1083 523 1233 575 quidem

280 583 422 621 tristitia
435 583 586 622 fratrum
598 583 748 622 eliorum
760 593 922 637 occupat,
935 584 1100 637 voluptas
1115 594 1230 625 autem
1253 613 1266 637 2
1276 614 1290 635 s

278 652 311 681 et
329 643 451 682 laetitia
469 644 668 684 infidelium
687 653 900 683 conventum
914 675 924 694 ,
941 659 1003 684 nec
1035 659 1103 685 non
1118 647 1230 699 juve·
1261 653 1284 681 Λ

279 719 365 744 num
378 705 451 745 otio
461 705 678 746 deditorum.
701 706 739 746 Si
762 716 879 745 autem
899 706 946 745 ad
958 717 1161 746 accuratam
1179 708 1232 746 il-

277 765 348 805 lam
367 767 448 805 vitce
467 767 638 806 rationem
657 766 803 806 redieris
817 797 826 813 ‚
844 768 1064 807 contrarium
1080 768 1230 817 accidet,

276 838 464 881 nostraq·:c
492 829 685 879 ignominia
709 829 743 867 in
761 827 971 868 adverarios
994 839 1064 868 tota
1084 829 1231 869 deriva-

275 888 392 928 bitur:
406 904 468 928 nos
487 899 604 927 nutem
621 889 753 928 1iducia
769 890 880 928 multa
901 890 1063 929 instructi
1082 891 1228 939 erimus,

275 960 309 990 te
327 951 454 1003 majori
478 951 665 1003 splendore
691 961 899 990 coronatum
923 952 1229 1004 praedicatumque

274 1010 446 1050 videntes.
463 1011 570 1050 Tales
588 1011 681 1050 enim
695 1012 854 1051 victoriae
870 1014 1041 1065 majorem
1057 1014 1173 1052 serunt
1192 1023 1224 1052 et

274 1072 424 1122 gloriam
443 1081 477 1111 et
503 1073 737 1126 voluptatem.
763 1074 840 1112 Non
858 1074 954 1113 enim
976 1075 1144 1127 praeclare
1159 1089 1223 1128 ge-

273 1142 409 1171 storum
436 1142 573 1172 tantum
606 1134 802 1173 mercedem
836 1135 985 1188 recipies
1001 1166 1014 1183 ‚
1038 1136 1100 1174 sed
1121 1137 1225 1175 etiam

272 1194 424 1233 aliorum
446 1195 699 1234 cohortationis
718 1205 752 1234 et
770 1196 1020 1236 consolationis
1032 1228 1041 1244 ‚
1059 1199 1092 1236 in
1110 1212 1227 1236 exem—

272 1254 371 1306 plum
384 1255 614 1308 conspicuum
631 1256 787 1307 positus;
799 1265 836 1294 ut
852 1257 881 1294 si
897 1257 978 1307 quis
991 1258 1026 1296 in
1041 1258 1141 1310 paria
1157 1273 1226 1297 ma—

271 1314 303 1352 la
324 1315 536 1364 delabatur,
553 1325 712 1367 resurgat
745 1316 890 1365 iterum,
909 1326 943 1355 et
975 1317 1022 1355 ad
1042 1319 1224 1358 meliorem

269 1375 408 1427 frugem
427 1389 463 1414 se
480 1376 640 1428 recipiat.
665 1377 718 1415 Ne
737 1386 873 1415 tantum
897 1377 985 1416 lucri
1004 1388 1222 1426 contemnas,
1253 1391 1273 1421 R

269 1451 380 1488 neque
392 1436 547 1476 deducas
559 1438 695 1476 animas
710 1447 846 1477 nostras
859 1453 940 1477 cum
957 1439 1100 1478 tristitia
1116 1441 1160 1479 ad
1175 1441 1225 1480 in-

267 1499 374 1548 feros,
385 1498 445 1538 sed
457 1499 510 1538 fac
520 1499 747 1553 respiremus,
757 1510 791 1538 et
800 1500 966 1539 nebulam
978 1502 1225 1555 tristitiae,quae

267 1560 318 1598 tui
344 1574 448 1599 causa
472 1575 534 1599 nos
553 1570 714 1614 occupat,
736 1562 976 1600 excutiamus.
994 1564 1098 1602 Nunc
1122 1565 1216 1603 enim

264 1621 407 1660 damnis
425 1622 553 1661 nostris
570 1622 725 1671 omissis,
740 1622 958 1662 calamitates
987 1623 1216 1677 deploramus

266 1691 356 1721 tuas.
378 1683 442 1722 Sin
465 1697 546 1721 vero
570 1683 774 1736 resipiscere
797 1685 886 1723 velis
905 1694 937 1723 et
958 1686 1080 1724 oculos
1109 1687 1222 1740 aperi-

264 1753 427 1796 re‚atque
445 1744 612 1796 angelicae
629 1744 765 1782 militia:
781 1747 1042 1795 connumerari,
1064 1756 1098 1785 et
1124 1761 1187 1786 nos
1202 1762 1223 1786 a

264 1805 362 1844 luctu
378 1805 520 1858 eripies,
540 1814 574 1844 et
591 1819 757 1858 magnam
778 1816 1004 1858 peccatorum
1019 1818 1221 1847 nostrorum

263 1875 399 1918 partem
411 1866 604 1919 absterges.
624 1866 732 1914 Quod
744 1877 863 1906 autem
878 1869 1071 1921 contingat,
1085 1883 1144 1909 eos
1160 1874 1221 1923 qui

262 1942 325 1981 per
355 1929 598 1981 poenitentiam
627 1929 778 1967 restituti
798 1939 880 1968 sunt
895 1961 905 1977 ‚
938 1930 1137 1971 admodum
1167 1947 1220 1971 re-

260 1989 459 2042 splendere,
477 1999 510 2029 et
535 2005 628 2043 saepe
643 1991 767 2043 magis,
779 2005 885 2042 quam
904 1992 929 2030 ii
945 1994 1007 2044 qui
1025 2007 1219 2046 numquam

262 2051 353 2104 lapsi
376 2061 481 2100 sunt,
496 2051 532 2090 id
552 2066 595 2090 ex
614 2052 810 2104 Scripturis
828 2053 964 2093 divinis
983 2055 1102 2107 palam
1122 2056 1210 2094 seci-

262 2126 353 2152 mus.
373 2113 434 2152 Sic
453 2123 484 2152 et
502 2114 685 2166 publicani
706 2124 738 2152 et
763 2116 962 2155 meretrices
979 2130 1127 2169 regnum
1151 2119 1215 2157 Dei
1245 2135 1268 2164 c,

263 2174 456 2226 possident,
471 2175 521 2213 sic
536 2189 579 2213 ex
595 2175 796 2214 novissimis
810 2177 912 2215 multi
930 2177 1055 2229 primis
1074 2187 1218 2231 antepo-

266 2248 411 2277 nuntur.

118 2638 243 2665 Historia
315 2613 378 2649 17.
399 2612 559 2651 Narrabo
574 2613 654 2657 tibi,
677 2628 754 2665 quae
773 2623 891 2653 nostro
910 2623 1067 2668 tempore
1092 2617 1209 2656 oonti-

57 2678 224 2726 aflotesqen-
261 2681 387 2722 gerunt
403 2681 434 2710 et
450 2687 602 2721 quorum
623 2674 697 2727 ipse
715 2675 810 2713 testis
831 2690 905 2715 esse
924 2677 1093 2729 potueris.
1106 2677 1214 2717 Nosti

59 2720 228 2798 :Jfl’gs‘lss'ss'iff'
256 2732 425 2783 juvenem
446 2734 548 2772 illum
574 2735 690 2773 fllium
718 2736 878 2784 Urbani,
898 2737 1105 2777 Plioenicem
1119 2769 1128 2787 ‚
1150 2739 1212 2790 qui

56 2804 241 2842 puupwe„
262 2792 473 2832 immaturus
487 2794 605 2833 adhuc
625 2796 785 2848 pupillus
804 2797 956 2846 mansit,
974 2799 1143 2851 pecuniis,
1161 2799 1213 2838 fa-

260 2854 401 2893 mulitio
415 2864 448 2893 et
460 2855 556 2905 agris
569 2855 764 2895 admodum
776 2857 984 2898 instructus.
1001 2861 1038 2899 Is
1052 2859 1212 2913 primum

258 2915 322 2953 ubi
342 2914 417 2953 ludi
444 2916 623 2968 magistris
642 2917 789 2970 longum
805 2919 884 2958 vale
910 2920 1075 2967 dixisset,
1095 2921 1211 2973 posito

258 2976 546 3029 splendidissimo
562 2979 707 3022 amictu,
725 2987 868 3030 totoque
883 2981 991 3034 liujus
1007 2982 1088 3020 vitae
1104 2983 1208 3032 fastu,
1237 2994 1262 3024 D

259 3046 400 3089 repente
412 3039 540 3077 vestitu
553 3052 590 3076 se
602 3039 728 3077 viliore
741 3041 914 3091 contextu
928 3041 1014 3081 etad
1028 3042 1204 3082 montium

302 3189 315 3203 ⁸
338 3179 392 3212 Sic
407 3179 509 3214 Savil.
528 3187 562 3212 et
579 3191 632 3212 sex
649 3181 724 3215 Mss.
740 3182 852 3215 Rlorel.
869 3195 947 3216 vero
959 3182 1056 3216 etalii
1073 3187 1119 3218 ἐπ’
1137 3189 1259 3218 luimu-

256 3232 358 3266 l‘aulo
374 3239 448 3273 post
465 3231 532 3264 duo
548 3232 626 3263 Mss.
651 3239 819 3275 μετασταίη
839 3243 930 3269 πᾶσα.
950 3235 1051 3270 smil.
1069 3245 1258 3278 perueniu-

254 3301 303 3320 τιι
320 3285 442 3316 omisso
459 3292 550 3318 vri-12.
566 3283 682 3316 Morel.
701 3284 804 3316 etalii
824 3294 858 3317 ut
880 3287 912 3319 in
932 3295 1035 3319 textu.

299 3339 315 3362 t.
338 3335 422 3369 (jod.
453 3347 535 3367 νηιιι
563 3342 595 3370 οὶ
625 3342 729 3371 τοίνυν.
747 3337 837 3369 Intra
856 3339 957 3371 Savil.
978 3339 1065 3371 solus
1090 3345 1254 3382 anxiam,-

255 3390 372 3435 [rcctc
401 3400 462 3432 pro
480 3387 553 3430 vulg
585 3395 765 3431 ἱγιιέμςιος,
783 3391 865 3421 sieut
884 3399 914 3421 ct
934 3403 1008 3422 mox
1028 3398 1177 3434 refu-,2⁴27
1196 3405 1257 3434 pro

1311 282 1351 320 ἂν
1369 283 1488 336 ἐθέλῃς
1503 285 1589 336 ἅψαι
1603 288 1662 330 τῖς
1681 285 1759 322 ὁδοῦ
1775 286 1837 330 τῆς
1854 284 1910 322 ἐπὶ
1926 285 1969 323 τὰ
1985 285 2133 338 κρείττω
2150 288 2331 339 φερούσης,

1312 343 1415 393 μόνον
1428 345 1515 396 ἅψαι
1528 344 1758 383 καὶὲπιλαὸοῦ
1770 346 1831 390 τῆς
1846 346 1985 384 αἰωνίου
1997 349 2102 394 ζωῆς.
2113 348 2196 396 Ναὶ,
2209 349 2331 400 δέομαι

1310 405 1368 444 καὶ
1389 406 1577 452 ἀντιὸολῶ,
1597 407 1682 455 πρὸς
1702 409 1762 452 TE<
1784 407 2039 457 εὖδοκιμῆσεως
2057 411 2120 455 τῆς
2137 410 2332 461 προτέρας,

1316 467 1402 519 πρὸς
1419 471 1481 514 τῆς
1500 468 1697 520 παρρησίας
1721 467 1869 514 ἐκείνης,
1889 467 1978 506 οὕτω
1996 469 2102 508 πάλιν
2129 485 2169 508 σε
2191 470 2248 509 ἐπὶ
2269 473 2334 517 τῆς

1311 532 1462 581 κορυφῆς
1477 529 1536 567 καὶ
1556 532 1617 575 τῆς
1635 528 1822 581 καρτερίας
1839 529 1967 580 ἴδωμεν
1981 531 2044 576 τῆς
2060 530 2180 577 αὐτῆς.
2200 521 2334 571 Φεῖσαι

1311 593 1379 628 τῶν
1403 590 1726 639 σκανδαλιζομένων
1747 588 1803 628 διὰ
1822 589 1885 637 τὴν
1905 590 1970 637 σὴν
1991 590 2161 643 κεφαλὴν,
2177 593 2248 630 τῶν
2266 608 2332 631 κα-

1312 651 1567 700 ταπιπτόντων,
1585 654 1653 690 τῶν
1674 651 1864 703 γινομένων
1885 651 2143 704 ῥαθυμοτέρων,
2156 656 2224 692 τῶν
2245 658 2334 694 ἁπο-

1309 713 1549 765 γινωσκόντων
1581 713 1644 760 τὴν
1679 717 1741 760 τῆς
1774 715 1899 765 ἀρετῆς
1931 713 2022 752 ὁδόν.
2062 716 2132 753 Νῦν
2169 714 2232 765 μὲν
2262 715 2332 768 γὰρ

1309 774 1481 826 κατήφεια
1503 774 1560 813 τὸν
1581 776 1648 812 τῶν
1671 775 1827 826 ἀδελφῶν
1853 774 1927 826 ἔχει
1949 774 2068 827 χορὸν,
2086 775 2192 823 ἡδονὴ
2214 775 2249 814 δὲ
2269 776 2330 815 καὶ

1308 835 1453 885 εὐθυμία
1471 836 1515 875 τὰ
1540 839 1610 874 τῶν
1631 835 1788 874 ἀπίστων
1809 835 1970 887 συνέδρια
1990 836 2051 874 καὶ
2072 835 2117 875 τὰ
2145 839 2214 876 τῶν
2242 838 2329 877 νέων

1306 899 1374 935 τῶν
1411 897 1642 950 ῥᾳθυμότερον
1686 896 1926 947 διακειμένων.
1964 895 2025 936 Ἂν
2061 897 2097 937 δὲ
2139 899 2331 951 emm-2025:

1305 958 1408 997 πάλιν
1421 964 1435 979 ³
1449 961 1503 998 ἐπ’
1519 959 1653 1006 ἐκείνην
1670 962 1730 996 τοῦ
1749 958 1824 1010 βίου
1842 957 1906 1004 τὴν
1922 957 2119 1011 ἀκρίὸειαν,
2132 959 2329 999 τούναντίον

1303 1020 1507 1070 γενήσεται,
1535 1019 1594 1058 καὶ
1619 1023 1640 1067 ἡ
1664 1020 1726 1070 μὲν
1755 1019 1912 1070 ἡμετέρα
1938 1019 2087 1072 αἰσχύνη
2108 1023 2155 1064 εἷς
2181 1020 2331 1064 ἐκείνους

1304 1080 1562 1131 μεταστήσεται
1591 1086 1702 1129 πᾶσα,
1723 1084 1826 1131 ἡμεῖς
1852 1082 1887 1119 δε
1914 1082 1948 1119 ἐν
1978 1082 2159 1136 παρῤησία
2177 1081 2329 1132 ἐσόμεθα

1301 1144 1430 1194 πολλῇ,
1450 1142 1538 1191 μετὰ
1551 1142 1706 1186 πλείονος
1723 1142 1972 1195 λαμπρότητος
1989 1142 2263 1196 στεφετνούμενόν
2287 1158 2325 1182 σε

1303 1204 1362 1240 καὶ
1382 1202 1705 1254 ἀνακηρυττόμενον
1731 1205 1876 1256 ὁρῶντες
1899 1204 2018 1242 πάλιν.
2036 1204 2186 1250 Μείζονα
2201 1203 2269 1256 γὰρ
2294 1207 2340 1258 αἱ,

1301 1269 1457 1302 τοιαῦται
1476 1270 1570 1302 νῖκαι
1593 1264 1735 1317 φέρουσι
1759 1265 1818 1303 καὶ
1843 1263 1906 1311 τὴν
1931 1265 2152 1316 εὐδοκίμησιν
2178 1265 2236 1304 καὶ
2263 1265 2327 1312 τὴν

1301 1325 1442 1371 ἡδονήν.
1461 1322 1478 1346 ¹²
1501 1325 1591 1363 Οὐδὲ
1617 1325 1685 1377 γὰρ
1711 1327 1779 1363 τῶν
1799 1326 1936 1363 οἰκείων
1957 1325 2238 1378 κατορθωμάτων
2259 1325 2328 1375 μό-

1299 1401 1356 1424 νον
1373 1386 1468 1438 λήψῃ
1486 1385 1544 1424 τὸν
1566 1387 1702 1436 μισθὸν,
1719 1386 1809 1424 ἀλλὰ
1829 1387 1888 1425 καὶ
1905 1390 1966 1433 τ’ἧς
1988 1386 2116 1439 ἑτέρων
2135 1387 2327 1440 παρακλή-

1301 1462 1387 1490 σεως
1407 1447 1467 1485 καὶ
1495 1447 1732 1499 παραμυθίας,
1751 1447 1946 1499 ὑπόδειγμα
1967 1447 2130 1499 μέγιστον
2154 1447 2326 1499 ἐκκείμε-

1299 1523 1366 1555 νος,
1383 1508 1417 1547 εἴ
1428 1509 1512 1548 ποτέ
1525 1525 1576 1552 τις
1589 1515 1659 1553 τοῖς
1674 1511 1788 1554 αὐτοῖς
1804 1509 1985 1562 περιπέσοι
2001 1510 2167 1561 [κακοῖς],
2186 1510 2272 1563 πρὸς
2287 1510 2329 1549 τὸ

1299 1571 1527 1617 διαναστῆναι
1557 1570 1664 1609 πάλιν
1695 1570 1756 1608 καὶ
1788 1570 2053 1617 ἀνακτήσασθαι
2087 1571 2220 1610 ἑαυτόν.
2262 1571 2325 1619 Μὴ

1299 1631 1340 1678 δὴ
1373 1632 1492 1684 κέρδος
1522 1632 1671 1684 παρίδῃς
1706 1634 1885 1678 τοσοῦτον,
1922 1631 2011 1682 μηδὲ
2041 1632 2251 1685 καταγάγῃς
2277 1635 2326 1676 εἰς

1298 1693 1381 1745 ᾅδου
1413 1693 1501 1743 μετὰ
1533 1692 1645 1739 λύπης
1680 1692 1742 1737 τὰς
1774 1692 1951 1745 ἡμετέρας
1983 1692 2111 1746 ψυχὰς,
2141 1694 2233 1732 ἀλλὰ
2268 1693 2326 1738 δὸς

1298 1758 1384 1806 ἡμῖν
1425 1757 1658 1801 ἀναπνεῦσαι,
1695 1754 1755 1793 καὶ
1793 1754 1832 1792 τὸ
1867 1754 2016 1807 κατέχον
2051 1758 2146 1806 ἡμᾶς
2184 1755 2242 1794 διὰ
2285 1757 2326 1795 σὲ

1297 1819 1361 1863 τῆς
1390 1815 1539 1867 ἀθυμίας
1567 1815 1820 1855 ἀποσείσασθαι
1847 1815 1959 1868 νέφος.
1989 1817 2061 1854 Νῦν
2092 1816 2155 1867 μὲν
2183 1817 2254 1869 γὰρ
2280 1817 2325 1856 τὰ

1297 1880 1408 1916 οἰκεῖα
1435 1877 1602 1929 παρέντες
1631 1876 1747 1923 κακὰ,
1781 1880 1972 1930 θρηνοῦμεν
2009 1876 2071 1922 τὰς
2096 1877 2160 1922 σὰς
2183 1894 2324 1931 συμφο-

1299 1938 1377 1992 ράς·
1409 1937 1468 1977 ἐὰν
1497 1937 1532 1976 δὲ
1563 1938 1712 1991 θελήσῃς
1734 1940 1910 1991 ἀνανῆψαι
1930 1938 1989 1977 καὶ
2010 1938 2214 1992 διαὸλέψαι,
2233 1945 2248 1961 ⁶
2262 1940 2323 1979 καὶ

1296 2004 1358 2047 τῆς
1379 2006 1545 2052 στρατιᾶς
1569 2000 1798 2039 ἕπιλαὸέσθαι
1827 2001 1889 2046 τῆς
1918 2000 2116 2051 ἄγγελικῆς,
2144 2000 2206 2040 καὶ
2236 2001 2321 2041 τού-

1295 2078 1355 2101 του
1384 2066 1444 2100 τοῦ
1475 2062 1618 2105 πένθους
1646 2060 1859 2105 ἀπαλλάξεις
1891 2064 2006 2111 ἡμᾶς,
2038 2062 2099 2100 καὶ
2129 2064 2198 2101 τῶν
2223 2066 2320 2115 ἡμε-

1296 2123 1403 2174 τέρων
1424 2122 1690 2175 ἁμαρτημάτων
1712 2123 1752 2161 τὸ
1779 2121 1884 2160 πλέον
1910 2125 2016 2171 ἀρεῖς.
2047 2122 2132 2162 ’Ότι
2156 2123 2224 2176 γὰρ
2244 2124 2321 2163 ἔστι

1296 2183 1372 2227 τοὺς
1397 2187 1435 2223 ἐκ
1460 2183 1646 2234 μετανοίας
1668 2183 1772 2222 πάλιν
1793 2183 2046 2227 ἐπανελθόντας
2070 2183 2209 2236 λάμψαι
2229 2185 2320 2236 μέγα

1296 2245 1356 2284 καὶ
1387 2245 1543 2298 φαιδρὸν,
1578 2246 1638 2284 καὶ
1666 2245 1770 2284 πλέον
1802 2244 1970 2288 πολλάκις
2003 2248 2072 2284 τῶν
2091 2244 2109 2267 ‘¹
2128 2247 2216 2296 μηδὲ
2251 2263 2320 2286 πε-

1297 2307 1425 2346 σόντων
1471 2307 1536 2354 τὴν
1578 2307 1690 2359 ἀρχὴν
1708 2337 1718 2354 ,
1763 2306 1994 2356 ἀπεδείξαμεν
2035 2306 2094 2345 καὶ
2133 2307 2204 2347 ἀπὸ
2249 2309 2319 2347 τῶν

1295 2369 1394 2408 θείων
1414 2370 1578 2421 Γραφῶν.
1602 2369 1709 2408 Οὕτω
1739 2373 1819 2421 γοῦν
1852 2367 1912 2407 καὶ
1943 2371 1974 2407 οἵ
2008 2370 2157 2408 τελῶναι
2185 2369 2246 2409 καὶ
2283 2373 2319 2410 αἱ

1295 2429 1421 2481 πόρναι
1456 2429 1519 2477 τὴν
1557 2430 1737 2482 βασιλείαν
1774 2432 1841 2469 τῶν
1878 2431 2033 2483 οὐρανῶν
2073 2431 2317 2484 κληρονομοῦ-

1295 2507 1362 2540 σιν,
1384 2491 1475 2531 οὕτω
1496 2492 1619 2532 πολλοὶ
1642 2494 1710 2531 τῶν
1733 2492 1892 2545 ἐσχάτων
1917 2494 1985 2530 τῶν
2009 2491 2159 2545 πρώτων
2183 2492 2317 2546 ἔμπρο-

1294 2556 1371 2592 σθεν
1401 2553 1565 2592 τίθενται.

1344 2615 1440 2667 Ἐρῶ
1460 2615 1496 2653 δέ
1516 2630 1570 2654 σοι
1591 2615 1651 2654 καὶ
1670 2615 1713 2654 τὰ
1737 2617 1788 2667 ἐφ’
1808 2616 1909 2664 ἡμῶν
1929 2614 2163 2671 γεγενημένα,
2185 2615 2246 2654 καὶ
2265 2609 2314 2654 ὧν

1289 2676 1418 2728 δυνήσῃ
1438 2675 1598 2728 γενέσθαι
1619 2676 1751 2728 μάρτυς
1775 2675 1887 2720 αὐτός.
1907 2679 1921 2695 ⁰
1935 2671 2050 2715 Οἷσθά
2073 2691 2139 2714 που
2163 2677 2221 2716 τὸν
2238 2676 2314 2716 νέον

1289 2739 1416 2777 ἐκεῖνον
1447 2738 1504 2777 τὸν
1539 2737 1724 2789 Οὐρίῖανοῦ
1752 2738 1878 2784 παῖδα,
1906 2738 1965 2776 τὸν
1996 2738 2162 2786 Φοίνικα,
2189 2738 2247 2777 τὸν
2277 2740 2314 2778 ἐν

1288 2800 1436 2852 ὀρφανία
1461 2798 1522 2851 μὲν
1548 2798 1822 2850 καταλειφθέντα
1840 2798 1961 2852 ἀώρῳ,
1978 2798 2098 2852 κύριον
2117 2799 2153 2839 δὲ
2173 2801 2314 2840 πολλῶν

1287 2861 1481 2914 χρημάτων
1508 2861 1568 2899 καὶ
1590 2862 1733 2899 οἰκετῶν
1753 2859 1935 2911 γενόμενον
1961 2860 2019 2898 καὶ
2041 2862 2173 2913 ἀγρῶν.
2195 2855 2313 2906 Οὗτος

1287 2923 1327 2960 τὸ
1346 2921 1409 2973 μὲν
1427 2924 1567 2974 πρῶτον
1583 2923 1754 2974 ἐρρῶσθαι
1767 2920 1881 2960 πολλὰ
1900 2927 1974 2966 ταῖς
1994 2924 2029 2961 ἐν
2049 2928 2120 2966 τοῖς
2138 2921 2313 2973 μουσείοις

1288 2981 1481 3035 διατριὸαῖς
1497 2981 1616 3030 εἰπὼν,
1632 2982 1691 3020 καὶ
1706 2980 1769 3028 τὴν
1793 2981 1960 3034 λαμπρὰν
1976 2982 2112 3031 ἐκείνην
2135 2982 2311 3036 ἀμφίασιν

1288 3044 1400 3096 ἀφεὶς,
1422 3043 1481 3082 καὶ
1497 3043 1554 3082 τὸν
1570 3047 1674 3095 τῦφον
1696 3042 1834 3082 ἅπαντα
1863 3043 1920 3083 τὸν
1944 3043 2127 3096 βιωτικὸν,
2147 3043 2310 3097 ἐξαίφνης

1295 3192 1451 3231 περιπέσῃ.
1473 3185 1566 3218 Idem
1584 3198 1681 3229 supra
1701 3195 1775 3221 νῖκαι
1793 3189 1878 3227 δόξαν
1893 3191 1942 3222 καὶ
1955 3192 2035 3226 νίκην
2048 3193 2178 3233 φέρουσι.
2194 3185 2306 3230 Mlius

1295 3235 1376 3269 ibid.
1396 3243 1443 3271 καὶ
1463 3244 1667 3283 παραμυθίας,
1687 3247 1876 3283 προστροπῆς
1891 3241 2058 3282 ὑπόδειγμα
2075 3245 2146 3283 μέγ.
2161 3244 2303 3281 κιῖμενος.

1340 3300 1352 3311 ··
1379 3290 1471 3321 Unus
1486 3289 1570 3322 le.
1589 3298 1620 3321 et
1638 3290 1738 3322 Sus-il.
1759 3291 1790 3322 in
1809 3289 1955 3334 margine
1972 3295 2020 3324 ul
2039 3299 2090 3329 τῆς
2103 3294 2266 3329 nolu-cive.

1337 3342 1352 3365 «¹
1378 3341 1479 3374 Snvil.
1496 3349 1527 3374 et
1546 3354 1628 3374 unus
1644 3342 1729 3378 le.
1747 3346 1870 3385 μηδέπω
1889 3351 2044 3378 πινόντων.

1343 3401 1353 3411 ·’
1381 3393 1511 3436 Aliquot
1529 3395 1604 3426 les,
1619 3399 1703 3428 οῖτθα
1718 3396 1780 3428 οἷον.
