2513 3871
178 1048 225 1077 15.
248 1048 310 1077 Atia
329 1046 366 1076 li·

173 1092 211 1116 tit
233 1091 363 1127 apetie-⁸¹,

173 1131 260 1166 plena
283 1133 365 1169 peri-

171 1172 320 1201 culorum.

379 202 473 261 480

381 311 582 342 versamur,
602 296 686 334 vitae
708 303 841 334 statum
863 295 1041 334 reversuri
1071 294 1283 340 fuissemus,
1305 293 1335 332 si

377 372 447 397 non
477 357 645 404 antehac,
663 356 722 394 his
741 356 867 394 saltem
887 356 1005 395 verbis
1025 355 1092 394 tibi
1119 355 1336 409 persuasisse

382 428 483 471 puto.
507 419 585 456 Non
604 417 699 456 enim
719 416 858 456 invidia
877 416 993 456 solum
1007 446 1017 464 ‚
1038 416 1100 457 sed
1119 431 1198 468 quae
1221 418 1335 456 multo

378 478 515 517 invidia
528 477 772 517 vehementior
787 487 839 517 est
861 477 970 531 hujus
985 478 1208 531 principatus
1224 479 1333 533 cupi-

376 539 444 590 do,
462 539 594 578 multos
620 539 708 578 solet
733 548 855 578 contra
875 540 993 593 ipsum
1012 549 1244 593 occupantem
1270 555 1333 580 ar-

379 615 488 639 mare.
512 603 562 640 Ac
578 599 878 653 quemadmodum
905 601 972 639 filii
985 631 995 650 ,
1010 601 1070 653 qui
1088 601 1332 655 principatum

377 662 544 701 affectant
556 692 566 711 ,
595 662 739 713 longam
769 672 912 715 patrum
941 671 1155 702 senectutem
1187 664 1334 703 moleste

378 723 514 762 serunt:
531 723 582 762 sic
600 733 634 762 et
654 722 802 775 quidam
821 737 964 771 eorum,
978 737 1059 762 cum
1076 723 1201 764 vident
1218 739 1333 764 sacer-

377 784 518 824 dotium
538 785 574 823 in
593 785 807 823 diuturnum
823 784 975 838 produci
994 794 1148 838 tempus,
1161 787 1332 837 quoniam

377 846 576 885 interficere
606 847 724 896 nefas,
747 846 866 898 ipsum
893 861 913 884 a
940 846 1116 898 dignitate
1141 847 1334 888 deturbare

377 917 564 960 satagunt,
587 921 710 946 omnes
726 907 823 946 illius
845 908 1010 946 constitui
1029 908 1106 947 loco
1125 909 1305 962 cupientes
1325 941 1335 958 ,

377 984 418 1009 ac
430 969 563 1022 singuli
578 969 623 1008 ad
632 983 668 1008 se
681 968 810 1007 deferri
822 969 1064 1023 principatum
1075 980 1330 1023 exspectantes.

432 1031 546 1070 Visne
565 1030 630 1068 tibi
651 1030 761 1068 aliam
777 1029 886 1082 hujus
904 1044 1033 1083 pugnat
1048 1032 1202 1083 speciem
1219 1041 1336 1071 osten·

378 1091 479 1139 dam,
500 1091 694 1130 innumeris
716 1092 857 1144 plenam
886 1092 1080 1144 periculis?
1101 1094 1153 1131 lto
1170 1094 1245 1145 jam
1260 1123 1270 1141 ,
1295 1109 1336 1133 ac

379 1154 524 1207 publica
545 1154 631 1191 sesta
650 1162 809 1206 spectato
822 1182 833 1201 ,
855 1153 917 1191 ubi
937 1153 1095 1191 maxime
1113 1154 1157 1192 ad
1178 1153 1335 1205 dignita-

377 1224 427 1253 tes
447 1214 702 1253 ecclesiasticas
719 1214 908 1252 electiones
926 1213 1002 1252 lieri
1021 1228 1096 1252 mos
1114 1223 1165 1252 est
1181 1230 1190 1250 :
1205 1229 1245 1252 ac
1262 1224 1334 1254 tam

376 1275 500 1314 multis
519 1273 735 1313 sacerdotem
757 1273 1068 1312 criminationibus
1088 1274 1211 1327 impeti
1231 1276 1335 1314 vide·

374 1335 459 1382 bis,
482 1344 613 1386 quanta
634 1344 688 1373 est
706 1334 934 1373 subditorum
951 1335 1072 1373 turba.
1089 1336 1222 1375 Omnes
1239 1338 1335 1376 enim

373 1410 480 1449 penes
498 1409 589 1447 quos
607 1404 658 1433 est
675 1395 770 1433 hunc
788 1396 959 1434 honorem
979 1397 1140 1435 conferre
1153 1427 1163 1444 ,
1177 1398 1213 1436 in
1233 1399 1334 1437 mul-

373 1466 427 1495 tas
441 1466 525 1495 tunc
540 1455 754 1495 scinduntur
768 1466 886 1510 partes
897 1487 907 1506 ‚
923 1471 964 1496 ac
977 1471 1092 1508 neque
1110 1467 1250 1504 mutuo,
1268 1473 1334 1498 ne-

1359 857 1384 888 Β

789 214 827 244 S.
867 212 1055 244 <loannis
1090 209 1335 242 citttYsos'r.
1373 210 1585 242 Attenuat».
1622 211 1985 245 cousTanrtNOP.

1409 294 1534 344 ἐσμὲν,
1554 296 1584 332 εί
1616 294 1676 333 καὶ
1715 296 1766 347 μὴ
1800 296 1989 349 πρότερον,
2009 295 2101 334 ἀλλὰ
2134 298 2194 334 νῦν
2224 311 2263 334 σε
2303 297 2436 341 τούτοις

1408 349 1507 405 οἶμαι
1538 355 1744 395 πεπεικέναι
1770 363 1842 401 τοῖς
1869 356 2035 408 ῥήμασιν.
2055 355 2147 395 Οὐδὲ
2173 355 2242 409 γὰρ
2262 359 2437 408 βασκανία

1409 416 1514 466 μόνον
1526 445 1537 463 ,
1559 417 1650 456 ἀλλὰ
1670 419 1792 472 πολλῷ
1809 419 1870 457 καὶ
1889 420 1952 464 τῆς
1977 418 2170 468 βασκανίας
2189 418 2415 471 σφοδρότερον
2427 447 2438 464 ,

1406 481 1428 524 ἡ
1448 481 1510 525 τῆς
1531 480 1644 532 ἀρχῆς
1669 478 1801 527 ταύτης
1829 478 1997 529 ἐπιθυμία
2017 478 2096 524 τοὺς
2115 479 2265 523 πολλοὺς
2281 479 2437 524 ὁπλίζειν

1407 539 1506 577 εἴωθε
1533 539 1626 578 κατὰ
1657 543 1718 579 τοῦ
1755 539 1885 587 ταύτην
1917 538 2067 591 ἔχοντος.
2096 539 2167 580 Καὶ
2200 542 2440 592 καθάπιρεοὶ

1406 600 1573 654 φίλαρχοι
1606 603 1676 640 τῶν
1705 601 1841 640 παίδων
1875 599 2084 652 βαρύνονται
2112 600 2153 639 τὸ
2178 603 2248 639 τῶν
2274 599 2440 655 πατέρων

1406 665 1538 714 γῆρας·
1566 660 1658 701 οὕτω
1702 663 1763 701 καὶ
1805 662 1937 702 τούτων
1970 662 2083 708 τινὲς,
2113 662 2196 700 ὅταν
2234 661 2355 700 ἴδωσιν
2391 663 2439 706 είς

1407 723 1540 775 μακρὸν
1559 727 1824 775 παραταθεῖσαν
1843 723 1908 771 τὴν
1937 723 2130 776 ἱερωσύνην
2158 722 2302 775 χρόνον,
2318 722 2440 770 ἐπειδὴ

1407 787 1540 824 ἀνελεῖν
1563 787 1625 823 οὐκ
1644 785 1783 838 εὐαγὲς,
1799 786 2004 839 παραλῦσαι
2023 785 2231 825 σπεύδουσιν
2248 784 2353 823 αὐτὸν
2373 785 2439 831 τῆς

1408 849 1543 898 ἀρχῆς,
1563 846 1692 891 πάντες
1715 848 1790 885 ἀντ’
1816 847 1951 885 ἐκείνου
1979 846 2141 898 γενέσθαι
2174 846 2439 896 ἕπιθυμοῦντες,

1408 908 1469 946 καὶ
1505 909 1553 951 εἰς
1589 907 1711 946 ἑαυτὸν
1739 908 1887 952 ἕκαστος
1925 910 2201 958 μεταπεσεῖσθαι
2225 905 2290 954 τὴν
2324 905 2439 959 ἀρχὴν

1409 969 1686 1021 προσδοκῶντες.

1463 1029 1587 1068 Βούλει
1607 1044 1661 1069 σοι
1681 1029 1740 1067 καὶ
1762 1029 1879 1081 ἕτερον
1899 1027 2063 1073 ἐπιδείξω
2090 1028 2219 1075 ταύτης
2235 1030 2300 1076 τῆς
2319 1027 2440 1081 μάχης

1409 1084 1522 1137 εἶδος,
1555 1089 1688 1141 μυρίων
1731 1089 2027 1141 ἐμπεπλησμένον
2064 1089 2257 1137 κινδύνων;
2277 1088 2345 1127 Ἱθι
2376 1089 2438 1136 δὴ,

1410 1150 1470 1188 καὶ
1493 1151 1660 1202 διάκυψον
1690 1152 1737 1193 εἷς
1763 1149 1826 1193 τὰς
1850 1151 2053 1201 δημοτελεῖς
2082 1150 2203 1202 ἑορτὰς
2218 1179 2227 1196 ,
2247 1151 2281 1188 ἐν
2301 1143 2356 1194 αἶς
2376 1149 2439 1200 μα’·

1409 1213 1514 1249 λιστα
1532 1214 1600 1248 τῶν
1619 1211 1921 1257 ἐκκλησιαστικῶν
1942 1214 2062 1262 ἀρχῶν
2080 1210 2143 1254 τὰς
2163 1210 2314 1262 αἱρέσεις
2328 1216 2440 1249 ποιεῖ-

1409 1275 1490 1309 σθαι
1504 1270 1608 1320 νόμος
1623 1286 1631 1294 ·
1648 1270 1708 1308 καὶ
1724 1270 1909 1314 τοσαύταις
1926 1271 2003 1323 ὄψει
2023 1270 2250 1323 κατηγορίαις
2265 1271 2323 1310 τὸν
2342 1271 2439 1325 ἱερέα

1411 1331 1626 1383 βαλλόμενον
1642 1361 1652 1380 ,
1681 1331 1761 1370 ὅσον
1790 1334 1858 1370 τῶν
1889 1331 2095 1384 ἀρχομένων
2123 1331 2164 1370 τὸ
2190 1331 2323 1378 πλῆθός
2351 1333 2442 1370 ἔστι.

1409 1391 1548 1436 Πάντες
1565 1392 1634 1445 γὰρ
1663 1395 1695 1432 ot
1723 1393 1843 1432 δοῦναι
1879 1393 1993 1446 κύριοι
2023 1392 2087 1440 τὴν
2107 1391 2213 1444 τιμὴν
2249 1394 2296 1437 εἷς
2325 1391 2441 1432 πολλὰ

1409 1454 1487 1493 τότε
1506 1455 1688 1506 σχίζονται
1715 1455 1830 1506 μέρη,
1852 1455 1913 1493 καὶ
1940 1454 2018 1493 οὔτε
2046 1455 2134 1507 πρὸς
2154 1453 2342 1501 ἀλλήλους,
2360 1453 2439 1492 οὔτε

373 1531 442 1569 que
453 1531 535 1557 cum
555 1516 669 1569 coqui
684 1517 930 1570 episcopatum
950 1519 1096 1557 sortitus
1109 1529 1172 1567 est,
1188 1521 1335 1574 presby·
1347 1552 1396 1578 ³9³
1409 1516 1496 1569 πρὸς
1527 1517 1628 1556 αὐτὸν
1668 1516 1727 1555 τὸν
1764 1517 1921 1570 λαχόντα
1952 1516 2016 1563 τὴν
2051 1515 2247 1563 ἐπισκοπὴν
2263 1546 2274 1565 ,
2300 1515 2341 1554 τὸ
2369 1517 2440 1555 τῶν

374 1588 533 1618 terorum
548 1588 679 1617 coetum
693 1580 892 1619 consentire
905 1579 1029 1619 videas
1042 1597 1049 1618 :
1062 1581 1124 1619 sed
1144 1583 1335 1633 unusquis·
1360 1591 1386 1620 Δ

372 1654 441 1692 que
459 1654 479 1678 a
501 1640 575 1679 suis
589 1641 752 1694 partibus
767 1649 861 1689 stat,
872 1641 964 1680 alius
980 1640 1078 1680 hunc
1091 1671 1101 1690 ,
1120 1642 1213 1680 alius
1229 1643 1334 1681 illum

372 1701 519 1752 eligens,
536 1702 648 1754 Cujus
667 1702 717 1740 rei
734 1715 841 1740 causa
860 1701 935 1741 haec
951 1711 1023 1751 est,
1036 1702 1132 1753 quod
1151 1717 1220 1741 non
1237 1703 1334 1742 idem

373 1775 495 1800 omnes
511 1762 716 1814 respiciant,
726 1763 824 1814 quod
839 1763 1014 1815 respicere
1029 1763 1223 1811 debebant,
1235 1778 1334 1803 uem-

374 1835 420 1873 pe
441 1821 550 1859 animi
578 1822 773 1872 virtutem3
798 1822 861 1861 sed
880 1822 959 1860 aliae
985 1832 1067 1861 sunt
1086 1822 1195 1876 hujus
1210 1825 1333 1862 conci-

380 1880 495 1919 liandi
515 1881 661 1919 honoris
680 1895 794 1920 causae
811 1896 819 1919 τ
838 1882 1009 1921 nimirum
1027 1883 1120 1922 alius
1138 1884 1242 1934 dicit,
1267 1885 1334 1924 Hic

383 1941 643 1994 eligatur,quia
658 1942 754 1981 claro
771 1957 896 1995 genere
912 1945 1247 1997 ortus:alins,quod
1258 1947 1336 2000 opi-

378 2002 446 2040 bus
458 2003 628 2051 abundet,
644 2017 706 2041 nec
718 2013 817 2055 egeat
830 2004 1008 2043 alimentis
1018 2020 1062 2044 ex
1077 2006 1243 2047 Ecclesiae
1255 2023 1335 2061 pro·

375 2072 484 2102 ventu
497 2065 655 2116 quaesitis
667 2081 674 2102 :
688 2065 792 2113 alius,
809 2066 906 2116 quod
920 2066 966 2104 ab
981 2067 1196 2107 adversariis
1212 2070 1257 2108 ad
1270 2084 1334 2109 nos

375 2126 606 2177 transfugerit
626 2142 634 2162 ε
652 2126 711 2164 illc
725 2127 1018 2176 familiarem,hic
1031 2130 1099 2167 sibi
1113 2144 1240 2182 genere
1254 2146 1333 2185 pro-

376 2185 1048 2238 pinquum,aliusadulantemsibialiis
1060 2191 1331 2245 vultanteponi3

377 2246 413 2284 in
428 2261 509 2285 eum
525 2249 691 2300 vero,qui
707 2250 753 2287 sit
770 2249 1042 2298 idoneus,nemo
1054 2253 1133 2290 vult
1147 2255 1335 2306 respicere,

377 2321 488 2359 neque
503 2309 613 2347 animi
628 2309 730 2348 dotes
744 2311 943 2363 explorare.
957 2315 1001 2350 At
1016 2327 1093 2365 eg0,
1110 2322 1247 2353 tantum
1262 2316 1333 2353 ab-

376 2378 442 2418 est,
458 2378 496 2407 ut
510 2370 555 2408 ad
575 2370 803 2410 sacerdotum
822 2373 1049 2425 probationes
1069 2389 1192 2413 causas
1205 2375 1334 2428 hujus-

377 2429 473 2468 modi
494 2440 743 2471 consentaneas
771 2448 847 2472 esse
869 2444 1014 2487 putem,
1031 2444 1070 2473 ut
1088 2436 1227 2474 etiamsi
1253 2439 1334 2488 quis

377 2491 526 2529 multam
547 2493 713 2544 pictatem
729 2494 920 2543 exhibeat,
942 2510 1020 2547 quae
1038 2505 1155 2535 tamen
1177 2511 1245 2536 non
1262 2512 1333 2550 pa—

379 2567 457 2590 rum
478 2552 581 2591 nobis
600 2554 645 2592 ad
660 2554 750 2593 hanc
768 2555 981 2608 dignitatem
1003 2558 1151 2606 confert,
1171 2573 1241 2597 non
1256 2559 1336 2598 ideo

377 2614 497 2652 statim
514 2629 595 2653 eum
613 2615 743 2669 eligere
762 2619 899 2667 ausim,
916 2618 983 2658 nisi
1004 2633 1086 2658 cum
1108 2621 1239 2673 pietate
1254 2635 1336 2659 ma-

379 2688 447 2726 gna
461 2675 506 2714 sit
523 2675 710 2728 prudentia
729 2679 915 2731 praeditus.
927 2681 1019 2719 Novi
1037 2681 1171 2734 quippe
1185 2682 1334 2730 multos,

379 2737 439 2787 qui
461 2747 630 2790 perpetuo
659 2753 734 2777 sese
760 2741 967 2779 coercebant
989 2756 1030 2780 ac
1050 2742 1199 2795 jejuniis
1219 2756 1338 2781 mace-

381 2797 526 2846 rabant,
547 2799 679 2850 quiqne
701 2799 789 2838 dum
812 2802 880 2840 soli
901 2801 1029 2854 degere
1053 2812 1087 2841 et
1111 2817 1174 2840 sua
1196 2812 1336 2842 tantum

381 2871 505 2895 curare
520 2868 702 2910 poterant,
729 2861 803 2899 Deo
827 2863 962 2915 accepti
985 2871 1100 2910 erant,
1119 2877 1160 2901 ac
1186 2863 1337 2915 singulis

380 2917 507 2956 diebus
526 2919 762 2973 philosophia
781 2936 852 2960 sua:
880 2922 1137 2962 incrementum
1166 2937 1236 2962 non
1267 2924 1338 2962 mi·

383 2979 518 3017 nimum
535 2980 783 3021 addebantzat
802 2983 863 3021 ubi
886 2984 920 3021 in
945 2985 1086 3023 turbam
1109 2985 1283 3038 prodiere,
1302 2994 1337 3024 et

382 3041 482 3091 vulgi
505 3041 718 3094 imperitiam
744 3044 932 3083 emendare
953 3046 1063 3084 coacti
1089 3055 1194 3096 sunt,
1213 3046 1274 3084 alii
1295 3060 1338 3084 nc

383 3101 558 3154 principio
569 3104 712 3154 quidem
727 3115 822 3143 tanto
835 3106 974 3157 negotio
986 3121 1087 3159 pares
1100 3108 1197 3145 suere
1207 3122 1217 3156 ς
1227 3107 1287 3145 alii
1302 3107 1338 3148 vi

383 3163 507 3210 coacti,
519 3174 556 3201 ut
574 3165 606 3203 in
621 3180 764 3205 munere
777 3178 1053 3220 perseverarent,
1065 3169 1171 3208 missa
1187 3169 1336 3222 pristina

383 3221 569 3271 diligentia
589 3237 621 3265 ct
640 3241 804 3277 magnam
826 3229 892 3281 ipsi
910 3231 1088 3282 jacturam
1113 3232 1283 3282 fecerunt,
1304 3241 1339 3270 et

1360 2318 1383 2348 B

1360 3056 1384 3085 C

426 3372 438 3385 ⁸
463 3362 564 3394 Smil.
583 3372 615 3395 rt
635 3364 768 3406 plurimi
785 3369 861 3401 Mss-
889 3377 912 3404 οὶ
940 3376 1130 3418 φιλάργυροι.
1150 3372 1240 3407 lb'ul.
1256 3373 1392 3418 quidam

384 3422 406 3454 ⁶!
430 3423 486 3445 τῶν
505 3419 642 3459 παύρων
663 3427 752 3460 74:21.

1409 1578 1654 1631 πρεσὸυτέρων
1693 1579 1871 1631 συνέδριον
1905 1580 2174 1630 ὁμογνωμονοῦν
2201 1578 2269 1618 ἴδοι
2295 1593 2348 1621 τις
2378 1577 2440 1616 ἄν·

1410 1642 1487 1679 ἀλλ’
1507 1641 1654 1685 ἕκαστος
1676 1643 1753 1679 καθ’
1772 1639 1894 1678 ἑαυτὸν
1913 1640 2116 1688 ἑστήκασιν,
2135 1642 2153 1678 ὁ
2173 1638 2237 1691 μὲν
2262 1643 2383 1679 τοῦτον
2396 1641 2440 1687 ,ὁ

1409 1701 1446 1740 δὲ
1465 1702 1594 1740 ἐκεῖνον
1614 1700 1829 1754 αἱρούμενος.
1847 1701 1902 1740 Τὸ
1918 1701 1953 1740 δὲ
1970 1701 2094 1750 αἴτιον,
2109 1704 2172 1741 οὐκ
2193 1703 2240 1745 εἷς
2258 1700 2293 1739 ἓν
2309 1700 2440 1743 πάντες

1408 1764 1536 1814 ὁρῶσιν
1549 1793 1559 1810 ,
1576 1764 1623 1807 εἰς
1644 1762 1662 1800 ὃ
1679 1762 1782 1813 μόνον
1810 1765 1894 1814 ὁρᾷν
1915 1764 2026 1815 ἔχρῆν
2038 1793 2048 1811 ,
2064 1766 2126 1810 τῆς
2144 1764 2260 1815 ψυχῆς
2276 1760 2341 1808 τὴν
2360 1762 2439 1811 ἀρε-

1408 1822 1497 1869 τήν·
1536 1825 1614 1862 ἀλλ’
1655 1824 1722 1862 εἶσὶ
1760 1824 1821 1862 καὶ
1862 1822 1980 1877 ἕτεραι
2013 1823 2206 1876 προφάσεις
2240 1824 2276 1861 ut
2309 1821 2440 1868 ταύτης

1408 1884 1566 1937 πρόξενοι
1599 1886 1662 1931 τῆς
1698 1886 1825 1935 τιμῆς·
1854 1879 1943 1932 οἷον,
1969 1887 1987 1922 δ
2019 1884 2105 1935 μὲν,
2137 1884 2191 1923 ὅτι
2220 1884 2337 1936 γένους
2363 1883 2439 1922 ἐστὶ

1407 1947 1572 1998 λαμπροῦ
1584 1975 1594 1994 ,
1612 1945 1838 1997 ἐγκρινέσθω,
1855 1945 1972 1997 φησίν·
1986 1948 2004 1984 ὁ
2019 1946 2054 1984 δὲ
2066 1974 2076 1991 ,
2093 1945 2146 1983 ὅτι
2165 1947 2314 1984 πλοῦτον
2332 1959 2439 1998 περι·-

1409 2006 1580 2053 ὅέδληται
1614 2006 1744 2055 πολὺν,
1773 2007 1832 2045 καὶ
1858 2009 1921 2046 οὐκ
1957 2006 1998 2045 ἂν
2017 2007 2157 2046 ’δέοιτο
2182 2006 2369 2059 τρέφεσθαι
2398 2007 2439 2044 ἐκ

1408 2071 1477 2107 τῶν
1506 2071 1569 2115 τῆς
1587 2067 1804 2113 Ἐκκλησίας
1834 2068 2014 2120 προσόδων
2028 2083 2035 2091 ·
2057 2071 2075 2106 ὁ
2099 2068 2135 2106 δὲ
2148 2096 2158 2116 ,
2178 2068 2233 2106 ὅτι
2252 2065 2349 2119 παρὰ
2368 2068 2438 2105 τῶν

1409 2131 1543 2182 ἐχθρῶν
1583 2129 1826 2181 ηὐτομόλησε·
1860 2130 1920 2168 καὶ
1951 2132 1970 2168 ὁ
1999 2129 2062 2180 μὲν
2097 2129 2156 2168 τὸν
2187 2127 2322 2172 οἰκείως
2352 2128 2439 2180 πρὸς

1410 2190 1515 2229 αὐτὸν
1541 2190 1779 2242 διακείμενον,
1794 2192 1812 2228 ὃ
1829 2190 1865 2228 δὲ
1882 2191 1942 2229 τὸν
1969 2190 2062 2242 γένει
2090 2189 2335 2241 προσήκοντα,
2356 2192 2375 2229 ὁ
2401 2189 2437 2228 δὲ

1409 2251 1468 2289 τὸν
1486 2251 1720 2290 κολακεύοντα
1743 2251 1849 2290 πάλιν
1883 2255 1953 2290 τῶν
1979 2252 2095 2289 ἄλλων
2126 2256 2302 2303 προτιμᾷν
2333 2264 2440 2289 σπου-

1410 2313 1585 2357 δάζουσιν·
1606 2315 1656 2357 εἷς
1676 2312 1712 2353 Sl
1729 2313 1788 2351 τὸν
1807 2312 2003 2360 ἐπιτήδειον
2023 2312 2134 2356 οὐδεὶς
2152 2314 2235 2364 ὁρᾷν
2256 2310 2438 2363 βούλεται,

1409 2374 1488 2414 οὐδὲ
1503 2376 1619 2427 ψυχῆς
1632 2390 1711 2412 τινα
1731 2377 1906 2413 ποιεῖσθαι
1927 2374 2093 2425 βάσανον.
2104 2372 2201 2424 Ἐγὼ
2218 2371 2255 2412 δὲ
2275 2372 2438 2412 τοσούτω

1410 2436 1477 2474 δέω
1511 2435 1642 2480 ταύτας
1669 2439 1833 2487 ἡγεῖσθαι
1872 2435 1935 2479 τὰς
1961 2434 2073 2478 αἰτίας
2101 2432 2323 2478 ἀξιοπίστως
2350 2426 2439 2472 εἶναι

1409 2497 1495 2549 πρὸς
1526 2496 1591 2544 τὴν
1614 2500 1684 2535 τῶν
1713 2495 1833 2550 ἱερέων
1871 2495 2104 2547 δοκιμασίαν,
2122 2497 2170 2538 ὡς
2201 2493 2291 2545 μηδὲ
2323 2494 2356 2532 εἴ
2386 2509 2440 2536 τις

1409 2557 1542 2605 πολλὴν
1585 2558 1770 2597 εὗλάἕειαν
1805 2556 2018 2601 ἐπιδείξαιτο
2043 2555 2107 2602 τὴν
2136 2556 2174 2593 οὗ
2203 2554 2326 2606 μικρὸν
2352 2557 2438 2604 ἡμῖν

1408 2620 1494 2670 πρὸς
1521 2618 1586 2665 τὴν
1607 2618 1719 2671 ἀρχὴν
1749 2619 1980 2658 συντελοῦσαν
2009 2615 2145 2661 ἐκείνην
2163 2644 2173 2661 ,
2199 2615 2288 2666 μηδὶ
2317 2619 2438 2655 τοῦτον

1409 2680 1479 2718 ἀπὸ
1498 2679 1627 2727 ταύτης
1650 2679 1774 2722 εὐθέως
1798 2677 1964 2730 ἐγκρίνειν
1986 2679 2133 2728 τολμᾷν,
2149 2677 2178 2715 εἰ
2194 2681 2244 2726 μὴ
2265 2676 2354 2727 μετὰ
2374 2678 2438 2723 τῆς

1410 2739 1592 2783 εὖλαόείας
1624 2739 1757 2785 πολλὴν
1777 2739 1837 2777 καὶ
1865 2737 1929 2784 τὴν
1949 2737 2088 2776 σύνεσιν
2115 2737 2205 2789 ἔχων
2229 2738 2342 2789 τύχοι,
2367 2737 2439 2776 Καὶ

1409 2802 1477 2855 γὰρ
1497 2795 1572 2841 οἶδα
1592 2800 1740 2844 πολλοὺς
1766 2800 1834 2851 ἐγὼ
1862 2803 1931 2838 τῶν
1962 2800 2104 2838 ἅπαντα
2130 2799 2188 2837 τὸν
2218 2799 2342 2852 χρόνον
2370 2814 2439 2838 κα-

1410 2862 1616 2916 θειρξάντων
1647 2861 1811 2907 ἑαυτοὺς,
1840 2861 1899 2899 καὶ
1934 2860 2111 2906 νηστείαις
2151 2859 2440 2909 δαπανηθέντων,

1409 2925 1462 2964 ὅτι
1477 2955 1487 2972 ,
1508 2924 1573 2968 ἔως
1604 2924 1666 2975 μὲν
1699 2925 1815 2965 αὐτοῖς
1834 2923 1951 2973 μόνοις
1974 2916 2061 2961 εἶναι
2083 2921 2159 2968 ἐξῆν
2181 2922 2241 2960 καὶ
2261 2921 2303 2960 τὰ
2323 2923 2439 2960 αὐτῶν

1412 2992 1604 3040 μεριμνᾷν,
1624 2984 1828 3034 εὐδοκίμουν
1860 2983 1957 3036 παρὰ
1978 2986 2083 3037 Θεῷ,
2103 2983 2162 3021 καὶ
2182 2984 2261 3021 καθ’
2284 2982 2439 3029 ἑκάστην

1410 3048 1545 3100 ἡμέραν
1573 3046 1687 3098 ἐκείνῃ
1714 3044 1963 3096 προσετίθεσαν
1992 3047 2034 3095 τῇ
2056 3043 2240 3098 φιλοσοφία
2264 3044 2367 3095 μέρος
2398 3043 2438 3082 οὖ

1412 3109 1536 3163 μικρόν
1549 3124 1556 3132 ·
1579 3107 1698 3155 ἐπειδὴ
1716 3106 1751 3144 δὲ
1775 3107 1821 3149 εἰς
1842 3106 1881 3143 τὸ
1909 3108 2042 3151 πλῆθος
2061 3099 2185 3154 ἦλθον,
2204 3105 2262 3143 καὶ
2290 3105 2351 3149 τὰς
2369 3107 2439 3143 τῶν

1411 3173 1549 3210 πολλῶν
1608 3169 1760 3220 ἀμαθίας
1814 3169 2022 3219 ἐπανορθοῦν
2072 3165 2345 3218 ἠναγκάσθησαν
2364 3195 2375 3213 ,
2406 3168 2439 3204 οἱ

1413 3231 1476 3282 μὶν
1505 3230 1582 3271 οὐδὲ
1615 3230 1678 3277 τὴν
1710 3227 1824 3281 ἀρχὴν
1853 3228 2007 3280 ἤρκεσαν
2038 3228 2124 3279 πρὸς
2158 3227 2222 3274 τὴν
2264 3225 2439 3273 τοσαύτην

1469 3382 1483 3398 ·
1508 3373 1600 3405 Unus
1619 3375 1714 3407 δέοιτο
1742 3380 1863 3417 *pop-535.
1893 3368 1981 3402 Alius
2007 3372 2065 3403 310«
2095 3377 2216 3416 τρορῆς.
2244 3367 2336 3401 Infra
2354 3379 2439 3402 unus

1429 3432 1475 3459 ιιὶ
1491 3432 1514 3460 οἱ
1529 3430 1584 3468 μἰν
1602 3433 1651 3461 τὸν
1667 3431 1818 3463 elatione...
1838 3430 1862 3458 oi
1877 3426 1919 3463 δι’,
1934 3430 1966 3455 et
1982 3422 2029 3456 sic
2048 3422 2217 3466 sequeuti-
2233 3421 2266 3455 in
2284 3420 2413 3466 plurali.
