2513 3871
265 191 328 238 66

265 290 422 343 profecto
438 302 504 327 non
523 288 575 325 illi
589 287 669 338 jure
682 300 701 324 a
716 285 865 324 vobisin
881 284 1016 322 crimen
1031 290 1217 329 vocentur,
1241 289 1264 320 E

266 351 328 401 qui
346 350 434 388 alios
449 349 494 387 ab
513 348 579 385 hac
602 346 754 398 procella
774 355 806 383 ct
826 343 971 382 turbine
991 342 1136 381 liberari
1151 356 1218 380 cu-

267 413 402 464 pientes
417 409 586 461 eripiunt,
600 416 633 445 et
646 406 691 446 ad
705 405 938 457 tranquillum
955 413 1098 457 portum
1110 403 1221 442 dedu-

266 481 368 517 cunt;
389 468 451 508 sed
466 469 584 521 potius
606 468 674 517 illi,
693 468 754 519 qui
776 467 938 505 civitates
956 465 1115 516 singulas
1135 464 1220 517 phi-

267 531 436 584 losophiae
463 531 514 568 sic
534 529 652 568 invias
674 538 708 567 et
727 543 854 582 parum
876 528 1020 566 idoneas
1040 527 1218 573 fecerunt,

267 602 306 631 ut
325 592 386 644 qui
410 591 561 630 salutem
583 590 748 642 consequi
768 589 914 636 volunt,
935 587 1148 626 solitudines
1167 602 1221 626 se-

266 655 353 692 ctari
374 662 559 705 cogantur.
585 653 651 692 Dic
669 652 764 690 enim
785 651 890 700 mihi,
912 651 940 689 si
961 650 1043 701 quis
1066 650 1102 688 in
1123 659 1224 688 nocte

268 714 383 753 media
400 723 539 766 arrepta
561 714 634 752 sace
650 712 798 751 domum
822 711 1035 750 incendisset
1057 724 1221 763 magnam
1243 744 1275 769 54

269 776 544 826 hominibusque
564 776 753 828 repletam,
777 783 815 811 ut
842 773 939 812 intus
957 772 1224 811 dormientibus
1248 783 1271 810 Α

269 838 512 883 insidiaretur,
535 846 656 875 utrum
676 835 878 874 diceremus
898 835 1105 887 improbum
1125 847 1199 872 esse
1213 863 1224 880 ,

270 913 396 938 eumne
409 898 471 950 qui
488 897 704 936 dormientes
723 897 909 942 excitaret,
931 894 1142 946 aedibusque
1156 894 1228 933 illis

270 960 455 1007 educeret,
483 973 527 997 an
549 973 631 997 eum
650 958 710 1010 qui
731 958 778 996 ab
802 957 904 996 initio
926 956 1133 995 incendium
1158 969 1229 994 ex-

271 1021 424 1068 citasset,
443 1028 475 1058 et
493 1020 527 1058 in
549 1028 685 1057 tantam
702 1018 946 1057 necessitatem
965 1027 1042 1056 tum
1059 1031 1130 1062 eos,
1152 1026 1227 1055 tum

272 1082 477 1121 educentem
501 1081 580 1119 illos
600 1080 791 1131 redegisset
807 1080 825 1117 Ρ
844 1079 946 1130 Quid
962 1079 1086 1130 igitur,
1105 1078 1134 1117 si
1149 1079 1229 1130 quis

273 1143 465 1196 tyrannide
475 1156 680 1195 oppressam
694 1141 895 1188 civitatem,
908 1139 1121 1192 :egritudine
1134 1139 1230 1178 labo-

273 1214 463 1252 rantem,et
473 1204 710 1242 seditionibus
720 1203 889 1254 agitatam
902 1202 1038 1248 videns,
1049 1201 1092 1239 iis
1101 1201 1232 1252 quibus

273 1276 389 1319 posset
402 1265 642 1318 persuaderet,
654 1274 690 1302 ut
703 1265 822 1301 relicta
836 1263 981 1301 civitate
992 1266 1185 1314 reciperent
1197 1277 1232 1300 sc

273 1327 318 1364 ad
332 1327 507 1364 montium
517 1327 680 1372 vertices,
690 1324 803 1375 iisque
811 1323 855 1361 ad
866 1337 1039 1361 secessum
1049 1322 1232 1374 adjumen-

273 1397 306 1424 ta
319 1388 512 1425 conferret:
530 1399 634 1436 quem
651 1385 684 1422 in
699 1384 831 1422 crimen
846 1383 1016 1422 vocares?
1028 1397 1155 1421 eumne
1171 1383 1232 1434 qui

273 1448 318 1486 ab
330 1447 535 1500 hujusmodi
549 1445 748 1484 tumultuin
762 1444 1058 1496 tranquillitatem
1072 1443 1233 1482 homines

684 206 724 235 S.

274 1522 479 1566 tempestate
490 1513 638 1564 jactatos
652 1510 904 1557 transtulisset,
917 1524 960 1548 an
974 1524 1053 1548 eum
1068 1509 1128 1560 qui
1144 1523 1233 1547 nau-

275 1576 387 1627 fragia
405 1576 467 1613 ista
485 1573 847 1627 prae1)arasset?Cave
857 1573 952 1610 enim
967 1580 1070 1624 putes
1088 1570 1234 1608 meliore

276 1637 311 1673 in
331 1643 425 1673 statu
446 1648 500 1672 res
518 1633 694 1671 humanas
707 1633 783 1685 jam
802 1645 875 1669 esse
888 1661 896 1677 ,
918 1645 1029 1682 quam
1050 1629 1234 1669 civitatem

275 1695 463 1747 tyrannide
480 1708 682 1747 oppressam
698 1709 708 1741 3
730 1707 857 1730 verum
872 1693 906 1731 in
925 1693 1030 1745 longe
1049 1692 1233 1732 deteriori.

275 1758 354 1796 Non
380 1758 474 1795 enim
495 1756 624 1801 homo,
643 1754 702 1794 sed
722 1755 861 1792 daemon
882 1753 1029 1804 quidam
1051 1754 1234 1805 nequissi-

277 1834 370 1866 mus,
392 1828 572 1870 tamquam
591 1827 763 1870 tyrannus
777 1816 958 1864 immanis,
983 1830 1067 1854 cum
1088 1826 1158 1856 tota
1173 1831 1234 1856 sua

276 1881 454 1934 phalange
473 1880 681 1918 universum
700 1879 821 1916 orbem
840 1891 1032 1930 occupans,
1059 1878 1092 1916 in
1108 1878 1236 1917 huma-

276 1957 340 1981 nas
366 1942 502 1980 animas
528 1949 708 1992 grassatur
728 1955 735 1975 :
755 1939 838 1977 inde
857 1953 942 1977 vero
962 1940 1063 1990 quasi
1087 1955 1131 1978 ex
1157 1954 1238 1978 arce

277 2004 433 2056 quadam
447 2033 457 2050 ‚
480 2001 694 2040 exsecranda
711 2010 744 2039 et
765 2000 931 2039 scelerata
952 2000 1114 2051 quotidie
1134 2015 1234 2053 prae-

279 2075 377 2118 cepta
402 2063 607 2103 hominibus
625 2062 770 2109 emittit,
794 2076 862 2100 non
886 2061 1115 2100 matrimonia
1135 2061 1231 2100 diri-

278 2141 377 2165 mens
388 2126 522 2170 solum,
539 2138 607 2162 non
623 2124 790 2176 pecunias
808 2122 951 2160 mittens
967 2122 1144 2169 scsensve,
1164 2136 1234 2161 non

279 2188 391 2227 caedes
410 2195 619 2239 perpetrans
638 2185 794 2235 iniquas,
815 2197 942 2221 verum
961 2183 1017 2222 his
1035 2183 1139 2236 longe
1154 2197 1233 2235 gra-
1255 2191 1278 2221 C

277 2249 394 2294 viora,
414 2260 538 2299 nempe
553 2246 776 2296 conjunctam
796 2244 902 2282 semel
923 2245 998 2282 Deo
1019 2245 1175 2283 animam
1189 2245 1234 2284 ab

279 2312 356 2362 ejus
369 2307 547 2347 consortio
557 2306 751 2351 abducens,
766 2306 980 2356 tradensque
992 2305 1146 2358 impuris
1161 2307 1234 2344 suis

279 2370 505 2415 satellitibus,
525 2370 669 2420 illisque
691 2368 801 2420 ipsam
815 2367 992 2406 substerni
1009 2382 1152 2419 cogens,
1169 2369 1231 2419 qui

280 2441 468 2484 postquam
480 2444 557 2467 eam
573 2428 680 2467 semel
693 2427 1004 2481 apprehenderint,
1023 2428 1068 2466 ita
1084 2429 1236 2482 turpiter

279 2507 360 2530 cum
375 2493 435 2529 illa
453 2489 746 2542 congrediuntur,
767 2489 814 2526 ita
830 2489 1099 2533 contumeliose.
1117 2499 1156 2528 ut
1173 2504 1236 2542 par

280 2563 330 2591 est
355 2554 466 2591 facere
490 2551 721 2603 nequissimos
749 2551 928 2588 daemonas
954 2550 1178 2589 vehementer
1197 2565 1237 2588 ac

281 2629 361 2652 cum
386 2614 504 2652 surore
530 2611 726 2665 perniciem
753 2611 1060 2662 ignominiamque
1084 2620 1238 2650 nostram

283 2683 496 2727 expetentes.
518 2673 693 2712 Nudatam
712 2672 846 2724 quippe
866 2671 965 2709 illam
980 2671 1148 2710 omnihus
1164 2672 1234 2710 vir-

285 2745 400 2774 tutum
416 2734 645 2781 indumentis,
660 2733 902 2783 vitiorumque
915 2732 1039 2784 pannis
1054 2733 1234 2781 amictam,

287 2796 454 2842 sordidis,
473 2796 657 2834 conscissis
671 2809 711 2832 ac
727 2793 875 2839 soetidis,
894 2793 968 2846 ipsa
987 2793 1148 2832 nuditate
1163 2803 1238 2840 tut·-

288 2858 422 2910 piorcm
443 2857 668 2894 constitutam
684 2886 694 2901 ,
717 2854 883 2906 omnique
906 2855 1047 2907 propria
1076 2855 1143 2893 sibi
1167 2855 1239 2893 im-
1266 2862 1288 2890 Ι)

290 2918 468 2956 munditia
491 2918 659 2970 repletam
675 2931 742 2954 non
760 2925 895 2954 cessant
917 2915 1141 2954 contumeliis
1160 2931 1241 2955 one-

292 2994 380 3017 rare.
414 2980 535 3029 Neque
561 2978 655 3016 enim
683 2977 793 3015 ullam
816 2986 943 3015 norunt
972 2977 1182 3016 exsecrandi
1209 2987 1241 3015 ct

292 3041 404 3091 iniqui
435 3038 639 3091 hujusmodi
677 3039 886 3077 concubitus
916 3039 1111 3077 satietatem
1179 3037 1239 3077 sed

334 3174 346 3188 ⁸·
374 3163 478 3195 tidem
497 3166 618 3196 ἰιοὶιιιν.

335 3227 346 3239 ⁸
372 3221 481 3250 *rubra-2
496 3214 587 3246 ‹tm-st
605 3214 636 3245 in
656 3213 786 3245 (luobus
800 3214 875 3245 §ts-1.

335 3270 351 3291 t.
376 3269 430 3299 Sic
453 3266 554 3299 Sznil.
574 3274 603 3296 ct
624 3265 691 3296 «tuo
710 3266 784 3296 Mss.
813 3265 902 3298 Edit.
922 3277 999 3297 vero
1021 3264 1137 3296 Mon-t.
1155 3268 1295 3308 χαὶιπώ-

292 3335 377 3364 τερα.

335 3380 348 3394 0
372 3367 474 3402 smil,
507 3377 539 3399 ct
568 3367 636 3400 duo
660 3367 736 3399 31³⁵.
763 3382 814 3404 τας
838 3372 919 3408 ἅπαξ
941 3374 1139 3411 &stomoma-
1164 3377 1205 3410 τῷ
1231 3377 1296 3410 Θεῷ

298 3429 400 3467 ‘'u-[53
419 3421 535 3453 Mors—l.
556 3428 586 3450 ιιι
613 3421 642 3449 in
664 3426 752 3449 textu
767 3446 773 3452 ,
794 3426 891 3460 atquc
915 3421 959 3450 sic·
984 3420 1056 3454 legit
1091 3417 1295 3451 Anibi-nous.

760 203 946 235 JOANMS
983 199 1226 231 cutu'sos'r.
1264 200 1471 232 Ancutm‘.
1510 202 1867 233 CONS'rAN'rtNOP.

1287 284 1453 334 λομένους
1471 284 1669 336 ἐξάγοντες,
1688 286 1748 324 καὶ
1772 285 1859 338 πρὸς
1889 284 1947 322 τὸν
1979 286 2042 331 τῆς
2059 283 2210 337 ἡσυχίας
2227 283 2314 331 ὁδη-

1289 349 1428 396 γοῦντες
1448 347 1592 398 λιμένα,
1616 347 1758 391 δικαίως
1780 346 1820 384 ἂν
1852 346 2056 396 ἐγκαλοῖντο
2089 344 2173 399 παρ’
2195 347 2315 396 ὑμῶν.

1292 408 1369 444 ἀλλ’
1389 410 1421 445 οἱ
1440 407 1540 447 πόλιν
1562 408 1713 454 ἑκάστην
1735 407 1842 450 οὕτως
1861 406 1990 444 άὸατον
2011 406 2237 459 ἐργαζόμενοι
2255 405 2316 444 καὶ

1291 468 1376 519 πρὸς
1394 469 1597 521 φιλοσοφίαν
1616 468 1855 514 ἀνεπιτήδειον
1869 497 1878 514 ,
1892 468 1939 510 ὡς
1961 466 2217 518 ἀναγκάζεσθαι
2236 464 2316 510 τοὺς

1292 532 1447 575 σωθῆναι
1491 530 1718 581 βουλομένους
1747 528 1809 572 τὰς
1849 527 2000 579 ἐρημίας
2026 531 2041 547 ²
2072 526 2315 578 μεταδιώκειν.

1294 589 1382 630 Εἰπὲ
1403 591 1471 643 γάρ
1492 606 1569 641 μοι,
1602 591 1632 629 εἴ
1660 607 1711 634 τις
1740 589 1963 640 μεσονύκτιον
1992 588 2166 638 λαμπάδα
2196 586 2315 626 λαὸὼν

1293 651 1406 690 οἰκίαν
1439 651 1608 704 ἐνέπρησε
1648 651 1802 702 μεγάλην
1833 650 1893 688 καὶ
1925 647 2197 701 πολυάνθρωπον
2211 677 2221 695 ,
2247 652 2318 690 τοῖς

1295 710 1390 749 ἔνδον
1416 710 1639 749 καθεύδουσιν
1672 708 1927 755 ἐπιῧουλεύων,
1947 707 2026 746 τίνα
2053 707 2093 744 ἂν
2112 706 2244 758 ἔφαμεν
2264 699 2318 743 εἶ-

1295 787 1351 808 ναι
1372 772 1480 810 κακὸν
1491 801 1500 814 ,
1516 772 1574 810 τὸν
1596 773 1808 822 διεγείροντα
1822 770 1901 813 τοὺς
1917 768 2164 815 καθεύδοντας,
2182 766 2243 806 καὶ
2257 769 2319 813 τῆς

1296 831 1408 877 οἰκίας
1429 833 1594 883 ἐξάγοντα
1615 832 1768 878 ἐκείνης,
1792 830 1814 877 ἢ
1843 831 1902 869 τὸν
1928 829 2111 882 ἀνάψαντα
2139 829 2179 867 τὸ
2197 833 2267 881 πῦρ
2287 827 2322 873 ἐξ

1299 897 1431 948 ἀρχῆς,
1454 895 1514 933 καὶ
1535 894 1708 941 τοσαύτην
1731 894 1887 944 ἀνάγκην
1907 894 2022 936 αὐτοῖς
2039 906 2078 929 τε
2098 889 2240 933 ἐκείνοις
2261 892 2323 929 καὶ

1297 960 1348 1009 τῷ
1363 957 1505 1000 τούτους
1525 957 1727 1007 ἐξαγαγόντι
1755 955 2034 1006 περιστήσαντα;
2051 951 2099 990 Τί
2120 951 2190 998 δαὶ,
2209 950 2241 989 εἴ
2270 966 2322 993 τις

1302 1017 1578 1068 τυραννουμένην
1598 1018 1698 1056 πόλιν
1730 1017 1810 1055 ἰδὼν
1830 1016 1890 1054 καὶ
1907 1018 2075 1054 νοσοῦσαν
2095 1013 2155 1052 καὶ
2174 1010 2326 1051 στασιά-

1300 1082 1445 1127 ζουσαν,
1466 1079 1602 1118 ἔπεισεν
1621 1079 1679 1122 οὒς
1702 1079 1854 1124 ἠδύνατο
1872 1080 1940 1115 τῶν
1961 1077 2024 1124 τὴν
2044 1075 2146 1114 πόλιν
2162 1078 2176 1095 ⁸
2193 1073 2325 1122 ταύτην

1748 1140 1833 1183 πρὸς
1854 1139 1917 1182 τὰς
1942 1141 2011 1176 τῶν
2031 1140 2120 1191 ὀρῶν
2146 1136 2298 1189 κορυφὰς
2315 1167 2325 1179 ,

1302 1202 1361 1240 καὶ
1381 1202 1503 1245 πείσας
1525 1204 1632 1252 ὁμοῦ,
1657 1201 1716 1239 καὶ
1738 1200 1927 1251 συνέπραξε
1947 1200 2030 1252 πρὸς
2053 1199 2182 1245 ταύτην
2211 1198 2328 1240 αὐτοῖς

1301 1140 1486 1178 οἰκούντων
1513 1141 1725 1191 ἀναδραμεῖν

1301 1263 1364 1309 τὴν
1385 1262 1629 1314 ἀναχιῖιρησιν,
1649 1262 1739 1306 τίνος
1760 1261 1799 1299 ἂν
1830 1260 2098 1311 κατηγόρησας;
2124 1264 2184 1298 τοῦ
2214 1275 2327 1308 μετα-

1303 1322 1417 1365 θέντος
1445 1322 1514 1360 ἀπὸ
1539 1322 1667 1369 ταύτης
1687 1325 1749 1368 τῆς
1777 1325 1935 1374 ταραχῆς
1962 1320 2046 1371 πρὸς
2077 1320 2139 1366 τὴν
2171 1319 2328 1370 γαλήνην

1303 1382 1437 1429 ἐκείνην
1467 1382 1545 1426 τοὺς
1576 1385 1609 1421 ἐν
1637 1383 1734 1435 μέσῳ
1759 1381 2034 1435 χειμαζομένους
2063 1379 2285 1431 ἀνθρώπους,
2305 1378 2329 1425 ἢ

1303 1443 1360 1481 τὸν
1380 1447 1490 1481 ταῦτα
1510 1444 1748 1496 ἐργασάμενον
1771 1442 1814 1480 τὰ
1834 1441 2005 1494 ναυάγια;
2028 1441 2088 1488 Μὴ
2109 1439 2178 1493 γάρ
2195 1456 2249 1479 τοι
2267 1455 2329 1478 νο·
2350 1440 2353 1443 ’

1305 1505 1411 1556 μίσῃς
1443 1504 1586 1555 ἄμεινον
1618 1504 1895 1557 τυραννουμένης
1929 1503 2065 1547 πόλεως
2099 1503 2142 1541 τὰ
2175 1505 2244 1541 τῶν
2273 1504 2331 1541 ἀν-

1303 1566 1452 1620 θρώπιον
1481 1566 1675 1619 πράγματα
1698 1567 1892 1605 διάκεισθαι
1910 1569 1968 1603 νῦν
1983 1595 1994 1612 ,
2013 1564 2103 1604 ἀλλὰ
2129 1564 2188 1603 καὶ
2207 1564 2330 1616 πολλῷ

1303 1627 1319 1648 ¹’
1336 1628 1597 1681 χαλεπώτερον.
1618 1630 1671 1667 Οὐ
1691 1629 1758 1681 γὰρ
1779 1629 1978 1679 ἅνθρωπος,
2000 1625 2090 1664 ἀλλά
2108 1641 2161 1669 τις
2179 1625 2330 1678 πονηρὸς

1305 1690 1438 1741 δαίμων
1473 1690 1633 1742 καθάπερ
1674 1690 1837 1743 τύραννος
1877 1689 1994 1741 ἄγριος
2025 1687 2088 1735 τὴν
2123 1687 2328 1739 οἰκουμένην

1304 1751 1445 1790 ἅπασαν
1462 1750 1674 1789 καταλαὲὼν
1688 1779 1697 1796 ,
1716 1750 1806 1800 μετὰ
1824 1750 1940 1796 πάσης
1957 1752 2060 1788 αὐτοῦ
2078 1751 2139 1794 τῆς
2155 1749 2332 1801 φάλαγγος

1304 1815 1352 1856 εἷς
1371 1813 1414 1852 τὰ
1435 1815 1503 1850 τῶν
1524 1813 1715 1864 ἀνθρώπων
1737 1810 1956 1861 εἰσεκώμασε
1979 1811 2114 1863 ψυχάς·
2135 1803 2210 1849 εἶτα
2232 1811 2327 1848 ἐκεῖ·

1306 1879 1361 1913 θεν
1372 1905 1381 1922 ,
1401 1874 1521 1927 ὥσπερ
1537 1875 1575 1912 ἔκ
1589 1889 1679 1918 τινος
1698 1873 1922 1928 ἀκροπόλεως
1936 1902 1945 1920 ,
1964 1872 2007 1911 τὰ
2025 1871 2136 1924 μιαρὰ
2150 1871 2210 1911 καὶ
2224 1873 2330 1921 ἐναγῆ

1306 1938 1384 1975 καθ’
1407 1935 1557 1982 ἑκάστην
1584 1936 1721 1988 ἡμέραν
1752 1934 1977 1986 ἐπιτάγματα
2006 1933 2232 1985 καταπέμπει
2257 1939 2331 1971 πᾶ-

1307 2013 1380 2045 σιν,
1399 1999 1436 2034 οὐ
1457 1997 1589 2049 γάμους
1609 1999 1786 2043 διασπῶν,
1805 1996 1882 2034 οὐδὲ
1910 1995 2080 2048 χρήματα
2100 1994 2251 2045 πέμπων
2272 1996 2333 2035 καὶ

1305 2060 1416 2112 φέρων
1437 2059 1558 2109 μόνον,
1575 2057 1650 2097 οὐδὲ
1667 2058 1802 2109 σφαγὰς
1821 2057 2050 2109 ἐργαζόμενος
2070 2056 2208 2101 ἀδίκους
2235 2058 2331 2096 ἀλλὰ

1304 2121 1348 2159 τὰ
1368 2122 1488 2172 πολλῷ
1507 2119 1637 2158 τούτων
1658 2119 1893 2171 χαλεπώτερα
1905 2150 1914 2165 ,
1929 2124 1942 2139 ⁰
1957 2119 2020 2165 τὴν
2037 2118 2129 2164 ἅπαξ
2147 2120 2331 2170 ἁρμοσθεῖ-

1305 2197 1369 2220 σαν
1389 2185 1438 2234 τῷ
1455 2185 1538 2234 Θεῷ
1552 2180 1669 2234 ψυχὴν
1687 2184 1748 2227 τῆς
1767 2180 1829 2231 μὲν
1844 2181 1930 2232 πρὸς
1948 2181 2076 2219 ἐκεῖνον
2093 2180 2232 2230 ὁμιλίας
2246 2182 2334 2220 ἀπά·

1304 2260 1373 2296 γων
1385 2274 1395 2292 ,
1407 2242 1560 2286 ἐκδιδοὺς
1572 2243 1607 2282 δὲ
1619 2248 1688 2286 τοῖς
1700 2241 1910 2295 ἀκαθάρτοις
1924 2243 2026 2280 αὐτοῦ
2038 2241 2237 2296 δορυφόροις
2248 2271 2258 2290 ,
2273 2243 2333 2280 καὶ

1303 2304 1640 2357 συγκατακλίνεσθαι
1659 2303 1933 2355 καταναγκάζων
1956 2305 2088 2346 αὐτοῖς·
2110 2302 2210 2356 οἵπερ
2233 2306 2333 2342 ἐπει-

1305 2368 1366 2406 δὰν
1387 2366 1480 2411 ἅπαξ
1500 2365 1609 2412 αὐτὴν
1630 2365 1896 2418 παραλάὸωσιν,
1915 2364 2022 2408 οὕτως
2042 2365 2130 2417 αὐτῇ
2150 2364 2334 2417 συγγίνον-

1304 2445 1362 2467 ται
1384 2429 1538 2480 αἷσχρῶς
1553 2427 1613 2465 καὶ
1630 2427 1859 2480 ῧὸριστικῶς,
1874 2427 1920 2469 ὡς
1937 2426 2027 2469 εἰκὸς
2044 2425 2212 2477 δαίμονας
2228 2441 2334 2473 πονη-

1308 2489 1383 2543 ροὺς
1411 2491 1567 2542 σφοδρῶς
1588 2488 1649 2526 καὶ
1669 2491 1823 2538 μανικῶς
1845 2491 1906 2534 τῆς
1928 2503 1966 2525 τε
1986 2486 2163 2530 ἀπωλείας
2183 2486 2241 2524 καὶ
2269 2489 2333 2532 τῆς

1308 2550 1557 2604 ἀσχημοσύνης
1567 2551 1720 2601 ἐρῶντας
1733 2552 1794 2595 τῆς
1805 2547 1990 2599 ἡμετέρας.
2003 2547 2254 2590 Ἀποδύσαντες
2265 2546 2334 2599 γὰρ

1308 2612 1416 2659 αὐτὴν
1432 2611 1572 2650 πάντων
1587 2613 1656 2648 τῶν
1668 2612 1730 2656 τῆς
1740 2610 1866 2661 ἀρετῆς
1879 2608 2030 2658 ἱματίων
2042 2638 2050 2653 ‚
2065 2607 2183 2647 καὶτὰ
2194 2611 2257 2655 τῆς
2272 2624 2335 2647 κα-

1309 2674 1386 2717 κίας
1397 2673 1412 2693 ‘¹
1427 2673 1530 2727 ῥάκια
1543 2671 1673 2722 [πάθη]
1682 2670 1879 2722 περιθέντες
1893 2669 1935 2708 τὰ
1947 2672 2110 2722 ῥυπῶντα
2125 2670 2184 2708 καὶ
2198 2671 2336 2723 διεῤῥη-

1309 2735 1423 2787 γμένα
1441 2734 1499 2773 καὶ
1521 2732 1681 2778 δυσώδη,
1703 2732 1761 2769 καὶ
1786 2733 1848 2776 τῆς
1870 2730 2086 2783 γυμνότητος
2105 2732 2337 2784 αἰσχροτέραν

1312 2796 1419 2842 αὐτὴν
1432 2792 1747 2846 ἀποφαίνοντα,κα“ι
1759 2791 1874 2838 πάσης
1882 2795 1943 2839 τῆς
1954 2792 2082 2836 οἰκείας
2095 2793 2340 2845 προσαναπλη-

1313 2873 1432 2900 σαντες
1444 2854 1719 2908 ἀκαθαρσίας,οὺ
1736 2851 1903 2891 παύονται
1926 2859 2000 2895 ταῖς
2016 2855 2062 2897 εἷς
2076 2853 2183 2900 αὐτὴν
2200 2855 2339 2904 ἐμπομ-

1313 2918 1474 2962 πεύοντες
1483 2916 1636 2969 ὓίρεσιν.
1652 2914 1743 2952 Οὐδὲ
1757 2913 1822 2965 γὰρ
1833 2914 2014 2952 ἴσασίτινα
2029 2915 2128 2966 κόρον
2139 2918 2200 2961 τῆς
2211 2920 2341 2966 μιαρᾶς

1315 2976 1444 3024 ταύτης
1466 2975 1524 3014 καὶ
1557 2973 1760 3026 παρανόμου
1795 2972 1941 3024 μίξεως,
1977 2975 2054 3012 ἀλλ’
2075 2973 2196 3025 ὥσπερ
2215 2975 2245 3011 οἱ
2269 2987 2338 3024 με·

1316 3037 1471 3081 θύοντες,
1487 3035 1567 3073 ὅταν
1595 3033 1817 3085 ἐμφορηθῶσι
1839 3032 1968 3070 πολλοῦ
1987 3035 2046 3069 τοῦ
2067 3032 2242 3083 πόματος,
2258 3030 2339 3070 τότε

1334 3159 1424 3192 Infra
1440 3157 1507 3190 duo
1522 3158 1597 3189 Mss.
1618 3162 1852 3199 καταναγκάζων
1870 3159 1984 3194 αὖτοὺς.

1375 3211 1390 3236 ‘¹
1416 3210 1471 3243 Sic
1487 3208 1702 3255 More—{spensa
1714 3215 1792 3245 mor.
1813 3215 1911 3252 περιθ.
1927 3207 1992 3239 sod
2011 3212 2090 3244 πάθη
2104 3205 2195 3238 ‹lt-est
2212 3207 2243 3238 in
2259 3205 2336 3238 Mss.

1333 3263 1341 3308 Ι
1360 3271 1392 3295 vt
1410 3275 1469 3295 nos
1487 3274 1562 3293 cum
1581 3261 1705 3294 savilio
1735 3260 1937 3292 inclusimus.
1961 3259 1971 3303 1
1992 3259 2082 3292 lnsrn
2096 3257 2198 3291 Snvil.
2217 3260 2250 3290 in
2269 3267 2339 3290 tex-

1333 3324 1366 3347 tu
1389 3322 1421 3345 et
1447 3311 1562 3345 Mors-t.
1592 3319 1697 3350 οἰκίας
1730 3316 2050 3354 πιεοςαναπὶηααντις,
2068 3310 2157 3343 Savil
2176 3311 2208 3342 in
2231 3321 2337 3353 marg.

1334 3372 1624 3412 tzeouwzpluvru
1637 3392 1644 3404 ‚
1660 3363 1728 3396 duo
1746 3365 1821 3398 Mss.
1835 3371 2146 3409 πραεῖαν-χρήσαντες.
