2549 3825
0 1299 8 1345 ἰι

977 283 1035 312 DE
1069 283 1375 315 valNlTATE.

163 363 336 414 νοημένης
357 361 448 400 κατὰ
469 365 538 401 τῶν
562 365 753 413 ἐπιθυμιῶν
782 364 831 401 δεῖ
857 366 971 416 ψυχῆς
990 381 998 388 ·
1026 366 1084 403 ἐπὶ
1111 366 1179 416 γὰρ

163 423 344 474 ἀνθράκων
365 423 415 460 δεῖ
429 429 634 476 περιπατεῖν
656 422 717 460 καὶ
742 422 790 473 μὴ
813 424 1089 471 κατακαίεσθαι,
1123 426 1181 463 ἐπὶ

163 482 274 534 ξίφους
305 484 456 533 βαδίζειν
489 482 549 521 καὶ
581 482 629 533 μὴ
656 482 882 529 πλήττεσθαι.
917 485 1084 530 Τοσαύτη
1111 484 1180 535 γὰρ

162 546 224 589 τῆς
243 542 427 593 ἐπιθυμίας
445 547 467 590 ἡ
489 543 607 596 ἰσχὺς,
627 543 690 591 ὅση
709 543 768 581 καὶ
794 543 900 595 πυρὸς
926 545 985 582 καὶ
1016 545 1157 598 σιδήρου
1171 560 1179 568 ·

161 603 226 642 κᾶν
260 603 308 654 μὴ
341 604 430 642 οὕτω
477 605 568 656 τύχῃ
600 604 912 658 παρεσκευασμένη
938 605 1046 656 ’ψυχὴ
1091 604 1180 655 μηδὲ

161 664 429 716 ἐπιστρέφεσθαι
456 666 540 717 πρὸς
559 664 620 708 τὰς
650 663 782 711 ἐκείνης
808 664 1022 716 ἀλγηδόνας,
1044 665 1180 716 ταχέως

163 724 290 771 ἑαυτὴν
324 728 459 764 ἀπολεῖ.
491 728 554 764 Δεῖ
579 726 691 765 τοίνυν
721 729 806 776 ἡμῖν
837 726 1074 775 ἀδαμαντίνης
1104 727 1178 763 δια-

161 784 273 830 νοίας,
307 786 481 836 μηδέποτε
512 786 735 830 καθεύδοντος
765 788 962 838 ὀφθαλμοῦ,
993 784 1180 838 καρτερίας

161 847 314 893 πολλῆς,
332 851 458 899 τειχῶν
480 850 631 899 ἰσχυρῶν
645 878 654 894 ,
673 847 690 867 h
705 851 854 899 θριγκῶν
882 847 1004 891 ἔξωθεν
1033 846 1093 885 καὶ
1113 862 1179 897 μο-

160 908 277 958 χλῶν,
293 908 456 959 φυλάκων
482 907 719 961 ἐγρηγορότων
739 908 800 946 καὶ
825 907 1011 956 γενναίων,
1031 907 1091 945 καὶ
1111 907 1180 960 πρὸ

159 966 289 1005 τούτων
322 967 486 1005 ἁπάντων
516 971 579 1014 τῆς
609 968 739 1005 ἄνωθεν
768 970 888 1019 ῥοπῆς.
918 967 1004 1006 Ἐὰν
1033 967 1100 1019 γὰρ
1129 967 1177 1018 μὴ

159 1027 284 1079 Κύριος
301 1028 433 1080 φυλάξῃ
452 1026 572 1076 πόλίν,
597 1031 644 1072 εἰς
672 1028 786 1079 μάτην
806 1028 1032 1080 ἠγρύπνησαν
1063 1031 1093 1067 οἱ
1114 1045 1180 1080 φυ-

156 1088 344 1133 λάσσοντες
381 1090 503 1136 αὐτήν.
538 1091 622 1133 Πῶς
654 1084 712 1128 οῦν
745 1090 808 1136 τὴν
840 1091 949 1142 ῥοπὴν
984 1090 1181 1128 ἐπισπασό-
1204 1094 1228 1124 C

157 1153 247 1199 μεθα
266 1150 415 1198 ταύτην;
438 1150 552 1189 (Ὅταν
579 1151 627 1189 τὰ
655 1151 740 1202 παρ’
762 1153 895 1189 ἑαυτῶν
928 1151 1067 1190 ἅπαντα
1101 1154 1178 1190 εἷσ-

157 1209 374 1261 ενέγκωμεν,
401 1212 568 1264 λογισμὸν
596 1215 699 1262 ὑγιῆ,
718 1212 880 1259 νηστείας
899 1213 960 1250 καὶ
982 1212 1178 1264 ἀγρυπνίας

155 1272 289 1318 πολλὴν
317 1271 380 1317 τὴν
413 1273 591 1318 ἐπίτασιν,
610 1272 814 1324 νομοθεσίας
844 1273 1047 1326 ἀκρίὸειαν,
1074 1276 1177 1312 ἐντο-

157 1333 227 1370 λῶν
260 1333 439 1383 φυλακὴν,
470 1334 530 1372 καὶ
562 1334 602 1372 τὸ
630 1334 772 1372 πάντων
811 1335 1020 1385 κεφάλαιον,
1053 1335 1093 1372 τὸ
1125 1334 1174 1384 μὴ

157 1393 294 1444 θαῤῥεῖν
327 1397 472 1438 ἑαυτοῖς.
507 1394 580 1433 Κᾶν
623 1394 692 1447 γὰρ
735 1393 872 1445 μεγάλα
907 1396 1176 1444 κατωρθωκότες

155 1453 340 1505 τύχωμεν,
370 1456 481 1493 ἐκεῖνο
518 1454 632 1504 λέγειν
674 1457 862 1505 ἀναγκαῖον
905 1455 991 1507 πρὸς
1033 1455 1177 1499 ἑαυτοὺς

156 1515 360 1563 διαπαντὸς,
387 1515 473 1554 Ἐὰν
502 1515 550 1566 μὴ
581 1515 707 1567 Κύριος
737 1510 829 1554 οἷκον
861 1515 1098 1567 οἷκοδομήσῃ,
1129 1518 1176 1560 εἷς

156 1575 273 1624 μάτην
304 1576 492 1615 ἐκοπίασαν
520 1580 551 1615 οἱ
577 1578 839 1626 οἰκοδομοῦντες
872 1575 986 1614 αὐτόν.
1019 1577 1073 1613 Οὐ
1106 1576 1175 1628 γάρ

155 1637 248 1674 ἔστιν
279 1640 364 1687 ἡμῖν
396 1641 418 1683 ἡ
447 1638 543 1684 πάλη
577 1637 663 1688 πρὸς
704 1631 793 1686 αἷμα
823 1636 883 1674 καὶ
915 1635 1050 1688 σάρκα,
1084 1637 1173 1674 ἀλλὰ

154 1696 240 1747 πρὸς
257 1696 317 1741 τὰς
335 1697 459 1750 ἀρχὰς,
471 1698 556 1750 πρὸς
574 1698 636 1740 τὰς
654 1697 819 1743 ἐξουσίας,
845 1697 931 1749 πρὸς
947 1696 1026 1740 τοὺς
1045 1713 1173 1747 κοσμο-

153 1758 326 1810 κράτορας
353 1763 413 1797 τοῦ
443 1759 586 1801 σκότους
610 1763 671 1796 τοῦ
698 1760 820 1801 αἰῶνος
845 1757 968 1795 τούτου
984 1785 996 1805 ‚
1025 1757 1111 1808 πρὸς
1129 1757 1174 1796 τὰ

150 1819 374 1869 πνευματικὰ
404 1822 467 1866 τῆς
493 1819 661 1872 πονηρίας
691 1821 726 1858 ἐν
755 1825 827 1862 τοῖς
857 1818 1090 1870 ἐπουρανίοις·
1112 1818 1171 1856 καὶ

152 1881 203 1918 δεῖ
247 1880 383 1931 νύκτωρ
419 1880 479 1918 καὶ
513 1882 588 1930 μεθ’
621 1881 757 1931 ἡμέραν
788 1879 1030 1929 ὡπλισμένους
1061 1883 1171 1930 εὴμῖν

152 1940 297 1979 ἱστάναι
333 1940 410 1984 τοὺς
445 1940 654 1992 λογισμοὺς,
682 1941 743 1978 καὶ
771 1940 939 1993 φοὸεροὺς
978 1934 1066 1978 εἶναι
1096 1946 1173 1984 ταῖς

151 2005 392 2058 ἀναισχύντοις
431 2004 650 2056 ἐπιθυμίαις·
686 2007 733 2049 ὡς
773 2005 814 2042 ἂν
844 2005 969 2057 μικρὸν
1003 2006 1172 2054 ἐνδῶσιν,

150 2066 296 2114 ἕστηκεν
317 2071 335 2106 ὁ
364 2067 523 2111 διάῧολος
559 2072 628 2120 πῦρ
661 2067 753 2118 ἔχων
784 2066 875 2116 μετὰ
910 2072 1050 2120 χεῖρας,
1082 2067 1172 2105 ὥστε

149 2130 324 2179 ἐναφεῖναι
340 2129 400 2166 καὶ
428 2127 645 2180 καταφλέξαι
663 2133 723 2167 τοῦ
746 2129 838 2166 Θεοῦ
866 2127 924 2166 τὸν
947 2128 1040 2166 ναόν.
1068 2128 1172 2166 Πάν-

148 2192 246 2227 τοθεν
267 2183 326 2228 οῦν
346 2192 440 2240 ἡμᾶς
466 2192 675 2242 ὠχυρῶσθαι
704 2189 786 2242 χρή.
824 2189 917 2240 Πρὸς
946 2189 1014 2240 γὰρ
1036 2189 1172 2241 φύσεως

148 2250 304 2301 ἀνάγκην
344 2255 429 2302 ἡμῖν
459 2255 481 2297 ἢ
515 2252 634 2304 μάχη,
664 2252 750 2304 πρὸς
795 2251 950 2302 ἀγγέλων
990 2250 1169 2289 πολιτείαν

148 2313 166 2348 ὃ
185 2313 308 2358 ζῆλος,
344 2312 434 2362 μετὰ
475 2313 673 2363 ἀσωμάτων
704 2312 885 2361 δυνάμεων
923 2315 941 2349 ὃ
972 2312 1117 2364 δρόμος·
1145 2316 1166 2359 ἡ

146 2374 192 2422 γῆ
221 2373 280 2410 καὶ
314 2376 332 2410 ὁ
354 2374 478 2417 σποδὸς
507 2379 579 2417 τοῖς
608 2376 641 2412 ἐν
677 2376 812 2426 οὐρανῷ
845 2373 1080 2425 διατρίὸουσιν
1111 2373 1167 2418 ἐξ-

148 2439 306 2474 ισοῦσθαι
332 2439 538 2488 φιλονεικεῖ,
565 2438 623 2475 καὶ
653 2440 675 2483 ἠ
706 2437 816 2488 φθορὰ
839 2436 921 2487 πρὸς
942 2436 1005 2482 τὴν
1030 2439 1168 2489 ἀφθαρ-

147 2497 226 2536 σίαν
266 2497 330 2544 τὴν
368 2498 521 2548 ἅμιλλαν
566 2499 674 2537 ἔθετο.
706 2497 818 2535 άἜτι
861 2492 918 2535 οὖν
953 2497 1067 2548 γάμον
1107 2498 1166 2536 καὶ

145 2557 272 2604 ἡδονὴν
291 2558 444 2611 τοσούτῳ
463 2559 646 2611 πράγματι
668 2559 887 2610 παραὲαλεῖν
907 2559 1074 2609 τολμήσει
1096 2576 1163 2606 τις,

146 2619 222 2658 εἰπέ
253 2635 326 2670 μοις
348 2620 408 2659 καὶ
427 2623 500 2664 πῶς
534 2621 596 2658 οὐκ
627 2620 746 2667 εὔηθες
765 2620 862 2666 λίαν;
881 2621 1004 2657 Ταῦτα
1026 2620 1164 2658 ἅπαντα

145 2684 164 2719 ὃ
195 2682 335 2725 Παῦλος
371 2680 531 2724 συνειδὼς
570 2682 706 2732 ἔλεγεν·
738 2679 914 2724 Ἵίκαστος
948 2680 1012 2727 τὴν
1044 2683 1166 2720 ἑαυτοῦ

144 2748 292 2791 γυναῖκα
317 2742 442 2794 ἐχέτω.
472 2742 540 2781 Διὰ
567 2745 677 2780 ταῦτα
699 2742 876 2789 ἀνεδύετο,
895 2742 950 2779 διὰ
970 2744 1082 2779 ταῦτα
1102 2745 1163 2780 οὐκ

145 2803 281 2856 ἐθάῤῥει
312 2803 536 2855 διαλεχθῆναι
559 2803 593 2848 ἐξ
625 2805 739 2855 ἀρχῆς
770 2804 848 2854 περὶ
879 2803 1066 2856 παρθενίας
1101 2807 1163 2842 αὐ-

145 2869 238 2910 τοῖς,
259 2865 350 2903 ἀλλὰ
370 2871 440 2908 τοῖς
460 2864 540 2916 περὶ
559 2870 616 2904 τοῦ
643 2865 757 2917 γάμου
785 2864 900 2915 λόγοις
929 2866 1137 2917 ἑνδιατρίὸει
1151 2896 1160 2913 ,

145 2924 235 2962 κατὰ
268 2925 388 2976 μικρὸν
419 2927 616 2972 ἀποστῆσαι
637 2929 695 2964 τοῦ
728 2925 840 2977 γάμου
862 2926 1069 2977 βουλόμενος
1098 2929 1161 2965 αὐ-

143 2983 221 3028 τοὺς
237 3015 245 3030 ,
268 2986 326 3023 καὶ
345 2984 423 3029 τοὺς
452 2986 532 3038 περὶ
550 2989 611 3032 τῆς
642 2987 846 3038 ἐγκρατείας
874 2987 994 3039 λόγους
1015 2990 1158 3040 βραχεῖς

140 3046 396 3096 ποιησάμενος,
423 3046 564 3090 ἐκείνοις
591 3049 732 3092 πολλοῖς
751 3042 844 3086 οὖσιν
864 3048 986 3091 αὐτοὺς
1014 3050 1156 3099 ἐγκατέ-

141 3107 254 3158 μιξεν,
289 3110 351 3146 οὐκ
381 3109 491 3161 ἀφιεὶς
538 3111 715 3160 πληγῆναι
761 3110 824 3157 τὴν
868 3109 976 3155 ἀκοὴν
1009 3113 1059 3162 τῷ
1094 3114 1155 3157 τῆς

137 3168 373 3220 παραινέσεως
413 3172 587 3222 αὐστηρῷ.
617 3170 662 3208 ‘0
700 3170 768 3222 γὰρ
799 3171 877 3209 ὅλον
909 3172 952 3208 δι’
983 3170 1062 3208 ὅλου
1098 3171 1154 3209 διὰ

138 3232 204 3268 τῶν
237 3230 432 3282 βαρυτέρων
462 3232 598 3270 πλέκων
625 3233 682 3270 τὸν
711 3231 811 3283 λόγον
840 3232 995 3283 ἐπαχθής
1014 3232 1052 3270 τέ
1080 3235 1152 3270 ἐστι

1199 1868 1223 1897 1)

1191 2626 1214 2655 E

1169 3266 1215 3289 2³:⁸0

2108 269 2193 316 351

1251 366 1445 404 libidinum
1469 380 1573 405 sensu
1595 380 1734 405 averso.
1764 367 1857 406 Nam
1881 381 1945 420 per
1964 367 2133 408 carbones
2154 370 2205 409 sic
2216 393 2388 421 magnorum

1253 427 1526 477 ingrediendum
1540 437 1608 477 est,
1630 437 1669 466 ut
1687 442 1757 466 non
1774 429 1904 477 uraris,
1923 438 1956 466 et
1974 429 2023 466 ita
2041 444 2105 482 per
2123 445 2203 468 mu·
2216 426 2393 494 00πῦξηῦ

1253 502 1374 526 crones
1405 489 1583 535 eundum,
1611 498 1651 526 ut
1670 503 1740 526 non
1770 490 1951 527 sancieris.
1969 490 2022 528 Ea
2041 500 2092 529 est
2109 492 2204 530 enim
2217 477 2295 535 53:1¹
2333 477 2406 494 ⁰⁰⁰-

1251 548 1415 587 libidinis
1443 550 1498 588 vis
1512 580 1522 597 ‚
1555 564 1632 600 quae
1653 550 1746 601 ignis
1768 560 1874 601 atque
1892 552 1996 600 ferri3
2019 552 2118 603 quod
2137 554 2205 591 nisi
2219 547 2405 578 P'⁰‘'·6·²3·

1251 609 1391 647 animus
1409 611 1455 648 ita
1472 620 1696 663 comparatus
1712 612 1771 657 sit,
1787 621 1827 648 ut
1842 626 1906 649 nec
1915 612 1961 650 ad
1975 614 2051 664 ejus
2065 613 2207 652 dolores

1252 680 1457 718 moveatur,
1484 672 1650 723 protinus
1677 686 1715 709 se
1732 671 1867 723 perdet.
1902 674 2026 722 Itaque
2046 688 2136 725 opus
2155 683 2208 712 est

1251 731 1354 769 nobis
1370 731 1596 770 adamantina
1609 741 1740 779 mente,
1753 733 1855 770 oculo
1872 733 2042 779 insomni,
2057 736 2208 773 toleran-

1251 792 1301 829 tia
1325 806 1477 838 summa,
1504 793 1617 830 muris
1637 793 1750 830 firmis
1765 823 1773 839 ,
1795 794 2074 832 antemuralibus
2094 809 2135 833 ac
2156 810 2207 834 re·

1251 853 1394 905 pagulis
1408 883 1418 901 ‚
1441 853 1650 890 custodibus
1667 853 1906 905 pervigilibus
1922 868 1963 890 ac
1982 855 2203 906 praevalidis,

1251 922 1358 964 atque
1387 913 1423 950 in
1448 913 1574 965 primis
1598 913 1729 951 caelesti
1758 914 1890 951 favore.
1911 915 2002 952 Nam
2020 917 2107 954 ,Nisi
2121 917 2204 954 Do-
2220 924 2312 952 Psal.
2336 923 2405 953 126.

1253 977 1380 1013 minus
1397 976 1530 1012 urbem
1552 975 1927 1024 custodiat‚srustra
1949 977 2126 1027 vigilant
2141 980 2208 1028 qui
2224 972 2250 993 ¹·

1252 1036 1477 1073 cusiodiunt
1492 1048 1593 1072 eam.
1612 1037 1659 1072 At
1674 1048 1744 1085 quo
1760 1044 1864 1087 pacto
1880 1049 1960 1073 eum
1976 1036 2133 1074 favorem
2147 1038 2209 1075 cli-

1252 1096 1412 1135 ciemus?
1434 1096 1472 1135 Si
1491 1106 1611 1135 nostra
1631 1097 1749 1134 omnia
1769 1097 2004 1147 conferamus,
2026 1111 2108 1136 sana
2125 1112 2210 1137 con·

1254 1158 1349 1204 Silia,
1376 1172 1553 1196 summam
1568 1159 1699 1210 jejunii
1718 1172 1759 1195 ac
1782 1158 1992 1209 vigiliarum
2011 1160 2207 1198 contentio-

1251 1233 1346 1267 nem,
1360 1220 1456 1272 legis
1475 1229 1677 1257 accuratam
1697 1219 1996 1266 observationem,
2017 1221 2207 1259 mandato-

1251 1296 1333 1319 rum
1363 1281 1577 1325 custodiam,
1603 1290 1636 1318 et
1655 1279 1751 1331 quod
1777 1289 1884 1332 caput
1903 1290 1976 1329 est,
1995 1282 2026 1319 si
2046 1281 2082 1319 in
2102 1282 2207 1320 nobis

1256 1343 1427 1380 fiduciam
1443 1356 1512 1380 non
1529 1342 1761 1389 collocemus;
1782 1355 1864 1379 nam
1883 1342 1947 1379 etsi
1967 1356 2095 1393 magna
2111 1358 2208 1394 quae·

1249 1403 1331 1441 dam
1343 1412 1565 1456 praestemus,
1574 1402 1665 1441 illud
1676 1402 1772 1454 apud
1785 1417 1847 1440 nos
1860 1412 2031 1455 perpetuo
2041 1404 2205 1443 dicamus

1250 1478 1388 1502 necesse
1395 1473 1462 1502 est:
1474 1465 1562 1501 Nisi
1570 1465 1761 1501 Dominus
1771 1464 2203 1514 aedificaveritdomum‚
2219 1478 2300 1506 lbid.

1249 1527 1291 1562 in
1320 1539 1468 1563 vanum
1490 1525 1765 1562 laboraverunt
1792 1528 1858 1575 qui
1881 1526 2078 1576 aedificant
2100 1540 2201 1564 eam.

1248 1587 1330 1623 Nec
1343 1589 1445 1624 enim
1460 1588 1569 1624 nobis
1585 1587 1691 1624 lacta
1706 1594 1763 1622 est
1775 1586 1961 1624 adversus
1975 1590 2205 1636 sanguinem
2218 1602 2329 1640 Ephes.
2352 1601 2383 1631 6,

1249 1654 1283 1682 et
1300 1660 1468 1693 carnem,
1480 1647 1549 1684 sed
1557 1647 1743 1683 adversus
1752 1648 2007 1697 principatus,
2020 1649 2074 1684 ad
2077 1662 2205 1687 versus
2221 1655 2232 1676 ¹
2241 1654 2269 1674 ²·

1247 1715 1470 1757 potestates,
1493 1708 1678 1744 adversus
1695 1707 1832 1743 mundi
1847 1716 2012 1745 rectores
2030 1711 2204 1747 tenebra·

1247 1779 1332 1804 rum
1349 1767 1467 1818 hujus
1482 1767 1623 1814 saeculi,
1635 1767 1820 1803 adversus
1835 1769 2056 1817 spiritualia
2075 1773 2206 1821 nequi·

1247 1829 1310 1865 tioe
1327 1830 1366 1865 in
1386 1828 1624 1871 ccelestibus;
1644 1840 1686 1864 ac
1706 1835 1806 1864 nocte
1822 1826 1952 1878 dieque
1974 1829 2204 1880 cogitationes

1246 1889 1351 1928 nobis
1375 1898 1518 1927 armatae
1540 1897 1631 1926 stent
1653 1897 1802 1940 oportet,
1815 1898 1847 1926 et
1871 1890 2095 1941 impudentes
2113 1892 2204 1930 libi-

1245 1950 1348 1989 dines
1360 1959 1525 1991 terreant.
1536 1950 1680 2002 Quippe
1687 1949 1716 1987 si
1731 1949 1921 1987 minimum
1935 1952 2130 1997 remittant,
2141 1952 2203 1990 ad-

1245 2021 1340 2050 stans
1359 2011 1523 2049 diabolus
1540 2011 1656 2061 ignem
1677 2010 1842 2048 manibus
1860 2020 1976 2059 tenet,
1995 2013 2203 2052 vibraturus

1244 2087 1285 2111 ac
1302 2073 1370 2110 Dei
1396 2072 1572 2125 templum
1592 2080 1893 2112 concrematurus.
1922 2073 2019 2125 Ergo
2038 2089 2130 2127 opus
2151 2085 2203 2114 est

1244 2132 1403 2184 undique
1420 2134 1649 2180 muniamur3
1668 2141 1719 2170 est
1737 2133 1832 2170 euim
1852 2133 1953 2171 nobis
1973 2148 2091 2186 pugna
2120 2150 2201 2174 cum

1244 2204 1379 2233 naturae
1411 2194 1617 2232 necessitate
1635 2223 1646 2242 ,
1684 2194 1892 2244 angelorum
1921 2197 2201 2235 conversationis

1244 2256 1424 2294 aemulatio
1438 2285 1448 2304 ‚
1473 2270 1554 2293 cum
1576 2255 1794 2306 incorporeis
1814 2256 2025 2295 Virtutibus
2044 2272 2168 2296 cursus
2185 2274 2196 2306 ;

1242 2330 1334 2358 terra
1351 2329 1456 2372 atque
1473 2321 1561 2358 cinis
1579 2319 1746 2358 caelicolis
1760 2322 1894 2370 aequari
1910 2322 2052 2369 nititur,
2066 2333 2200 2362 morta·

1241 2381 1322 2419 litas
1342 2396 1423 2419 cum
1444 2381 1712 2419 immortalitate
1731 2391 1907 2420 certamen
1928 2383 2006 2421 init.
2029 2384 2074 2422 Et
2092 2386 2198 2436 quis-

1241 2456 1364 2493 quam,
1383 2442 1500 2486 sodes,
1524 2442 1789 2480 matrimonium
1811 2456 1851 2479 ac
1870 2443 2089 2495 voluptatem
2111 2460 2196 2484 cum

1240 2517 1277 2540 re
1289 2512 1382 2541 tanta
1396 2503 1553 2542 conseri-c
1575 2502 1667 2540 ausit
1679 2503 1696 2539 ,⁹
1709 2516 1750 2540 an
1767 2517 1834 2540 non
1850 2503 1887 2540 id
1903 2504 2007 2542 valde
2021 2506 2193 2544 stolidum

1240 2574 1289 2602 est
1299 2565 1315 2602 ἶ)
1326 2566 1448 2615 Itaque
1462 2565 1608 2609 Paulus,
1621 2564 1681 2614 qui
1698 2564 1772 2602 lure
1782 2565 1899 2602 omnia
1911 2565 2028 2613 sciret,
2040 2566 2196 2615 dicebat,

1239 2625 1353 2662 Suam
1373 2628 1537 2676 quisque
1561 2639 1716 2662 uxorem
1735 2626 1879 2662 habt-at
1894 2641 1904 2664 .·
1924 2624 2001 2663 ideo
2021 2626 2194 2666 detrecta—

1238 2684 1314 2729 bat,
1343 2686 1420 2723 idco
1436 2686 1486 2722 cis
1502 2699 1569 2722 non
1586 2684 1737 2722 audebat
1754 2684 1798 2722 de
1814 2685 2020 2735 virginitate
2035 2688 2194 2739 prinlum

1238 2745 1409 2784 disserere
1425 2763 1434 2790 ;
1466 2746 1527 2784 scd
1556 2746 1589 2783 in
1621 2746 1861 2797 disputatione
1892 2746 1937 2784 d<-
1966 2749 2194 2788 matrimonio

2214 2648 2393 2684 ¹.('ur.7.2.

1237 2817 1418 2851 versatur,
1451 2807 1622 2859 paulatini
1649 2821 1706 2844 vos
1726 2821 1743 2844 a
1766 2808 1993 2846 matrimonio
2014 2810 2195 2850 retrahere

1237 2868 1373 2911 volens,
1392 2877 1422 2904 ct
1440 2868 1584 2905 brevem
1601 2868 1645 2904 «lc
1660 2868 1873 2904 coutinentia
1893 2883 2089 2908 ιςιϊιιιοιιοιιι
2110 2871 2192 2910 lou-

1236 2928 1325 2978 giori
1345 2928 1395 2965 illi
1418 2928 1647 2969 intermisi-ct,
1661 2942 1764 2965 nui-rs
1782 2927 2037 2967 :uliuouitiouis
2055 2933 2190 2970 severi-

1235 2998 1305 3026 tsitc
1322 2989 1415 3026 feriri
1435 2990 1579 3026 minium·
1598 3003 1733 3040 passus.
1750 2990 1839 3026 Nutu
1857 2989 1918 3040 qui
1936 3004 2190 3042 usqumluaque

1233 3064 1251 3086 e
1271 3050 1376 3086 rebus
1396 3049 1518 3087 arduis
1538 3050 1732 3086 mutium-ni
1755 3050 1842 3087 texit
1855 3080 1862 3090 .
1898 3060 1929 3087 et
1951 3052 2118 3090 molestus
2137 3063 2189 3092 est

1232 3110 1386 3147 auditori
1400 3140 1409 3153 ,
1431 3119 1463 3147 ct
1485 3110 1694 3162 plurimique
1712 3111 1870 3148 auiunuu
1893 3113 1986 3162 rugit
2008 3112 2188 3153 dictorum

1231 3172 1441 3220 gravitutvui
1472 3186 1539 3208 nou
1566 3172 1730 3208 tbi-vunan
1767 3172 1912 3211 rosilirv.
1949 3176 1991 3211 At
2021 3175 2082 3224 qni
2109 3190 2185 3213 cam

1232 3233 1356 3275 vnn-iai,
1373 3248 1412 3270 su·
1432 3233 1547 3269 facilia
1568 3232 1669 3283 plura
1689 3247 1794 3283 quam
1814 3233 1979 3272 diflicilia
1998 3235 2185 3280 iunium-et,

138 3289 186 3337 τῷ
218 3289 395 3336 ἀκούοντι,
428 3290 484 3328 καὶ
526 3290 693 3333 πολλάκις
737 3291 924 3341 ἀναγκάζει
964 3306 1153 3343 μετασκιρ-
1182 3304 1203 3332 Α
1231 3308 1312 3330 cuin
1341 3293 1565 3331 difficultatis
1594 3307 1734 3331 sensum
1753 3294 1873 3346 rripit.
1898 3305 1972 3334 tuin
1994 3296 2185 3335 reficiendo

190 3416 205 3438 ¹·
229 3415 282 3447 Sic
299 3419 376 3459 ung.
395 3419 453 3451 Atii
468 3426 581 3462 τοῖ’,ωυ
595 3450 602 3461 ‚
622 3422 718 3461 muto,
738 3423 768 3454 ui
788 3422 893 3454 sanor.

188 3474 198 3486 ““
223 3470 298 3510 ssvg.
322 3476 397 3510 ἡμᾶς
415 3475 530 3506 ἱστάναι
548 3483 604 3510 τοὶς
625 3479 780 3516 >ογιαμο”,·.

1222 3426 1234 3443 '¹
1261 3425 1339 3465 Rvg.
1363 3432 1384 3457 εἰ
1401 3432 1447 3458 τὸν
1463 3442 1569 3467 γιμον.
