2549 3825
900 276 1129 308 Anvfflisus
1165 276 1357 308 ium-zos.
1398 277 1461 309 iv.
2107 262 2196 325 753

154 377 214 411 μοι
232 360 338 406 δεῖξον
359 362 389 399 εἷ
408 359 498 398 κατὰ
516 358 660 411 γνώμην
678 362 739 397 τοῦ
757 361 849 399 Θεοῦ
865 362 967 397 τοῦτο
986 364 1142 398 ποιοῦσιν
1162 372 1168 379 ·

505 415 526 423 u-

153 424 200 464 ὡς
232 421 272 459 ἂν
306 421 355 472 μὴ
375 425 476 460 τοῦτο
504 424 548 472 ᾐ,
579 419 686 471 μέθης
716 420 833 467 πάσης
863 421 957 459 ἐστὶν
983 424 1006 467 ἡ
1029 419 1173 467 νηστεία

1244 357 1372 397 diebus
1393 361 1647 431 piaernunimus
1662 360 1798 398 animas
1815 368 1963 408 vestras,
1974 360 2201 398 exhortantes
2235 356 2407 443 Ῑῗὲῖίἱζῒ]

1246 438 1324 470 vos,
1348 433 1388 462 ut
1417 424 1569 476 impium
1599 425 1666 462 hoc
1697 424 1910 464 „ludaeorum
1937 433 1972 462 et
1991 424 2200 462 sceleratum
2218 439 2358 474 impium.

151 482 455 559 παρανομωτέρα.
466 484 519 521 Οὐ
546 481 615 533 γὰρ
638 481 686 519 ,τὸ
715 481 954 532 πραττόμενον
982 481 1041 520 ὑπ’
1061 483 1173 519 αὐτῶν
1201 487 1223 516 Β
1245 485 1422 537 jejunium
1441 486 1599 537 fugiatis.
1613 488 1734 537 Neque
1751 486 1844 524 enim
1864 486 1911 523 ita
1930 485 2065 524 dixeris
2079 487 2205 538 ‚J'eju-

153 544 224 596 χρὴ
246 550 388 583 σκοπεῖν
411 544 530 594 μόνον,
552 542 642 582 ἀλλὰ
662 542 722 581 καὶ
740 542 803 589 τὴν
821 543 935 580 αἰτίαν
950 545 1018 580 τῶν
1035 541 1175 593 γινομέ-

153 621 220 643 νων
249 607 434 652 ἐπιζητεῖν.
460 605 513 643 Τὸ
534 603 596 655 μὲν
618 603 697 656 γὰρ
717 603 808 642 κατὰ
836 603 980 655 γνώμην
1002 607 1061 641 τοῦ
1081 605 1175 642 Θεοῦ

152 665 354 716 γινόμενον,
373 665 438 703 κᾶν
455 667 584 717 φαῦλον
600 669 688 703 εἰναι
704 665 787 716 δοκῃ
801 694 811 712 ,
827 665 969 703 πάντων
991 665 1084 703 ἔστιν
1101 664 1190 715 &ptr

154 741 258 774 στον,
278 727 318 765 τὸ
338 725 373 764 δὲ
393 726 491 779 παρὰ
522 725 689 777 γνώμην,
719 725 780 764 και
812 726 861 776 μὴ
891 727 1012 764 δοκοῦν
1039 725 1180 785 ἐκείνῳ

156 787 221 826 κᾶν
241 788 382 841 ἄριστον
413 792 502 825 εἶναι
528 787 729 838 νομίζηται,
748 787 888 825 πάντων
909 785 984 824 ἐστι
1010 767 1184 837 φαυλότα-

153 864 212 888 τον
228 865 288 887 και
307 848 619 901 παρανομώτατον.
641 848 715 886 Κᾶν
736 847 885 899 φονεύσῃ
910 862 963 889 τις
981 846 1074 884 κατὰ
1092 844 1181 897 γνώ-

158 926 230 960 μην
249 914 310 948 τοῦ
325 912 439 958 Θεοῦ,
456 908 718 961 φιλανθρωπίας
747 908 887 954 ἁπάσης
915 905 1062 957 βελτίων
1087 904 1180 944 ἐστὶν

151 973 171 1008 ὁ
197 970 315 1022 φόνος·
348 970 413 1009 κᾶν
447 968 611 1021 φείσηταί
656 985 709 1012 τις
738 967 798 1006 καὶ
825 967 1179 1020 φιλανθρωπεύσηται

153 1030 252 1082 παρὰ
277 1031 318 1069 τὸ
345 1032 464 1068 δοκοῦν
495 1028 636 1080 ἐκείνῳ,
667 1028 770 1080 φόνου
797 1027 927 1072 παντὸς
961 1026 1177 1080 ἀνοσιωτέρα

155 1091 282 1141 γένοιτ’
302 1089 342 1128 ἂν
361 1094 382 1137 ἡ
398 1089 516 1142 φειδώ.
535 1091 588 1128 Οὖ
607 1089 675 1143 γὰρ
688 1092 710 1136 ἡ
731 1089 831 1141 φύσις
846 1092 914 1127 τῶν
935 1089 1175 1141 πραγμάτων,

159 1151 239 1190 ἀλλ’
255 1154 290 1190 αἱ
310 1154 369 1190 τοῦ
389 1153 481 1191 Θεοῦ
499 1152 610 1202 ψῆφοι
624 1150 717 1189 καλὰ
735 1150 794 1188 καὶ
809 1152 923 1201 φαῦλα
938 1144 1025 1187 εἶναι
1041 1149 1085 1187 τὰ
1105 1150 1173 1187 αὖά

154 1212 197 1250 τὰ
212 1215 360 1251 ποιοῦσι.

208 1589 279 1627 Καὶ
302 1587 359 1626 ἵνα
383 1588 496 1640 μάθῃς·
519 1588 574 1628 ὅτι
593 1584 695 1627 τοῦτο’
716 1591 809 1627 ἐστιν
833 1589 977 1636 ἀληθὲς,
1004 1590 1173 1628 ἄκουσον·

158 1649 306 1700 βασιλέα
324 1648 403 1687 τινὰ
416 1649 501 1686 ποτὲ
522 1652 590 1687 τῶν
610 1649 732 1701 Σύρων
752 1649 869 1687 λαὸὼν
889 1653 906 1688 ὁ
926 1649 1061 1700 Ἀχαὰῧ
1073 1679 1082 1696 ,
1101 1666 1175 1687 πα-

159 1709 203 1760 ρὰ
225 1709 264 1748 τὸ
282 1726 331 1761 τῳ
356 1711 438 1761 Θεῶ
460 1711 582 1748 δοκοῦν
604 1710 705 1748 αὐτὸν
736 1710 866 1757 ἔσωσε,
887 1710 947 1748 καὶ
965 1710 1174 1763 προσεδρίας

157 1771 389 1809 ἀπολαῦσαι
374 1769 537 1818 εποίησε,
557 1770 616 1809 καὶ
642 1769 731 1821 μετὰ
752 1772 865 1809 πολλ
835 1787 885 1817 ιης
904 1770 1094 1823 ἀπέπεμψε
1110 1787 1175 1816 της

156 1847 276 1881 τιμης.
295 1825 387 1870 Εἶτα
405 1831 587 1883 προφήτης
613 1848 665 1876 τις
685 1833 967 1885 παραγενόμενος
989 1837 1065 1871 εἰπε
1091 1833 1176 1885 πρὸς

157 1892 214 1931 τὸν
232 1893 380 1939 πλησίον
401 1894 523 1931 αὐτοῦ·
545 1893 605 1930 Ἐν
624 1892 717 1946 λόγῳ
738 1893 866 1945 Κυρίου
886 1893 1079 1938 πάταξον
1061 1893 1101 1941 οή
1120 1911 1175 1944 με.

158 1953 229 1992 Καὶ
257 1955 318 1992 οὐκ
346 1956 408 2000 ἠθε
401 1953 551 2001 ’λησεν’
537 1970 555 1992 ο
575 1953 755 2006 ἅνθρωπος
781 1954 934 1999 πατάξαι
962 1954 1079 1994 αὐτόν.
1110 1955 1178 1993 Καὶ

158 2018 234 2054 εἰπε
254 2015 341 2067 πρὸς
369 2014 492 2053 αὐτόν·
516 2016 589 2052 ἀνθ’
609 2019 656 2053 ὡν
686 2017 752 2068 οὐχ
782 2016 984 2063 ὑπήκουσας
1012 2019 1075 2063 τῆς
1104 2032 1180 2068 φω-

158 2078 220 2122 νῆς
239 2075 390 2129 Κυρίου,
409 2075 481 2114 ἷδου
511 2093 552 2115 συ
577 2076 784 2129 ἀποτρέχεις
813 2076 874 2115 ἀπ’
896 2079 999 2127 εμοῦ,
1019 2078 1079 2116 καὶ
1107 2092 1178 2116 πα-

159 2137 254 2182 τάξει
273 2153 313 2175 σε
332 2141 350 2176 ὁ
366 2137 468 2176 λέων.
493 2137 562 2176 Καὶ
587 2139 742 2185 ἀπῆλθεν
775 2139 835 2176 ἀπ’
854 2141 976 2185 αὐτοῦ,
996 2139 1055 2176 καὶ
1083 2133 1178 2192 εὗρεν

160 2199 263 2238 αὐτὸν
276 2197 321 2237 ¹³6
333 2199 421 2238 λέων
432 2229 442 2246 ,
458 2199 518 2237 καὶ
533 2196 702 2244 ἐπάταξεν
717 2199 833 2238 αὐτόν.
858 2200 928 2238 Καὶ
949 2200 1102 2254 εὑρίσκει
1123 2200 1179 2238 ἄν·

160 2263 295 2312 Ορωπον
311 2261 414 2298 ἄλλον
429 2290 439 2307 ,
454 2260 514 2298 καὶ
533 2255 625 2298 εἷπε·
646 2260 799 2304 πάταξον
820 2261 861 2308 δή
883 2276 939 2311 με.
961 2262 1030 2299 Καὶ
1049 2261 1181 2300 ἐπάτα-

161 2320 215 2365 ξεν
246 2320 347 2358 αὐτὸν
368 2323 385 2358 ὁ
410 2321 611 2371 ἄνθρωπος,
645 2321 705 2359 καὶ
736 2321 937 2373 συνέτριψεν
965 2323 1085 2368 αὐτὸν,
1120 2321 1179 2359 καὶ

162 2381 381 2427 κατεδήσατο
396 2382 435 2419 τὸ
446 2381 633 2432 πρόσωπον
649 2384 785 2420 ἑαυτοῦ.
801 2382 848 2420 Τί
861 2381 984 2420 τούτου
996 2381 1122 2432 γένοιτ’
1138 2381 1178 2419 ἂν

161 2441 452 2494 παραδοξότερον,
471 2442 516 2480 ‘0
547 2442 726 2489 τυπτήσας
747 2442 805 2479 τὸν
831 2443 1013 2494 προφήτην
1043 2442 1178 2489 ἐσώθη,

162 2502 222 2540 καὶ
252 2506 270 2541 ὁ
303 2503 511 2554 φεισάμενος
542 2504 745 2551 ἐκολάζετο,
777 2503 834 2541 ἵνα
865 2503 978 2554 μάθῃς
1005 2502 1058 2541 ὅτι
1088 2506 1181 2541 Θεοῦ

163 2563 437 2616 προστάττοντος
457 2566 494 2602 οὖ
520 2565 571 2602 δεῖ
595 2565 882 2616 περιεργάζεσθαι
901 2565 963 2611 τὴν
985 2564 1084 2617 φύσιν
1113 2567 1180 2602 τῶν

163 2623 393 2676 ’·’γινομένων,
415 2625 504 2662 ἀλλὰ
529 2627 710 2664 πείθεσθαι
729 2625 846 2675 μόνον.
871 2626 946 2664 Ἵνα
967 2626 1034 2677 γὰρ
1056 2628 1104 2676 μὴ
1125 2627 1181 2664 τὸν

164 2702 191 2724 π
215 2685 346 2736 οφήτην
367 2685 536 2730 αἰδεσθεὶς
552 2686 715 2738 φείσηται
733 2689 751 2724 ὃ
766 2686 933 2738 πρότερος
946 2717 954 2733 ,
977 2688 1042 2739 οὐχ
1065 2687 1183 2729 ἁπλῶς

165 2761 180 2783 ι
197 2761 260 2784 πεν
288 2747 399 2800 αὐτῷ·
433 2747 585 2792 πάταξόν
611 2764 677 2798 με,
708 2749 808 2796 ἀλλ’,
830 2748 891 2787 Ἰἐν
915 2749 1009 2800 λόγῳ
1034 2748 1180 2800 Κυρίου·

167 2807 365 2857 τουτέστιν,
394 2811 412 2846 ὁ
436 2808 526 2851 Θεὸς
555 2808 725 2856 ἐπάταξε,
758 2809 866 2860 μηδὲν
896 2809 1092 2861 περαιτέρω
1119 2810 1182 2855 ζή-

167 2884 218 2906 τει
230 2882 237 2890 ·
258 2868 419 2920 βασιλεύς
435 2872 527 2909 ἐστιν
543 2873 560 2908 ὁ
572 2875 783 2921 νομοθετῶν·
800 2872 977 2918 αἰδέσθητι
992 2876 1051 2910 τοῦ
1066 2871 1186 2910 κελευ-

168 2944 264 2973 οντος
278 2930 317 2968 τὸ
339 2929 491 2980 ἀξίωμα,
509 2931 568 2969 καὶ
587 2932 675 2982 μετὰ
693 2932 809 2980 πάσης
835 2933 987 2971 ὑπάκουε
1008 2936 1069 2979 τῆς
1099 2949 1185 2984 προ-

170 2990 307 3041 θυμίας.
330 2990 419 3028 Ἀλλ’
442 2993 504 3029 οὐκ
525 2992 712 3045 ἠνέσχετο·
735 2995 792 3032 διὰ
820 2999 921 3033 τοῦτο
953 2996 1052 3041 δίκην
1079 2995 1185 3032 ἔδωκε
1224 3007 1232 3015 “

170 3052 233 3098 τὴν
251 3051 426 3103 εσχάτην,
453 3058 524 3095 τοῖς
539 3054 627 3103 μετὰ
655 3059 765 3093 ταῦτα
793 3056 837 3093 δι
864 3058 911 3092 ὧν
932 3056 1037 3094 ἔπαθε
1060 3072 1187 3106 παραι-

170 3115 238 3151 νῶν
252 3113 365 3163 ,ἅπερ
381 3111 421 3149 ἂν
436 3115 454 3149 ὃ
472 3113 560 3158 Θεὸς
589 3115 732 3168 ἐπιτάξῃ
746 3145 755 3162 ,
775 3117 889 3155 πάντα
915 3131 1017 3154 εικειν
1037 3130 1096 3153 και
1113 3116 1187 3153 πεί-

172 3177 304 3212 θεσθαι.
323 3166 411 3212 Fir&
434 3174 552 3222 ἐπειδὴ
573 3175 741 3220 ἐπάταξεν
763 3178 864 3216 αὐτὸν
881 3181 898 3215 ὃ
919 3178 1072 3228 δεύτερος
1095 3180 1149 3214 ἐκε
1154 3183 1188 3214 ῖ-

172 3250 227 3277 ⁸⁴0<
252 3235 311 3273 καὶ
344 3233 546 3288 συνέτριψε,
575 3237 759 3290 περιέδησε
787 3238 851 3285 τὴν
883 3239 1036 3290 κεφαλὴν
1067 3241 1189 3276 ἑαυτοῦ

174 3296 369 3344 τελαμῶνι,
389 3295 447 3333 καὶ
476 3295 552 3340 τοὺς
578 3299 775 3350 ὀφθαλμοὺς
803 3301 999 3351 ἀπέκρυψε,
1021 3300 1078 3337 καὶ
1107 3300 1191 3345 ἅδη-

223 3391 238 3412 ῑ·
264 3389 379 3430 Miigiin
402 3401 476 3431 puri«
501 3389 576 3423 Mss.
589 3393 768 3425 articulum
787 3398 802 3426 b
819 3395 979 3426 omittunt
1000 3420 1003 3423 ι
1025 3394 1126 3427 Suvil.
1153 3403 1183 3425 ι·ι

180 3440 293 3472 ΜυιϊΙ.
314 3440 448 3473 hubent.
470 3441 616 3486 Utrinque·
635 3444 732 3476 lei-tio
748 3444 913 3487 ‹pinilrurr
932 3454 1037 3486 potest

366 3517 446 3539 TUM
472 3518 495 3541 Ι.

1251 554 1335 583 nant
1355 562 1363 583 :
1383 546 1468 596 quin
1490 547 1608 596 potius
1627 547 1717 585 illud
1739 547 1830 584 mihi
1858 547 2033 585 ostendito
2049 576 2059 594 ‚
2083 561 2141 585 eos
2161 561 2206 585 ex

1251 606 1319 644 Dei
1341 607 1511 645 sententia
1526 608 1700 659 jejunare.
1723 607 1830 653 Quod
1851 608 1887 645 ni
1911 607 1949 645 id
1969 607 2031 645 fiat
2047 639 2057 654 ,
2078 608 2208 658 quavis

1253 666 1422 705 ebrietate
1440 667 1644 706 sceleratius
1662 677 1712 706 est
1742 668 1935 720 jejunium.
1964 669 2086 719 Neque
2111 669 2205 706 enim

1255 727 1371 764 solum
1390 727 1684 766 considerandum
1705 737 1756 765 est
1776 728 1862 778 quid
1881 729 1926 765 ab
1946 728 2022 766 istis
2041 729 2116 776 fiat,
2138 743 2207 767 ve-

1255 801 1336 824 rum
1350 786 1443 824 illud
1457 787 1563 825 ctiam
1577 787 1854 835 observandum,
1874 801 1981 838 quam
2000 788 2046 826 ob
2062 803 2205 827 cansam

1255 847 1399 885 faciant.
1418 846 1561 885 Etenim
1580 847 1674 898 quod
1700 848 1742 884 fit
1756 848 1861 899 juxta
1881 848 1949 885 Dei
1966 848 2183 886 voluntatem
2198 877 2207 893 ,

1255 908 1421 958 quamvis
1440 907 1604 945 videatur
1617 908 1822 960 improbum
1837 921 1926 953 esse,
1939 908 2099 946 omnium
2114 909 2209 959 opti-

1254 982 1355 1006 mum
1371 977 1444 1007 est:
1460 968 1700 1019 contra‚qu0d
1714 969 1753 1006 fit
1766 978 1896 1020 praeter
1907 969 1974 1006 Dei
1989 968 2207 1007 voluntatem
2249 996 2291 1023 E(
2311 1008 2344 1023 m
2334 997 2413 1023 hm,

1252 1038 1286 1066 et
1314 1028 1515 1080 placitum,
1538 1028 1601 1066 etsi
1637 1036 1781 1080 putetur
1803 1028 2005 1095 optimum,
2022 1037 2139 1066 tamen
2159 1038 2210 1067 est
2241 1043 2296 1064 tate
2358 1038 2400 1064 D
2395 1039 2412 1064 ῑ

1251 1089 1411 1127 omnium
1432 1089 1628 1140 pessimum
1661 1098 1695 1127 et
1728 1089 2007 1140 iniquissimum.
2046 1089 2163 1127 Etiam
2181 1090 2209 1127 si
2227 1085 2287 1146 ΕΞ
2303 1079 2413 1147 1ῐὲζῖἰὲ

1253 1149 1334 1201 quis
1352 1149 1491 1188 occidat
1509 1149 1718 1197 hominem,
1736 1149 1785 1186 ita
1801 1150 1942 1188 volente
1959 1151 2034 1187 Deo
2051 1178 2060 1197 ‚
2079 1149 2210 1200 quavis
2228 1164 2377 1198 penditur.
2408 1144 2413 1147 .

1252 1211 1476 1250 humanitate
1494 1210 1623 1248 melius
1651 1219 1703 1248 est
1727 1209 1794 1248 hoc
1813 1210 2048 1248 homicidium
2065 1224 2211 1248 :rursus

1254 1273 1283 1310 si
1300 1272 1382 1322 quis
1395 1280 1532 1324 parcat,
1542 1280 1575 1309 et
1593 1270 1828 1308 humanitatis
1845 1270 2004 1308 officium
2029 1271 2210 1309 collocarit

1253 1334 1290 1371 in
1309 1333 1512 1385 quempiam
1525 1341 1655 1384 praeter
1664 1332 1731 1370 Dei
1745 1332 1965 1380 sententiam,
1978 1332 2104 1383 quavis
2116 1332 2212 1371 caede

1252 1394 1453 1432 sceleratior
1468 1402 1518 1431 est
1537 1393 1613 1431 haec
1644 1392 1879 1444 indulgentia.
1906 1394 1983 1430 Non
2013 1394 2106 1431 enim
2128 1394 2205 1446 ipsa

1254 1473 1376 1497 rerum
1396 1468 1522 1497 natura
1547 1458 1632 1496 facit
1665 1467 1704 1496 ut
1723 1458 1845 1496 eadem
1878 1458 1936 1495 xet
1954 1458 2047 1496 bona
2066 1459 2136 1496 sint
2153 1460 2212 1497 vel

1254 1521 1362 1569 mala,
1383 1520 1445 1558 sed
1461 1521 1527 1558 Dei
1548 1520 1736 1572 placitum.

1304 1585 1341 1620 2.
1361 1582 1414 1620 Ut
1429 1591 1548 1619 autem
1568 1581 1747 1631 intelligas
1765 1580 1831 1618 hoc
1851 1594 1924 1618 esse
1940 1594 2086 1628 verum,
2107 1582 2210 1622 audi.

1251 1642 1391 1690 Achab,
1406 1657 1488 1681 cum
1504 1655 1622 1693 regem
1638 1642 1831 1692 quemdam
1855 1642 2035 1693 Syrorum
2054 1643 2214 1694 cepisset,

1252 1712 1373 1741 contra
1394 1704 1462 1741 Dei
1482 1703 1705 1742 voluntatem
1726 1702 1824 1740 dedit
1854 1703 1967 1741 vitam
1986 1732 1996 1751 ‚
2018 1712 2052 1740 et
2078 1717 2213 1740 assessu

1251 1764 1420 1817 dignatus
1437 1772 1500 1813 est,
1520 1765 1672 1816 denique
1690 1764 1802 1802 multa
1829 1777 1910 1800 cum
1937 1763 2210 1801 honorificentia

1251 1825 1402 1864 dimisit.
1418 1827 1506 1863 Mox
1526 1826 1699 1878 propbeta
1714 1824 1895 1876 quispiam
1916 1823 2102 1873 accedens,
2116 1824 2212 1862 dixit

1253 1890 1299 1930 ad
1311 1891 1378 1929 sibi
1392 1892 1598 1943 proximum
1612 1893 1680 1928 :In
1696 1903 1871 1928 sermone
1886 1890 2046 1926 Domini
2059 1898 2216 1941 percute
2231 1914 2261 1943 3.
2278 1916 2355 1944 lie-s.
2368 1920 2416 1944 ae.

1254 1967 1328 1990 me.
1350 1953 1427 1990 Ille
1460 1965 1554 1990 vero
1584 1951 1709 1989 noluit
1741 1964 1826 1988 eum
1849 1958 2060 2001 percutere.
2091 1951 2201 1988 Dia-it
2233 1956 2381 1987 35.—3s.

1254 2016 1372 2065 igitur
1385 2014 1438 2050 ad
1452 2013 1565 2050 illum
1581 2028 1592 2048 :
1607 2014 1667 2050 Eo
1682 2011 1788 2064 quod
1809 2025 1887 2048 non
1903 2012 2049 2048 audisti
2067 2024 2203 2048 vocem

1255 2076 1432 2123 Domini,
1454 2087 1540 2112 ecce
1556 2083 1597 2112 tu
1614 2074 1767 2111 recedes
1781 2087 1806 2110 a
1824 2086 1894 2119 me,
1909 2081 1945 2109 et
1964 2076 2152 2121 percutiet
2174 2081 2210 2110 te

1256 2135 1330 2173 leo.
1350 2136 1539 2173 Discessit
1556 2136 1605 2172 ab
1632 2135 1702 2172 illo
1719 2163 1730 2183 ‚
1748 2142 1783 2171 et
1801 2136 1941 2184 reperit
1961 2147 2045 2170 eum
2067 2133 2126 2170 leo
2144 2163 2154 2178 ‚
2174 2142 2210 2170 et

1251 2197 1448 2247 percussit.
1482 2196 1523 2232 A
1527 2209 1546 2232 c
1580 2199 1718 2248 reperit
1747 2195 1870 2232 alium
1905 2196 2093 2231 hominem
2107 2224 2116 2238 ,
2148 2196 2216 2232 cui

1254 2258 1378 2294 dizit:
1402 2257 1566 2294 Percute
1592 2269 1662 2292 me.
1697 2256 1748 2292 Et
1776 2259 1962 2306 percussit
1995 2268 2079 2291 eum
2101 2255 2213 2291 homo

1203 2321 1229 2351 D
1255 2319 1335 2366 ille,
1350 2317 1651 2368 vulneravltque
1671 2328 1769 2362 euin,
1793 2328 1839 2352 ac
1859 2315 1923 2353 illc
1941 2315 2214 2366 sibiobligavit

1243 2381 1409 2430 faciem.
1428 2377 1525 2424 Quid
1544 2378 1610 2415 hoe
1629 2386 1772 2428 stupore
1794 2375 1941 2425 dignius
1972 2375 2050 2412 fieri
2071 2376 2178 2426 possit
2196 2376 2213 2412 Ξ)

1257 2444 1329 2490 Qui
1347 2444 1522 2494 percussit
1540 2440 1766 2493 proplietam,
1784 2440 1896 2476 evasit
1918 2438 2107 2475 incolumis
2125 2453 2134 2483 ;
2152 2440 2213 2488 qui

1257 2504 1427 2557 pepercit,
1449 2502 1546 2540 dedit
1569 2515 1688 2554 poenas
1712 2517 1718 2537 :
1739 2500 1907 2537 nimirum
1925 2509 1962 2536 ut
1984 2499 2211 2549 intelligeres.

1258 2566 1420 2617 injussis
1454 2564 1586 2602 divinis
1625 2576 1692 2599 non
1723 2570 1884 2612 oportere
1914 2561 2093 2597 curiosum
2113 2573 2213 2604 esse.

1258 2627 1531 2676 examinareque
1562 2637 1680 2661 reruni
1709 2636 1787 2672 qua·>
1828 2620 2086 2672 praecipiuntur
2107 2630 2216 2657 ιιιιιιι-

1262 2704 1350 2735 rain,
1369 2688 1428 2726 sed
1449 2687 1539 2724 nihil
1561 2684 1660 2722 ιιΙίιιιί
1675 2698 1782 2734 quum
1799 2683 2058 2733 obtemperare.
2074 2680 2215 2718 Etenim

1262 2764 1304 2787 ne
1323 2749 1489 2802 priorille
1509 2747 1641 2784 veritus
1655 2753 1812 2796 parceret
1832 2743 2024 2795 prophetae,
2039 2755 2106 2778 non
2122 2740 2215 2778 dixit

1263 2811 1315 2848 illi
1333 2809 1555 2861 simpliciter,
1580 2809 1726 2845 l'erciitc
1747 2816 1815 2847 ine,
1837 2803 1897 2841 sed
1915 2802 2068 2844 addidit,
2082 2805 2125 2839 In
2141 2816 2214 2839 ser-

1263 2886 1374 2910 mone
1405 2872 1564 2908 Domini
1599 2884 1609 2904 .·
1642 2868 1707 2904 lioc
1739 2875 1805 2907 est,
1832 2867 1925 2902 tiens
1965 2874 2152 2916 prat-repit.
2175 2876 2218 2901 ne

1263 2947 1380 2984 (μιιιϊυ
1401 2931 1548 2969 utu-rius
1567 2946 1573 2965 :
1601 2931 1675 2966 Rex
1693 2927 1816 2976 estqui
1834 2927 1922 2963 Ιιιιιιι·
1945 2926 2139 2975 pra-scribit
2161 2925 2217 2962 lo-

1263 3008 1340 3043 grni
1357 3009 1362 3028 z
1380 2990 1703 3041 revererejubentis
1718 2988 1961 3024 anctoritatem
1980 3013 1988 3026 .
2008 2999 2218 3036 suinumque

1264 3069 1344 3091 ι·ιιιιι
1365 3054 1473 3090 :inimi
1497 3048 1974 3103 proiiititiuliiieoliteinpera.
1990 3050 2032 3083 M
2053 3045 2088 3083 iil
2109 3047 2220 3084 itm-rc

1265 3131 1332 3153 non
1363 3115 1542 3155 sustinuit,
1564 3125 1673 3162 eoque
1702 3107 1938 3162 pirihisdmlit
1970 3108 2214 3158 gravissimas„

1267 3192 1330 3214 5ιιυ
1359 3175 1522 3226 exemplo
1547 3183 1704 3225 posteros
1738 3170 1952 3209 adhortans.
1975 3178 2010 3204 ui
2043 3168 2221 3219 quidquid

1269 3253 1320 3290 pr.
1314 3237 1474 3288 ι···--ιιιιιιιίι
1496 3238 1618 3276 lii-us
1638 3245 1667 3269 ei
1694 3246 1754 3284 per
1789 3230 1908 3267 ouini·
1938 3230 2223 3280 oltteiiip‹=·r31ent

1272 3311 1475 3347 inorcniqiii
1509 3302 1680 3345 gir-siim.
1715 3291 1803 3329 lii-iu
1836 3303 1918 3326 ιιιιιι
1959 3288 2132 3340 postem-nim
2167 3287 2226 3324 ilh

1264 3402 1274 3412 ·
1299 3390 1658 3429 Sui-Siiiil.‹·tin.12.;n.i
1679 3397 1752 3429 lars
1767 3386 1841 3417 Mu.
1857 3412 1862 3421 ,
1879 3383 1992 3416 Mutet.
2014 3395 2090 3415 uro
2111 3392 2159 3416 rs...
2185 3388 2211 3414 ἰι

1948 3501 1995 3535 ⁴5⁸
