2253 3830
46 273 92 301 V!
797 261 854 290 DE
890 260 930 288 Β.
970 257 1028 287 DE
1063 254 1370 286 MONTFAUCON

43 351 260 392 collectionis
273 380 282 396 ‚
304 356 436 400 quanta
459 342 768 396 interpretationis
783 341 904 378 futura
922 347 1020 387 erat,
1032 335 1178 390 quando
1195 335 1302 374 etiam
1320 343 1397 386 post
1415 331 1561 370 emissas
1576 331 1657 370 illas
1675 331 1782 370 laude
1798 330 2127 384 dignissimastedi-

44 416 158 453 tiones
175 421 312 451 tantum
342 407 484 447 sudoris
504 405 668 443 relictum
697 403 774 442 est?
790 401 946 441 Infinitae
970 408 1065 438 certe
1097 408 1151 438 est
1174 410 1291 450 operte
1322 404 1373 433 tot
1404 392 1544 432 codices
1572 393 1833 446 manuscriptos
1860 393 2046 441 evolvere,
2062 393 2126 432 ubi

45 478 237 514 innumerae
257 485 344 524 pene
364 467 609 520 Chrysostomi
639 465 796 504 homilia:
815 471 1029 508 occurrunt,
1051 461 1159 512 idque
1181 460 1218 498 in
1237 457 1404 497 omnibus
1434 453 1663 494 bibliothecis
1684 456 1811 494 Graeca
1830 454 1891 493 illa
1909 455 2129 507 supellectile

45 537 249 582 instructis,
268 534 330 571 ubi
346 531 515 570 anecdota
534 530 624 568 bene
643 529 754 566 multa
774 535 915 565 exstant
932 541 940 562 ε
962 539 1031 563 nou
1052 523 1225 571 minoris,
1246 521 1314 559 nisi
1334 518 1479 571 majoris
1500 518 1629 566 etiam,
1647 516 1800 570 spuriaa
1820 517 1998 568 germanis
2018 517 2131 555 iuter-

46 613 208 643 noscere,
230 597 358 635 emissa
375 610 394 633 a
418 609 487 633 non
507 593 646 632 emissis
661 622 670 639 ,
689 605 770 629 cum
792 589 961 628 videlicet
992 587 1170 640 principia
1198 593 1404 623 mutantur:
1423 582 1578 620 sinceras
1606 580 1772 621 lectiones
1789 579 1968 631 deligere,
1988 580 2131 631 quando

46 663 203 702 maxime
226 670 276 698 tot
295 668 376 698 sunt
396 658 562 697 Homilia·
579 688 587 700 ,
609 665 659 694 tot
677 653 931 693 Commentarii
945 683 954 700 ‚
970 661 1022 692 tot
1038 650 1223 705 Opuscula
1240 679 1249 698 ,
1264 657 1316 697 ut,
1336 645 1434 698 quod
1447 646 1522 697 jam
1541 643 1636 691 dixi,
1657 642 1875 682 bibliotheca
1891 642 2131 695 potiusquam

46 727 138 765 liber
157 734 219 763 aut
237 738 329 777 opus
346 722 466 762 vocari
490 730 704 760 mereantur.

1026 835 1064 887 3.
1093 835 1158 873 ιιι.

591 952 650 991 De
665 959 841 1002 suscepto
861 963 970 988 novoe
982 948 1173 1001 parandae
1197 946 1393 985 Editionis
1411 944 1587 984 consilio.

103 1081 153 1120 Ut
173 1089 292 1119 autem
309 1079 429 1131 aliquo
445 1078 573 1118 ordine
587 1077 676 1130 quid
694 1078 729 1115 in
751 1077 818 1115 hac
839 1075 992 1114 editione
1006 1075 1082 1127 jam
1103 1069 1302 1127 praest'itum
1317 1102 1326 1117 ,
1345 1070 1436 1123 quid
1454 1070 1490 1109 in
1513 1067 1746 1120 sequentibus
1765 1064 2133 1120 tomis'praestandum

50 1142 97 1181 sit
115 1156 339 1191 enarremus,
372 1156 447 1180 rem
462 1141 508 1179 ab
527 1155 594 1179 ovo
611 1149 768 1192 repetere
782 1153 846 1191 par
865 1138 984 1176 fuerit.
1008 1136 1063 1174 Ab
1083 1135 1186 1174 annis
1207 1135 1288 1187 plus
1312 1133 1458 1185 triginta
1478 1133 1546 1170 hoc
1563 1131 1817 1169 praefectorum
1835 1129 2135 1170 Sodalitiihostri

49 1205 239 1243 consilium
258 1205 371 1243 fuerat
386 1236 395 1251 ‚
418 1213 476 1252 ut,
494 1212 571 1256 post
591 1211 769 1255 peractam
789 1201 827 1239 S.
844 1199 1056 1251 Augustini,
1075 1199 1166 1236 inter
1184 1197 1348 1235 doctores
1366 1195 1514 1233 Latinos
1531 1193 1717 1247 principis,
1732 1191 1940 1239 editionem,
1966 1193 2135 1246 operibus

49 1266 296 1319 chrysostomi
315 1296 326 1315 ,
342 1265 403 1316 qui
428 1279 549 1317 parem
570 1265 606 1301 in
628 1263 786 1301 Ecclesia
807 1263 934 1300 Graeca
955 1269 1106 1311 occupat
1131 1257 1365 1309 dignitatem,
1386 1270 1531 1293 manum
1561 1254 1847 1293 admoveremus.
1869 1254 2032 1292 Priscum
2052 1267 2138 1292 con-

50 1328 173 1366 silium
194 1328 378 1379 intercepit
394 1327 440 1364 ad
469 1326 606 1376 aliquot
631 1339 741 1362 annos
768 1322 951 1361 Athanasii
972 1321 1083 1359 editio
1099 1350 1110 1369 ,
1127 1334 1206 1369 quac
1238 1332 1328 1356 anno
1360 1319 1462 1356 1098
1478 1317 1592 1355 lucem
1614 1316 1719 1355 vidit.
1743 1316 1882 1354 Deinde
1905 1330 1991 1354 vero
2011 1330 2138 1355 nervos

49 1405 172 1429 omnes
191 1391 377 1428 industria!
393 1388 644 1427 contendimus
663 1396 702 1424 ut
722 1387 972 1438 Chrysostomi
992 1397 1099 1435 opera
1118 1382 1265 1419 demum
1285 1382 1319 1418 in
1349 1380 1536 1432 publicum
1562 1378 1756 1431 prodirent.
1777 1382 1961 1431 Apparatu
1981 1379 2139 1418 maximo

49 1460 126 1489 erat
152 1466 241 1504 opus
260 1465 268 1488 :
289 1450 482 1488 lustrandae
502 1448 752 1493 bibliothecae,
782 1446 898 1484 omnis
918 1445 1071 1495 denique
1090 1443 1180 1495 lapis
1201 1441 1410 1480 movendus.
1448 1441 1519 1478 Iter
1544 1440 1710 1478 Italicum
1729 1454 1822 1478 anno
1849 1442 1951 1482 1698
1970 1440 2109 1493 suscepi
2126 1470 2137 1487 ,

51 1513 146 1551 unde
174 1513 286 1551 multa
306 1526 351 1550 ex
372 1510 542 1549 Romanis
557 1510 686 1548 aliisve
703 1508 838 1547 Italicis
856 1505 1086 1545 bibliothecis
1102 1503 1232 1542 corrasi
1251 1502 1295 1540 ad
1319 1503 1385 1540 hoc
1401 1501 1603 1539 institutum
1620 1500 1831 1553 pertinentia
1849 1516 1857 1538 τ
1878 1501 1994 1540 tribus
2009 1501 2143 1540 exactis

55 1576 90 1614 in
109 1576 177 1614 hoc
197 1576 322 1613 itinere
337 1575 463 1620 annis,
488 1582 567 1625 post
592 1572 747 1610 reditum
768 1571 805 1609 id
826 1585 846 1609 a
867 1568 1046 1607 Praefectis
1066 1567 1194 1604 nostris
1218 1564 1428 1618 impetravi,
1451 1573 1489 1601 ut
1509 1577 1554 1602 ex
1574 1563 1758 1601 sodalibus
1784 1571 1936 1615 quatuor
1955 1563 2012 1602 vel
2034 1563 2144 1614 quin-

52 1653 121 1690 que
147 1638 369 1676 conserendis
384 1636 684 1675 bibliothecarum
705 1634 827 1685 Regiae
841 1663 850 1680 ,
883 1631 1097 1670 Colbertina:
1117 1638 1149 1667 et
1170 1629 1397 1667 Coislinianae
1425 1626 1609 1665 codicibus
1630 1635 1800 1678 perpetuo
1822 1626 2086 1672 incumberent,
2109 1634 2144 1664 et

51 1701 106 1739 sic
126 1715 194 1754 ope
212 1699 538 1751 manuscriptorum
557 1698 674 1750 prisco
689 1697 794 1734 nitori
811 1695 951 1733 restitui
972 1694 1254 1746 Chrysostomus
1270 1699 1402 1744 posset.
1423 1690 1477 1727 Ab
1496 1689 1598 1727 annis
1625 1688 1735 1740 igitur
1750 1688 1942 1740 plusquam
1971 1687 2144 1727 tredecim

53 1763 92 1801 id
111 1772 244 1814 agunt,
274 1762 309 1800 id
337 1770 564 1815 promovent,
596 1769 635 1797 ut
662 1760 987 1810 manuscriptorum
1012 1756 1130 1794 varias
1147 1755 1314 1793 lectiones
1329 1753 1512 1803 colligant.
1533 1752 1584 1790 Ne
1599 1765 1682 1789 vero
1700 1765 1773 1788 rem
1790 1751 1931 1802 longius
1947 1764 2054 1802 quam
2078 1764 2144 1804 par

52 1828 97 1865 sit
117 1837 312 1865 extractam
348 1835 449 1878 putes
467 1855 476 1870 ‚
501 1823 639 1862 codices
669 1822 751 1874 plus
781 1836 887 1872 quam
910 1829 1082 1858 trecentos
1099 1817 1349 1870 Chrysostomi
1374 1830 1522 1868 operum
1554 1815 1588 1852 in
1621 1814 1719 1852 hisce
1746 1814 1977 1852 bibliothecis
2003 1823 2143 1854 exstare

52 1898 188 1927 certum
205 1888 355 1934 habeas,
378 1901 466 1938 quos
495 1885 539 1923 de
567 1885 676 1923 verbo
695 1886 740 1922 ad
765 1883 912 1921 verbum
945 1882 1103 1920 conferre
1126 1894 1193 1917 non
1225 1880 1300 1917 sine
1330 1878 1503 1916 diuturno
1540 1886 1573 1915 et
1601 1876 1800 1914 multorum
1822 1891 1996 1915 annorum
2011 1877 2142 1916 sudore

56 1962 246 2005 potuerunt
264 1952 325 2002 qui
342 1950 389 1989 ad
408 1951 444 1988 id
465 1949 622 1988 muneris
653 1947 781 1986 delecti
808 1955 904 1984 sunt.
937 1945 1082 1983 Interim
1105 1959 1190 1982 vero
1216 1957 1296 1981 eum
1321 1941 1447 1980 amicis
1480 1941 1516 1979 id
1546 1955 1608 1992 per
1637 1940 1757 1979 literas
1781 1941 1864 1992 egi,
1886 1950 1925 1979 ut
1945 1940 1974 1978 si
2000 1955 2071 1992 qua
2105 1941 2142 1980 in

56 2016 193 2067 Angliae
210 2025 243 2053 et
264 2015 466 2053 Germania:
483 2012 712 2051 bibliothecis
733 2011 779 2049 ad
798 2024 875 2048 eam
897 2024 969 2047 rem
991 2018 1189 2062 opportuna
1211 2008 1352 2058 essent‚}
1366 2020 1404 2044 ea
1422 2005 1526 2044 nobis
1545 2004 1886 2042 transmitterentur:
1903 2003 2000 2055 quod
2017 2019 2035 2042 a
2055 2003 2143 2043 viris

57 2079 172 2117 doctis
190 2078 386 2129 amicisque
413 2076 695 2115 cumulatissime
725 2073 925 2126 praestitum
952 2082 1017 2118 est,
1040 2082 1078 2110 ut
1098 2072 1267 2125 pluribus
1283 2070 1422 2109 dicetur
1442 2069 1545 2106 infra.
1565 2068 1628 2106 llis
1643 2058 1764 2106 autem
1783 2067 1934 2121 peractis
1949 2066 2143 2106 editionem

59 2143 108 2180 ita
124 2142 279 2194 aggressi
296 2155 441 2187 sumus,
461 2150 501 2178 ut
518 2139 725 2178 minutatim
745 2151 831 2176 mox
851 2136 1083 2175 describetur.

1040 2275 1064 2326 §
1093 2276 1163 2314 IV.

121 2401 181 2439 De
196 2402 422 2440 restauratis
439 2401 672 2452 quibusdam
691 2399 810 2438 [lomi
814 2400 875 2437 liis
892 2407 927 2437 et
950 2399 1152 2450 opusculis
1169 2397 1335 2435 antehac
1349 2396 1489 2434 hiulcis
1505 2405 1540 2433 et
1560 2409 1703 2448 magna
1726 2396 1790 2432 sui
1811 2403 1925 2446 parte
1945 2393 2097 2433 laceris.

120 2522 295 2560 Homilias
316 2536 384 2560 non
418 2536 571 2574 paucas,
593 2536 672 2572 qua:
701 2522 736 2559 in
765 2521 865 2573 prius
893 2520 1000 2558 editis
1019 2534 1102 2558 cum
1122 2519 1262 2570 magnis
1289 2518 1447 2556 hiatibus
1476 2516 1705 2570 prodierant,
1735 2530 1801 2568 ope
1828 2516 2156 2569 manuscriptorum

67 2583 221 2634 integras
241 2597 415 2634 sanasque
448 2585 605 2635 proferre
639 2597 708 2621 non
734 2583 865 2620 infelici
887 2592 1014 2620 conatu
1037 2582 1267 2630 curavimus,
1288 2579 1466 2631 siquidem
1490 2578 1681 2616 llomiliam
1698 2577 1743 2615 de
1765 2579 1897 2616 Lararo
1911 2579 1987 2630 jam
2007 2592 2155 2618 numero

69 2655 219 2692 sextam,
238 2660 315 2697 qua:
337 2646 370 2683 in
390 2646 576 2683 Savilinna
596 2655 630 2683 et
653 2646 890 2684 Frontoniana
912 2645 1068 2682 editione
1088 2644 1232 2695 paginis
1261 2642 1342 2694 plus
1359 2641 1542 2691 quaternis
1563 2640 1687 2677 mutila
1709 2649 1781 2677 crat
1797 2670 1807 2685 ,
1830 2641 1874 2678 ad
1895 2640 2047 2692 priscam
2069 2641 2157 2681 inte-

71 2710 233 2756 gritatem
255 2717 407 2759 quatuor
439 2707 764 2759 manuscriptorum
794 2721 862 2758 ope
885 2706 1097 2744 reduximus
1123 2721 1129 2741 :
1158 2719 1220 2743 nec
1244 2702 1548 2742 dissimulandum
1577 2711 1628 2739 cst
1661 2716 1716 2744 ea,
1741 2716 1820 2753 quac
1843 2702 1877 2739 in
1907 2703 1970 2740 illa
1990 2704 2157 2743 concione

70 2770 236 2816 deerant,
256 2785 274 2806 a
296 2770 374 2806 vin-o
395 2769 500 2807 docto
517 2770 680 2807 Benzelio
705 2769 892 2819 fragmenti
911 2768 1073 2806 anecdoti
1091 2781 1189 2805 more
1209 2766 1332 2819 paucis
1351 2765 1434 2802 hinc
1452 2764 1553 2801 anuis
1576 2764 1731 2815 tsspsaliae
1753 2764 1932 2815 publicata
1949 2766 2057 2805 fuisse
2075 2781 2157 2806 cum

71 2831 207 2882 aliquot
226 2831 307 2868 aliis
329 2831 576 2882 Chrysostomi
596 2829 794 2868 anecdotis.
814 2829 1010 2867 llomiliam
1031 2829 1116 2867 item
1143 2828 1188 2866 de
1219 2826 1423 2865 Abrahamo
1437 2855 1446 2870 ,
1467 2826 1549 2877 plus
1567 2839 1674 2876 quam
1691 2824 1843 2863 dimidia
1864 2826 1917 2863 sui
1939 2835 2038 2878 parte
2053 2837 2159 2867 trun-

73 2909 150 2931 cam
179 2903 212 2931 et
242 2893 416 2940 laceram,
442 2896 517 2945 jam
544 2895 717 2944 integram
745 2893 972 2946 protulimus.
1006 2893 1132 2930 Hiatus
1153 2893 1235 2929 item
1256 2904 1404 2941 magnos
1425 2889 1594 2927 san-simus
1614 2889 1649 2926 iu
1673 2889 1827 2927 llomilia
1846 2889 1891 2927 de
1921 2890 2064 2929 Christo
2085 2892 2160 2930 Deo

75 2964 194 2993 contra
210 2955 395 3002 Gentiles,
417 2965 450 2993 et
471 2956 506 2993 in
525 2956 594 2993 alia
615 2956 660 2994 de
679 2956 960 2995 Resurrectione.
982 2955 1089 2993 Mitto
1120 2954 1264 2992 lacunas
1295 2952 1385 2990 alias
1406 2952 1582 2997 minores,
1601 2965 1689 3001 quas
1717 2951 1750 2988 iu
1786 2951 1909 2990 multis
1925 2952 2160 2991 concionibus

76 3017 361 3068 complevimus,
385 3017 540 3056 maxime
568 3032 652 3056 vero
679 3019 714 3055 in
742 3018 785 3056 iis
806 3032 885 3069 quae
913 3017 959 3056 de
990 3015 1347 3069 Incomprehensibili
1378 3024 1501 3053 contra
1530 3016 1733 3053 Anomoeos.
1757 3015 1836 3052 Una
1865 3022 1981 3051 tamen
2014 3013 2162 3052 homilia

78 3088 256 3130 superest,
274 3093 351 3129 qua:
371 3090 419 3117 est
438 3080 592 3118 secunda
609 3089 731 3119 contra
747 3080 893 3119 Judaeos
910 3110 919 3128 ,
939 3082 1042 3132 cujus
1062 3079 1205 3117 initium
1226 3082 1245 3124 ἡ
1268 3079 1330 3128 μὲν
1360 3078 1560 3129 παράνομος
1581 3077 1640 3114 καὶ
1661 3076 1876 3128 ἀκάθαρτος,
1896 3073 2016 3112 adhuc
2036 3088 2163 3126 magna

79 3142 134 3179 sui
163 3151 261 3194 parte
299 3142 445 3189 mutila,
467 3142 548 3181 licet
579 3158 720 3182 omnem
761 3144 978 3182 moverimus
1012 3143 1168 3196 lapidem
1202 3152 1238 3179 ut
1258 3157 1334 3179 enni
1358 3142 1392 3179 in
1413 3143 1569 3193 priscum
1593 3149 1723 3178 statum
1758 3138 2018 3177 reduceremus.
2044 3139 2162 3191 Opem

79 3217 118 3241 ea
148 3202 193 3241 dc
228 3217 264 3240 re
298 3203 494 3241 amicorum
529 3205 689 3243 omnium
725 3205 1018 3257 imploravimus,
1039 3203 1137 3242 nulla
1166 3217 1234 3240 non
1263 3203 1450 3253 diligentia
1479 3201 1640 3240 adhibita
1669 3200 1749 3237 suit.
1776 3200 1816 3237 lu
1848 3199 2015 3236 omnibus
2043 3208 2161 3242 certe.

80 3279 160 3315 qua:
195 3279 232 3302 se
261 3274 444 3317 patiuntur
476 3265 596 3314 adiri,
617 3267 843 3305 bibliothecis
871 3281 911 3305 ea
941 3264 1183 3305 sollicitudine
1203 3265 1439 3316 perquisitum
1468 3273 1518 3302 est
1546 3273 1584 3302 ut
1615 3272 1752 3300 certum
1780 3261 1881 3299 uobis
1911 3262 1958 3299 sit
1987 3275 2063 3299 eam
2105 3263 2161 3300 vel

83 3341 258 3377 nusquam
293 3340 413 3364 sanam
441 3337 603 3374 exstare,
631 3328 686 3366 vel
719 3329 915 3367 admodum
949 3329 1071 3377 latere,
1102 3327 1131 3366 si
1167 3327 1247 3365 talis
1279 3327 1445 3379 supersit.
1476 3328 1515 3364 ln
1543 3325 1772 3376 sequentibus
1798 3325 1880 3362 item
1909 3324 2015 3362 tomis
2049 3323 2162 3361 multa

85 3390 160 3442 pari
181 3387 288 3427 modo
307 3389 560 3436 restituentur;
583 3403 644 3427 nec
667 3390 782 3428 minor
810 3391 985 3429 industria
1015 3391 1048 3428 in
1078 3389 1182 3429 editis
1205 3387 1444 3427 restaurandis
1475 3400 1585 3438 quam
1616 3386 1649 3424 in
1678 3385 1858 3424 anecdotis
1887 3384 2054 3424 eruendis
2091 3385 2158 3427 ad·

88 3452 284 3494 hibchitur.
