2513 3871
406 209 501 275 496
834 224 871 252 s.
911 224 1050 255 somn
1060 224 1096 254 is
1132 223 1373 254 cunisosr.

404 309 631 360 imposueris
645 334 657 356 ,
681 319 807 359 neque
821 308 1169 345 communicaveris
1185 307 1356 358 peccatis

401 369 538 406 alieni.
554 366 686 406 Viden'
702 375 834 418 quanta
847 380 920 414 eos,
933 366 995 418 qui
1009 380 1074 405 nos
1085 366 1131 405 ad
1144 380 1222 405 eam
1235 365 1357 418 digni·

401 437 507 466 tatem
524 427 734 480 perducturi
746 434 860 475 erant,
870 441 938 466 non
953 427 1226 480 reprehensione
1236 426 1354 475 modo,

399 488 462 526 sed
483 489 590 527 etiam
606 502 726 541 poena,
744 498 918 539 quantum
935 488 971 526 in
994 487 1096 526 nobis
1116 488 1197 536 fuit,
1215 487 1357 541 eripue-

275 579 305 600 ι
321 570 381 608 Qui
400 550 537 589 rimus?
557 551 657 590 Sicut
676 550 771 588 enim
787 550 917 601 iis‚qui
938 549 1038 588 electi
1059 550 1171 598 fuere,
1185 564 1254 589 non
1271 550 1355 589 satis

195 616 282 664 etism
331 622 383 649 μ’*
400 621 450 649 est
467 611 511 649 ad
529 611 767 650 defensionem
787 610 919 658 dicere,
943 611 1022 649 Non
1046 619 1172 663 sponte
1191 611 1321 648 necessi
1341 640 1352 659 ,

193 664 382 726 ὼὲοἳὲἲξζ
401 686 463 710 nec
482 686 555 711 rem
577 673 794 725 prospiciens
811 672 920 723 effugi
938 702 948 720 ‚
968 671 1015 709 ita
1036 685 1098 709 nec
1114 686 1184 717 cos,
1200 673 1261 724 qui
1281 672 1355 710 ele-—

193 750 263 776 8⁰⁰⁵
300 740 380 766 ordi·
399 742 526 785 gerunt
544 734 712 786 ,juvabit
731 764 741 779 ,
763 734 792 772 si
812 733 934 773 dicant
954 764 963 778 ,
985 747 1021 772 se
1048 733 1252 772 ordinatum
1285 748 1353 772 non

194 787 382 860 gzzzgngff‘
403 795 566 842 novisse;
588 795 649 833 sed
670 795 748 834 ideo
765 797 881 847 majus
908 795 1043 833 crimen
1065 795 1247 840 eflicitur,
1269 795 1353 847 quia

399 869 506 907 quem
522 869 589 893 non
605 865 773 893 noverant
792 854 1098 908 produxerunt,et
1111 869 1190 905 quae
1210 854 1355 894 videtur

398 929 473 954 mse
488 915 659 963 defensio,
678 917 812 954 crimen
831 914 1153 966 anget.Quomodo
1168 915 1262 953 enim
1285 929 1353 954 non

399 977 595 1015 absurdum
610 978 738 1025 fuerit,
756 992 814 1015 eos
831 977 894 1028 qui
915 977 1134 1028 mancipium
1154 990 1270 1014 emere
1289 990 1357 1014 vo-

400 1037 536 1086 lunt,et
551 1037 702 1076 medicis
716 1037 919 1085 ostendere,
932 1047 966 1075 et
981 1037 1148 1075 emtionis
1167 1051 1357 1090 sponsores

399 1102 592 1155 postulare,
600 1112 633 1141 et
649 1103 789 1141 vicinos
802 1102 1029 1153 interrogare,
1037 1116 1099 1139 nec
1112 1111 1225 1139 tamen
1238 1112 1354 1154 postea

398 1163 597 1211 confidere,
622 1163 684 1202 sed
702 1164 915 1201 diuturnum
935 1162 982 1200 ad
1001 1163 1244 1215 probationem
1261 1172 1355 1200 tem-

398 1238 466 1275 pus
482 1238 645 1276 poscere:
661 1225 696 1262 in
712 1233 849 1262 tantum
868 1237 950 1261 vero
969 1223 1208 1261 ministerium
1227 1223 1355 1261 inscri-
1380 1234 1405 1265 Ε

396 1285 481 1322 bere
494 1285 701 1337 quempiam
720 1284 894 1329 volentes,
909 1292 1040 1321 temere
1051 1292 1085 1320 et
1104 1291 1140 1320 ut
1158 1283 1229 1320 sors
1249 1283 1351 1330 ferat,

395 1344 472 1382 sive
485 1344 530 1382 ad
547 1345 714 1396 gratiam,
735 1345 811 1384 sive
831 1344 876 1382 ad
894 1343 1070 1382 invidiam
1108 1344 1352 1382 testimonium

393 1404 645 1458 judiciumque
679 1406 771 1443 ferre
789 1433 798 1450 ‚
815 1405 915 1443 nullo
932 1405 1003 1442 alio
1024 1405 1145 1442 habito
1161 1405 1352 1443 examine?

396 1466 489 1515 Quis
501 1480 585 1518 ergo
597 1480 661 1519 pro
680 1467 784 1505 nobis
799 1475 882 1504 tunc
903 1466 1167 1519 deprecabitur,
1188 1480 1269 1504 cum
1283 1466 1352 1519 ipsi

394 1532 456 1583 qui
487 1533 703 1585 patrocinari
735 1531 917 1570 debebunt
954 1531 1154 1584 patrocinio
1186 1541 1308 1581 egeant
1333 1532 1351 1568 ,⁹

394 1593 549 1632 Proinde
563 1602 702 1646 oportet
715 1607 812 1639 enm,
823 1596 884 1644 qui
896 1593 1127 1631 ordinaturus
1140 1602 1191 1631 est
1205 1622 1215 1640 ,
1238 1592 1351 1631 multa

394 1656 494 1708 prius
508 1655 765 1709 perquisitione
784 1658 834 1693 uti
852 1670 862 1701 ;
877 1653 938 1693 sed
959 1654 1073 1692 multo
1093 1655 1226 1706 majore
1242 1668 1324 1692 eum
1339 1683 1349 1701 ,

394 1718 456 1769 qui
491 1717 714 1756 ordinandus
733 1726 796 1756 est.
821 1716 972 1754 Etiamsi
1002 1716 1098 1754 enim
1126 1724 1350 1768 peccatorum

395 1779 562 1832 supplicii
588 1788 765 1817 consortes
785 1778 974 1816 habiturus
1001 1778 1045 1816 sit
1068 1791 1126 1815 eos
1153 1777 1214 1828 qui
1236 1777 1351 1828 elege-

1412 223 1603 254 Artemi-:P
1610 244 1621 254 .
1659 224 1829 256 CONSTA
1837 225 1998 257 NTmop
2006 245 2017 256 ·

1427 305 1601 356 μακάριος
1632 307 1773 351 Παῦλος
1813 307 2002 360 Τιμοθέῳ,
2019 307 2072 359 τῷ
2089 306 2223 360 γνησίῳ
2252 307 2363 362 τέκνῳ
2386 310 2447 348 καὶ

1425 369 1619 420 ἀγαπητῷ·
1637 368 1767 420 Χεῖρας
1779 368 1917 420 ταχέως
1937 367 2060 417 μηδενὶ
2077 368 2243 415 ἐπιτίθει,
2260 369 2349 420 μηδὲ
2369 384 2448 410 κοι-

1425 428 1526 467 νώνει
1554 428 1743 481 ἁμαρτίαις
1773 429 1988 480 ἀλλοτρίαις.
2014 424 2115 473 Εἶδες
2145 430 2231 477 ὅσης
2254 429 2333 475 τοὺς
2363 430 2451 481 μέλ-

1423 490 1547 531 λοντας
1562 492 1657 540 ἡμᾶς
1675 491 1733 528 ἐπὶ
1752 495 1855 529 τοῦτο
1877 488 2070 541 ι’παράγειν
2085 493 2124 529 οὔ
2142 491 2310 543 μέμψεως
2333 492 2452 542 μόνονῦ

1426 550 1517 588 ἀλλὰ
1538 550 1600 588 καὶ
1613 552 1786 603 τιμωρίας
1804 551 1845 590 τό
1863 567 1904 603 γε
1922 551 2092 603 ἡμέτερον
2111 551 2362 602 ἀπηλλάξαμεν
2383 551 2453 601 μέ-

1379 620 1403 650 D
1428 610 1662 664 ρος;”Ωσπερ
1688 612 1757 664 γὰρ
1786 617 1858 656 τοῖς
1887 615 2074 664 αἱρεθεῖσιν
2099 615 2160 652 οὐκ
2177 613 2347 664 αὔταρκες
2364 610 2452 663 πρὸς

1426 674 1618 722 ἀπολογίαν
1651 674 1691 712 τὸ
1721 675 1854 726 λέγειν·
1884 676 1946 712 οὐκ
1978 674 2192 720 αὐτόκλητος
2226 668 2346 720 ἦλθον,
2371 674 2450 713 οὖδᾶ

1424 735 1594 787 προειδὼς
1623 738 1684 774 οὐκ
1715 736 1915 788 ἀπέφυγον·
1941 735 2048 779 οὕτως
2081 735 2157 775 οὐδὲ
2180 734 2261 779 τοὺς
2292 750 2452 788 χειροτο·

1423 800 1564 839 vomu<
1588 796 1770 849 ὠφελῆσαί
1798 811 1832 834 τι
1865 796 2033 842 δύναται,
2055 799 2085 834 εί
2117 796 2252 848 λέγοιεν
2280 796 2339 835 τὸν
2374 810 2451 848 χει·

1425 857 1652 908 ροτονηθέντα
1680 860 1815 908 ἀγνοεῖν
1830 887 1840 904 ,
1869 858 1960 897 ἀλλὰ
1979 858 2037 896 διὰ
2063 860 2165 897 τοῦτο
2188 857 2249 896 καὶ
2267 858 2384 907 μεῖζον
2409 855 2452 895 τὸ

1426 916 1587 969 ἔγκλημα
1617 919 1770 970 γίνεται,
1799 920 1853 956 δτι
1885 918 1922 957 ὃν
1954 919 2098 970 ἠγνόουν
2130 918 2358 971 παρήγαγον,
2389 917 2451 956 καὶ

1427 982 1449 1024 ἡ
1483 981 1632 1018 δοκοῦσα
1668 974 1756 1018 εἶναι
1800 980 1971 1031 ἀπολογία
2003 979 2099 1024 αὔξει
2127 979 2192 1027 τὴν
2218 978 2445 1032 κατηγορίαν.

1428 1041 1511 1084 Πῶς
1529 1041 1595 1093 γὰρ
1615 1042 1677 1080 οὐκ
1695 1042 1838 1088 ἄτοπον,
1855 1042 2070 1093 ἀνδράποδον
2087 1040 2150 1092 μὲν
2168 1041 2339 1092 πρίασθαι
2362 1042 2447 1091 βου-

1425 1102 1590 1150 λομένους
1610 1102 1669 1140 καὶ
1694 1103 1823 1153 ἰατροῖς
1854 1102 2107 1148 ἐπιδεικνύναι,
2128 1102 2188 1140 καὶ
2206 1105 2268 1148 τῆς
2288 1102 2449 1154 πράσεως

1426 1162 1598 1211 ἐγγυητὰς
1629 1165 1790 1200 ἀπαιτεῖν
1804 1192 1814 1208 ,
1834 1162 1893 1200 καὶ
1914 1163 2079 1214 γειτόνων
2111 1162 2368 1206 πυνθάνεσθαι,
2387 1162 2448 1200 καὶ

1427 1221 1517 1269 μετὰ
1533 1225 1644 1259 ταῦτα
1666 1222 1780 1260 πάντα
1799 1223 1946 1272 μηδέπω
1963 1226 2121 1274 θαῤῥεῖν,
2137 1223 2227 1262 ἀλλὰ
2246 1224 2306 1262 καὶ
2322 1224 2449 1276 χρόνον

1425 1280 1533 1320 πολὺν
1557 1283 1642 1333 πρὸς
1667 1282 1875 1332 δοκιμασίαν
1898 1285 2028 1321 αἰτεῖν·
2054 1285 2102 1326 εἰς
2122 1284 2158 1322 δὲ
2178 1284 2351 1331 τοσαύτην
2370 1285 2448 1323 λιι-

1425 1343 1588 1395 τουργίαν
1615 1343 1806 1393 μέλλοντάς
1836 1359 1914 1382 τινα
1930 1343 2162 1397 ᾱέγγράφειν,
2180 1345 2300 1388 ἁπλῶς
2324 1346 2384 1384 καὶ
2401 1346 2450 1390 ὣς

1424 1404 1569 1456 ἔτυχεν,
1601 1404 1642 1441 ἂν
1680 1407 1728 1456 τῷ
1764 1405 1850 1443 δεῖνι
1888 1405 1991 1456 δόξῃ,
2031 1407 2116 1458 πρὸς
2155 1406 2260 1459 χάριν
2296 1406 2320 1454 ἢ
2362 1407 2449 1460 πρὸς

1424 1466 1616 1518 ἀπέχθειαν
1650 1466 1777 1518 ἑτέρων
1805 1470 2048 1519 μαρτυρῆσαι,
2064 1469 2249 1519 ἐγκρίνειν,
2272 1469 2448 1519 μηδεμίαν

1422 1528 1650 1579 ποιουμένους
1679 1528 1798 1580 ἑτέραν
1829 1528 2008 1576 ἐξὲτασιν;
2029 1529 2095 1573 Τίς
2127 1524 2186 1568 οὖν
2216 1532 2311 1580 ἡμᾶς
2331 1531 2449 1575 ’ἐξαι-

1423 1589 1568 1636 τῆσεται
1589 1590 1686 1636 τότε,
1703 1592 1772 1627 τῶν
1799 1591 2008 1642 ὀφειλόντων
2032 1595 2227 1642 προστῆναι
2254 1591 2315 1630 καὶ
2334 1594 2448 1631 αὐτῶν

1423 1652 1630 1702 προστατῶν
1664 1651 1860 1701 δεομένων;
1881 1655 1942 1690 Δεῖ
1967 1651 2030 1702 μὲν
2059 1647 2118 1690 οὖν
2152 1653 2213 1691 καὶ
2241 1653 2300 1692 τὸν
2331 1668 2450 1705 χειρο-

1421 1717 1532 1750 τονεῖν
1555 1711 1727 1762 μέλλοντα
1750 1712 1882 1758 πολλὴν
1909 1716 2084 1751 ποιεῖσθαι
2103 1713 2166 1760 τὴν
2185 1713 2339 1764 ἔρευναν,
2359 1715 2447 1752 πολ-

1423 1775 1473 1827 λῷ
1492 1772 1529 1811 δὲ
1558 1773 1702 1811 πλείονα
1733 1773 1854 1811 τούτου
1882 1774 1939 1812 τὸν
1971 1774 2287 1825 χειροτονούμενον.
2308 1776 2351 1814 1·Ζῖ
2379 1775 2448 1827 γὰρ

395 1848 661 1887 runt,attamen
681 1853 749 1877 non
767 1839 842 1890 ipse
859 1837 1005 1889 quidem
1026 1838 1091 1876 hac
1107 1838 1242 1875 ratione
1262 1851 1352 1890 sup·
1367 1866 1414 1890 ωδ
1424 1834 1484 1872 καὶ
1512 1834 1693 1877 κοινωνοὺς
1726 1834 1798 1886 ἔχει
1826 1837 1888 1880 τῆς
1931 1834 2108 1878 κολάσεως
2145 1834 2223 1880 τοὺς
2265 1837 2448 1887 ἑλομένους

395 1900 545 1953 plicium
560 1899 701 1944 evadit,
715 1900 787 1938 imo
812 1900 959 1950 gravius
976 1901 1143 1945 sustinet;
1169 1899 1236 1937 nisi
1263 1899 1352 1936 forte
1377 1903 1402 1931 Α
1425 1899 1459 1934 ἐν
1486 1890 1536 1941 οἷς
1556 1896 1595 1934 ἂν
1615 1895 1780 1948 ἁμάρτῃ,
1801 1897 1877 1934 ἀλλ’
1898 1896 1992 1946 ὅμως
2009 1896 2084 1935 οὐδὲ
2102 1898 2202 1941 αὐτὸς
2222 1898 2450 1943 ἀπήλλακται

394 1961 448 2000 illi
467 1962 621 2000 humana
650 1961 768 2012 aliqua
799 1962 934 1999 ratione
953 1959 1075 2005 ducti,
1092 1970 1212 1998 contra
1243 1975 1351 2011 quam

394 2033 667 2063 consentaneum
679 2025 747 2063 sibi
762 2024 1176 2068 videbatui-,electionem
1190 2024 1351 2062 fecerint.

397 2086 489 2124 Nam
508 2085 534 2122 si
555 2085 588 2123 in
609 2085 782 2137 ejusmodi
805 2085 937 2123 delicto
963 2084 1175 2137 deprehensi
1203 2084 1352 2131 fuerint,

395 2154 427 2183 et
441 2159 547 2196 quern
562 2146 749 2196 indignum
762 2155 857 2184 certo
873 2144 1180 2196 scirent,quadam
1191 2144 1237 2183 de
1246 2159 1352 2184 rausa

397 2208 616 2259 cooptarint,
641 2208 738 2259 paria
757 2208 853 2245 luent
870 2207 1047 2259 supplicia
1071 2223 1081 2244 ι
1106 2207 1253 2245 fortasse
1269 2221 1353 2246 vero

396 2270 548 2320 majores
565 2283 684 2322 pmnas
695 2269 796 2307 dabit
813 2269 874 2320 qni
893 2283 961 2306 non
978 2268 1146 2307 idoneum
1157 2269 1351 2307 constituit.

396 2330 488 2368 Nam
509 2330 569 2380 qui
595 2339 800 2382 potestatem
824 2329 886 2367 dat
905 2329 1038 2367 volenti
1059 2328 1253 2367 Ecclesiam
1275 2343 1356 2367 cor-

397 2405 576 2444 rumpere,
597 2392 626 2429 is
647 2391 844 2429 facinorum
860 2393 937 2443 ejus
951 2399 1077 2428 auctor
1095 2389 1215 2428 fuerit.
1247 2390 1354 2439 Quod

396 2453 425 2490 si
447 2452 535 2490 nulli
555 2467 678 2490 eorum
706 2453 885 2491 obnoxius
912 2452 986 2504 ipse
1014 2452 1120 2490 fuerit
1140 2481 1150 2499 ‚
1171 2451 1230 2490 sed
1252 2452 1353 2504 vulgi

396 2513 563 2565 opinione
581 2528 617 2552 sc
636 2513 823 2567 deceptum
842 2513 960 2561 dieat,
983 2527 1026 2551 ne
1043 2513 1094 2551 sic
1119 2512 1265 2565 quidem
1286 2513 1355 2552 im-

397 2588 492 2626 pune
511 2575 631 2621 fuerit,
655 2574 715 2612 sed
737 2575 843 2628 paulo
860 2575 1025 2619 minores,
1043 2587 1150 2625 quam
1167 2574 1229 2625 qui
1253 2574 1353 2612 ordi-

398 2644 502 2673 natus
517 2645 571 2673 est
589 2666 599 2685 ,
616 2635 715 2674 dabit
734 2650 866 2688 prunas.
882 2635 1031 2682 Quare?
1046 2635 1141 2684 Quia
1160 2635 1354 2674 verisimile

399 2696 541 2735 videtur
571 2711 630 2735 eos
661 2697 722 2748 qui
751 2697 887 2749 elegere
922 2697 1007 2735 falsa
1046 2696 1146 2747 vulgi
1185 2697 1354 2750 opinione

398 2757 562 2811 deceptos
585 2773 626 2796 eo
641 2759 800 2796 animum
831 2759 1012 2811 appulisse
1028 2773 1037 2807 ;
1056 2757 1117 2796 sed
1141 2757 1203 2810 qni
1223 2758 1355 2797 electus

399 2819 466 2856 fuit
485 2833 550 2856 non
570 2819 715 2871 perinde
742 2818 861 2857 dicere
879 2828 1016 2872 potest,
1038 2819 1218 2871 Meipsum
1249 2819 1355 2871 igno·

401 2879 545 2927 rabam,
565 2889 602 2917 ut
625 2880 685 2917 alii
704 2894 741 2918 se
758 2880 938 2931 ignorasse
962 2880 1078 2933 ipsum
1095 2879 1233 2918 dicunt.
1254 2881 1357 2920 Sicut

403 2941 513 2992 igitur
532 2942 678 2990 gravius
693 2941 903 2994 plectendus
915 2951 1097 2993 est,qunm
1116 2942 1138 2979 ii
1158 2942 1222 2993 qui
1239 2942 1355 2995 ipsum

403 3011 637 3054 cooptarunt,
652 3003 698 3040 ita
725 3005 927 3041 accuratius
957 3003 1012 3041 sui
1046 3002 1159 3055 ipsius
1191 3017 1355 3051 examen,

404 3076 511 3112 quam
529 3063 604 3111 illi,
625 3064 738 3102 facere
756 3064 861 3102 debet
881 3079 946 3102 :ac
973 3065 1002 3102 si
1023 3064 1141 3116 ipsum
1170 3063 1224 3102 illi
1257 3065 1359 3115 igno-

408 3133 522 3161 rantes
543 3124 746 3175 pertrahant
763 3155 773 3172 ,
791 3125 936 3164 obviam
957 3125 1008 3164 ire
1025 3126 1144 3172 debet,
1161 3125 1359 3178 docereque

409 3198 530 3222 musas
545 3199 617 3234 cas,
641 3200 700 3237 per
730 3201 818 3237 quas
836 3187 882 3225 ab
899 3202 1018 3226 errore
1035 3187 1229 3239 desistant,
1249 3198 1358 3239 seque

453 3355 460 3366 ⁴
492 3341 625 3384 Aliquot
641 3343 716 3376 Mu.
737 3352 885 3390 προάγιιν.

456 3396 470 3416 ¹¹
499 3393 561 3425 Alli
578 3400 784 3440 imp-quoae.

457 3454 467 3465 '
492 3446 762 3489 Λῐίὶίζτιρῆσιτυμ

1425 1961 1488 2004 τῆς
1516 1957 1708 2009 τιμωρίας,
1737 1956 1827 1995 ἀλλὰ
1862 1957 1921 1995 καὶ
1955 1958 2096 2007 μείζονα
2124 1957 2266 1998 δίδωσι·
2287 1958 2390 2009 μόνον
2420 1961 2451 1998 εἰ

1427 2020 1476 2071 μὴ
1498 2019 1555 2058 διά
1570 2035 1648 2057 τινα
1668 2019 1887 2071 ἀνθρωπίνην
1905 2018 2019 2056 αἰτίαν
2035 2018 2132 2070 παρὰ
2148 2018 2187 2057 τὸ
2208 2019 2312 2071 φανὲν
2334 2022 2451 2063 αὐτοῖς

1424 2086 1438 2101 ²
1452 2081 1592 2132 εὔλογον
1613 2079 1764 2131 ἔπραξαν
1785 2082 1816 2118 οἱ
1845 2080 2015 2130 ἑλόμενοι.
2036 2081 2079 2118 Εἰ
2100 2081 2167 2132 γὰρ
2187 2082 2221 2119 ἐν
2242 2079 2354 2133 τούτῳ
2375 2096 2451 2133 φω-

1427 2146 1578 2195 ραθεῖεν,
1595 2142 1655 2180 καὶ
1675 2143 1732 2180 τὸν
1765 2140 1901 2184 ἀνάξιον
1932 2141 2059 2185 εἰδότες
2088 2142 2145 2179 διά
2166 2157 2245 2179 τινα
2274 2143 2451 2193 πρόφασιν

1425 2203 1526 2241 αὐτὸν
1553 2202 1757 2255 παρήγαγον
1770 2233 1780 2251 ,
1800 2202 1835 2247 ἐξ
1856 2202 1934 2248 ἴσης
1953 2201 1996 2240 τὰ
2015 2205 2085 2240 τῶν
2104 2202 2348 2255 κολαστηρίων
2380 2204 2452 2241 αὖ-

1424 2271 1511 2308 τοῖς·
1540 2263 1635 2316 τάχα
1672 2263 1708 2301 δὲ
1744 2263 1804 2301 καὶ
1840 2263 1981 2313 μείζονα
2003 2266 2053 2315 τῷ
2080 2262 2140 2301 τὸν
2159 2265 2222 2302 οὐκ
2253 2263 2451 2310 ἐπιτήδειον

1425 2326 1700 2373 καταστήσαντι.
1721 2324 1766 2363 Ὁ
1795 2324 1863 2376 γὰρ
1892 2323 1956 2370 τὴν
1984 2323 2141 2368 ἐξουσίαν
2170 2323 2367 2377 παρασχὼν
2400 2326 2452 2376 τῷ

1427 2387 1628 2439 βουλομένῳ
1656 2387 1853 2439 διαφθεῖραι
1872 2386 1935 2433 τὴν
1956 2386 2190 2434 Ἐκκλησίαν,
2209 2379 2307 2430 οὗτος
2336 2385 2377 2423 ἂν
2397 2386 2451 2432 εἴη

1426 2451 1495 2486 τῶν
1525 2451 1582 2487 ὑπ’
1615 2448 1745 2486 ἐκείνου
1773 2447 2016 2498 τολμηθέντων
2048 2448 2168 2491 αἴτιος.
2199 2448 2243 2487 Ei
2264 2447 2301 2486 δὲ
2319 2445 2450 2487 τούτων

1427 2509 1490 2559 μὲν
1513 2510 1623 2548 οὐδενὶ
1642 2508 1777 2560 γένοιτο
1806 2508 1992 2552 ὑπεύθυνος
2006 2535 2016 2553 ,
2043 2507 2113 2546 ἀπὸ
2133 2507 2168 2548 δὲ
2188 2510 2250 2554 τῆς
2277 2509 2346 2545 τῶν
2364 2508 2454 2546 πολ-

1425 2572 1495 2608 λῶν
1519 2572 1727 2623 ὑπολήψεως
1755 2572 1959 2617 ἠπατῆσθαι
1987 2569 2105 2619 λέγοι,
2132 2568 2354 2620 ἀτιμώρητος
2388 2567 2453 2619 μὲν

1425 2632 1500 2671 οὐδὲ
1522 2631 1538 2652 ¹‘
1553 2631 1644 2670 οὕτω
1671 2632 1790 2682 μένοι,
1817 2632 1925 2683 ὀλίγῳ
1955 2630 1990 2669 δὲ
2018 2630 2186 2668 ἐλάττονα
2211 2634 2272 2668 τοῦ
2291 2645 2450 2682 χιιροτο-

1426 2694 1586 2741 νηθέντος
1618 2694 1739 2732 δι’διιισι
1773 2693 1885 2739 δίκην.
1910 2691 1958 2729 Τί
1984 2691 2113 2737 δήποτε
2128 2706 2138 2737 ;
2152 2689 2237 2729 Ὅτι
2274 2690 2351 2734 τοὺς
2387 2691 2451 2743 μὲν

1426 2755 1609 2806 ἑλομένους
1639 2754 1728 2797 εἰκὸς
1757 2755 1825 2792 ὕπὸ
1852 2751 1950 2798 δόξης
1967 2753 2111 2803 ψευδοῦς
2132 2751 2374 2799 ἀπατηθέντας
2394 2753 2454 2791 ἰπὶ

1426 2821 1528 2855 τοῦτο
1546 2817 1675 2854 ἐλθεῖν·
1691 2819 1710 2853 ὁ
1726 2814 1761 2852 δὲ
1782 2814 1929 2864 αἱρεθεὶς
1948 2816 2010 2851 οὐκ
2027 2812 2078 2850 ἔτι
2098 2813 2138 2851 ἂν
2156 2814 2296 2852 δύναιτο
2315 2814 2428 2864 λέγειν
2441 2843 2452 2862 ,

1427 2881 1480 2918 ὅτι
1506 2878 1652 2929 ἠγνόουν
1671 2875 1838 2926 ἐμαυτὸν,
1857 2873 2016 2925 καθάπερ
2046 2875 2148 2913 αὐτὸν
2167 2874 2292 2927 ἕτεροι.
2311 2875 2375 2920 Ὦς
2392 2869 2453 2915 οὖν

1430 2938 1619 2993 βαρύτερον
1653 2936 1825 2988 μίλλοντα
1850 2936 2056 2980 κολάζεσθαι
2075 2939 2143 2974 τῶν
2163 2936 2455 2988 παραγαγόντων,

1427 3002 1536 3044 οὑτως
1557 2999 1802 3052 ἀκριὸέστιρον
1827 2999 1941 3035 αὐτῶν
1966 2997 2034 3048 χρὴ
2055 2999 2228 3035 ποιεῖσθαι
2246 2997 2310 3044 τὴν
2328 2999 2453 3036 tauro&

1424 3062 1633 3113 δοκιμασίαν
1649 3076 1657 3084 ·
1679 3060 1743 3098 κᾶν
1770 3061 1970 3110 ἀγνοοῦντες
1995 3057 2146 3097 ἴλκωσιν
2171 3059 2318 3105 ἐκεῖνοι,
2338 3073 2452 3110 προσ-

1430 3124 1524 3162 ιόντα
1558 3121 1732 3162 διδάσκειν
1763 3119 1918 3172 ἀκριὸὦς
1949 3118 2011 3161 τὰς
2049 3119 2181 3166 αἰτίας,
2208 3119 2252 3157 δι’
2272 3113 2321 3158 ὧν
2351 3121 2452 3166 ἠπα-

1428 3186 1597 3236 τημένους
1614 3183 1740 3223 παύσει
1756 3211 1765 3229 ,
1786 3181 1847 3221 καὶ
1865 3179 2003 3224 ἀνάξιον
2022 3180 2144 3219 ίαυτὸν
2164 3183 2226 3227 τ’ἠς
2245 3180 2454 3230 δοκιμασίας

1495 3356 1506 3371 ·
1531 3345 1586 3378 Sic
1608 3342 1709 3377 Seu-il.
1734 3350 1767 3375 et
1794 3340 1938 3374 maxims·
1965 3348 2041 3383 part
2068 3339 2142 3371 Mu.
2171 3338 2285 3372 Mon-l.
2314 3349 2392 3372 vero
2411 3355 2458 3373 w·

1449 3404 1546 3433 ιολον.

1492 3451 1508 3475 b
1532 3449 1591 3482 Alli
1609 3455 1694 3492 μένῃ.
