2513 3871
347 210 445 275 208

339 307 402 358 qui
423 315 544 345 contna
563 319 626 343 nos
643 303 772 343 ducem
789 306 887 358 agit,
907 314 945 344 ut
958 305 1147 358 abigamus
1162 307 1299 345 seroces

339 368 546 405 daemonum
576 364 795 417 phalanges,
819 374 860 404 ut
888 365 1142 405 subvertamus
1174 379 1298 406 eorum

342 424 627 477 propugnacula,
649 434 687 463 ut
708 426 902 464 Potestates
919 434 955 464 et
971 424 1099 464 mundi
1113 424 1298 474 dominos,

340 494 492 524 rectores
510 485 638 524 barum
657 486 886 525 tenebrarum
903 487 938 524 in
957 487 1167 525 servitutem
1186 485 1299 526 duca-

340 557 433 590 mus,
445 552 484 582 ιιι
495 543 695 596 spiritualia
709 544 854 583 matiiiae
865 546 1040 597 lugemus,
1054 554 1092 584 ut
1103 545 1221 598 ignem
1231 546 1302 599 spi·

343 618 482 653 remus,
509 614 548 644 ιιι
568 604 615 644 ad
634 605 861 657 quotidianas
883 615 1014 645 mortes
1034 606 1149 660 parati
1170 606 1296 647 simus.

346 661 497 716 Propter
514 661 581 701 hoc
601 662 719 702 induit
735 677 800 702 nos
815 664 958 703 thorace
971 665 1141 718 justitiae,
1156 675 1302 719 propter

342 720 411 760 hoc
429 721 547 762 cinxit
569 735 633 761 nos
651 737 737 762 zona
755 723 933 773 veritatis,
948 734 1092 778 propter
1108 724 1175 764 hoc
1191 725 1302 778 impo-

342 779 416 819 suit
444 779 580 833 galeam
607 781 753 831 salutis,
785 791 930 836 propter
950 782 1017 822 boc
1036 781 1143 835 pedes
1162 792 1300 822 nostros

340 839 513 882 calceavit
537 843 795 896 praeparatione
812 844 986 896 evangelii
1005 844 1101 897 pacis
1114 874 1124 892 ,
1140 854 1173 884 et
1190 843 1299 884 tradi·

801 222 841 253 S.
880 223 1071 254 soANNts
1106 223 1352 255 CHRYSOST·
1391 225 1601 260 Ancum?-
1640 230 2002 263 CONSTANTINOP-

1370 309 1427 349 ἵνα
1451 310 1651 364 ἐλαύνωμεν
1677 314 1740 359 τὰς
1767 314 1891 366 ἀγρίας
1911 318 1981 354 τῶν
2001 314 2175 366 δαιμόνων
2195 313 2398 367 φάλαγγας,

1369 370 1427 410 ἵνα
1450 372 1758 426 κατασκάπτωμεν
1783 377 1897 415 αὐτῶν
1923 375 1969 416 τὰ
1995 375 2232 428 ὀχυρώματα,
2250 375 2305 414 ἵνα
2331 375 2395 418 τὰς

1369 431 1527 478 ἕξουσίας
1558 439 1619 475 τοῦ
1647 437 1928 488 κοσμοκράτορος
1962 442 2023 476 τοῦ
2056 437 2199 480 σκότους
2227 437 2395 484 δήσαντες

1371 494 1617 547 αἰχμαλώτους
1653 498 1867 549 ἀγάγωμεν,
1906 497 1963 536 ἵνα
2000 497 2044 535 τὰ
2080 498 2302 548 πνευματικὰ
2331 499 2394 542 τῆς

1370 557 1539 610 πονηρίας
1554 558 1826 610 φυγαδεύσωμεν
1837 587 1847 603 ,
1865 558 1922 598 ἵνα
1939 562 2009 632 πῦρ
2027 557 2209 608 πνίωμεν,
2232 556 2291 596 ἵνα
2308 558 2394 609 πρὸς

1369 618 1620 671 καθημερινοὺς
1639 620 1806 663 θανάτους
1825 618 1960 669 ἕτοιμοι
1977 634 2072 669 ωμεν
2091 618 2151 658 καὶ
2173 632 2395 670 παρεσκευα-

1371 678 1505 729 σμένοι.
1536 680 1605 719 Διὰ
1633 683 1734 719 τοῦτο
1760 679 1916 719 ίνίδυσεν
1942 683 2036 730 ἡμᾶς
2062 679 2123 718 τὸν
2160 678 2304 731 θώρακα
2330 679 2394 725 τῆς

1371 740 1619 789 δικαιοσύνης,
1650 741 1708 779 διὰ
1742 745 1845 780 τοῦτο
1877 740 1984 786 ἔζωσι
2008 743 2053 793 τῇ
2085 739 2177 792 ζώνῃ
2207 741 2271 787 τῆς
2301 741 2394 786 άλη-

1371 802 1484 850 θείας,
1514 802 1571 840 διὰ
1599 807 1699 842 τοῦτο
1725 802 1911 855 περιέθηκε
1936 801 2001 848 τὴν
2031 801 2306 854 περικεφαλαίαν
2332 804 2394 841 τοῦ

1311 889 1361 915 ²0⁴
1373 864 1569 916 σωτηρίου,
1590 863 1647 902 διὰ
1669 867 1770 903 τοῦτο
1797 863 1948 910 ὓπίδησε
1977 863 2055 907 τοὺς
2083 863 2191 906 πόδας
2220 864 2321 912 ἡμῶν
2348 863 2398 914 τῇ

341 899 399 941 dit
412 900 575 954 gladium
591 902 755 955 spiritus,
773 913 918 956 propter
930 902 1129 956 bocignem
1142 905 1301 944 accendit
1324 927 1350 955 A
1374 925 1560 978 ἑτοιμασίᾳ
1577 928 1638 964 τοῦ
1662 924 1863 976 εὐαγγιλίω
1887 927 1950 971 τῆς
1975 923 2138 977 tlpr‘nvnm
2153 922 2214 961 ,ια-ι
2237 922 2301 969 τὴν
2327 922 2399 973 μά,

341 961 379 1001 in
400 963 530 1002 nostris
548 963 750 1003 animabus.
772 963 812 1004 Si
836 964 946 1016 igitur
967 964 1118 1005 militem
1144 966 1300 1018 aliquem

341 1032 535 1078 postquam
563 1023 719 1064 induerit
737 1024 894 1077 galeam,
927 1039 1069 1073 ocreas,
1101 1026 1298 1076 thoracem,

341 1094 532 1138 postquam
549 1087 724 1139 acceperit
740 1086 903 1138 gladium
917 1117 926 1134 ‚
941 1086 1098 1126 lanceam
1109 1117 1120 1133 ,
1139 1098 1299 1136 scutum,

340 1144 430 1194 tela,
452 1145 621 1197 sagittas,
641 1146 846 1198 pharetram
859 1176 868 1193 ,
889 1146 973 1185 tuba
986 1148 1061 1199 jam
1086 1148 1223 1187 clarum
1243 1164 1300 1187 so-

339 1214 445 1244 nante
459 1215 492 1244 et
506 1220 627 1245 omnes
639 1216 826 1254 evocante,
841 1206 1004 1245 hostibus
1019 1221 1150 1259 magno
1166 1209 1301 1261 impetu

339 1266 568 1304 saevientibus
591 1275 625 1305 et
645 1266 827 1305 civitatem
856 1281 874 1306 a
894 1266 1135 1306 fundamentis
1149 1277 1304 1307 evertere

338 1326 587 1375 molientibus,
601 1326 742 1366 videres
753 1341 823 1365 non
838 1326 873 1364 in
888 1341 1014 1379 agmen
1031 1328 1125 1366 foras
1140 1342 1301 1376 currere,

337 1387 403 1426 sed
424 1387 460 1426 in
477 1387 627 1426 domum
646 1387 805 1439 ingredi,
827 1397 860 1426 et
881 1388 1022 1427 mulieri
1043 1389 1198 1427 assidere
1218 1403 1300 1428 cum

336 1448 448 1486 armis
465 1465 472 1485 ε
488 1463 532 1487 an
551 1462 619 1487 non
632 1479 641 1497 ,
660 1448 689 1486 si
707 1447 813 1487 modo
833 1448 971 1498 liceret,
992 1449 1114 1501 gladio
1141 1449 1300 1489 medium

339 1508 596 1559 transfodercs,
617 1524 660 1548 ne
671 1522 832 1548 sermone
845 1509 990 1561 quidem
1006 1525 1088 1549 eum
1103 1511 1300 1563 dignatus?

338 1574 384 1608 Αι
412 1570 443 1609 si
466 1579 505 1610 tu
535 1580 631 1610 tanta
662 1571 713 1610 ira
734 1570 903 1624 impletus
923 1584 977 1620 cs,
995 1571 1177 1623 quomodo
1198 1581 1300 1624 putas

337 1631 456 1670 Deum
488 1631 524 1670 in
562 1632 679 1671 multo
712 1632 938 1685 turpioribus
966 1647 1049 1686 erga
1078 1647 1142 1672 nos
1172 1633 1300 1672 affici?

336 1694 455 1732 Tanto
486 1693 579 1733 enim
612 1693 774 1747 turpiora
803 1703 837 1732 et
867 1693 1078 1732 absurdiora
1109 1703 1192 1733 sunt
1224 1694 1300 1733 haec

336 1769 449 1805 quam
470 1754 552 1803 illa,
571 1764 706 1808 quanto
727 1764 760 1793 et
779 1755 927 1807 gravius
946 1755 1105 1802 bellum,
1128 1765 1161 1794 et
1184 1755 1300 1794 hostes

337 1816 629 1862 truculentiores,
652 1825 685 1855 et
706 1815 851 1869 praemia
878 1830 942 1868 pro
973 1816 1104 1867 quibus
1145 1815 1300 1854 bellatur

337 1878 472 1930 majora
482 1908 493 1926 ,
504 1878 586 1916 etin
598 1892 738 1916 summa
750 1877 868 1915 omnia
883 1887 1020 1915 tantum
1033 1877 1299 1925 transcendunt,

336 1948 513 1990 quantum
528 1938 695 1977 umbram
709 1938 851 1977 veritas.
867 1939 990 1990 ltaque
1004 1953 1045 1977 ne
1054 1939 1253 1978 effeminem
1261 1954 1300 1977 us

337 1997 451 2035 robur
477 2006 660 2044 nostrum,
686 2011 730 2035 ne
756 1996 984 2035 succidamus
1012 2011 1138 2035 nervos
1163 2007 1299 2035 nostros

338 2054 415 2093 istis
426 2055 767 2094 conversationibus.
784 2054 926 2093 Etenim
942 2055 1091 2093 multam
1105 2065 1139 2094 et
1152 2056 1299 2094 immen-

339 2129 417 2154 sam
437 2116 625 2155 animabus
648 2115 778 2155 nostris
800 2116 974 2155 instillant
993 2117 1178 2155 malitiam.
1200 2118 1298 2165 Quid

334 2176 430 2214 enim
452 2177 558 2216 etiam
576 2177 605 2215 si
626 2191 693 2215 non
711 2177 906 2215 sentiamus
924 2192 1045 2216 amore
1064 2178 1184 2216 ebrii?
1204 2179 1299 2218 Istuc

334 2236 430 2275 enim
464 2238 580 2291 ipsum
614 2238 775 2276 omnium
806 2246 856 2275 est
883 2238 987 2291 longe
1018 2239 1294 2290 gravissimum,

334 2299 431 2350 quod
460 2300 657 2337 nesciamus
684 2299 864 2351 quomodo
894 2314 1119 2350 enervemur,
1150 2300 1300 2352 ceraque

334 2360 430 2398 omni
448 2360 626 2398 molliores
643 2359 850 2399 reddamur.
872 2362 963 2399 Nam
979 2361 1071 2399 sieut
1086 2361 1114 2399 si
1129 2362 1211 2414 quis
1229 2363 1297 2401 leo-

334 2435 414 2460 nem
436 2421 630 2474 superbum
653 2431 686 2459 ct
718 2431 818 2461 torve
847 2423 1042 2462 intuentem
1068 2423 1243 2475 arripiat,
1264 2434 1298 2463 et

330 2483 437 2536 jubas
447 2482 617 2531 abradat,
632 2482 754 2522 dentes
778 2485 934 2522 excutiat
945 2514 954 2532 ,
971 2499 1106 2537 ungues
1119 2494 1297 2538 amputet,

335 2553 550 2598 turpemque
569 2545 675 2583 saciat
693 2555 726 2583 et
747 2543 964 2595 ridiculum,
985 2555 1019 2584 et
1042 2546 1235 2585 terribilem
1253 2546 1301 2585 il-

334 2604 409 2643 lum
429 2615 462 2644 et
478 2606 738 2644 intolerabilem
767 2615 800 2644 et
832 2607 953 2658 rugitu
978 2606 1054 2646 solo
1070 2608 1190 2645 omnia
1209 2623 1298 2646 con—

334 2666 547 2717 cutientem,
560 2667 690 2706 faeilea
704 2681 814 2720 puero
832 2668 1072 2721 superabilem
1089 2668 1214 2707 reddat
1229 2686 1236 2707 :
1253 2671 1299 2709 ita

334 2737 368 2765 ct
385 2728 455 2766 illm
470 2743 560 2780 quos
591 2729 737 2782 capiunt
759 2743 882 2767 omnes
901 2739 1068 2782 superatu
1087 2731 1206 2769 faciles
1223 2730 1301 2769 red-

335 2785 427 2825 ‹luut
440 2785 599 2835 diabolo,
611 2787 811 2834 molliores,
827 2787 1072 2827 concitatiores
1082 2819 1091 2835 ,
1110 2789 1298 2843 impuden-

338 2855 399 2895 tes,
423 2847 732 2895 inconsiderantes,
751 2848 953 2896 iracundos,
969 2849 1142 2898 audaces,
1160 2850 1297 2903 impor-

338 2918 459 2954 tunOS,
479 2909 649 2958 humiles,
669 2910 842 2962 abjectos,
865 2910 1026 2949 crudeles
1042 2942 1052 2960 ‚
1076 2911 1269 2951 illiberales
1282 2942 1293 2962 ‚

339 2971 558 3019 temerarios,
580 2986 752 3024 nugaces,
774 2981 807 3009 οι
827 2973 861 3010 iu
882 2987 1019 3010 suiuma
1044 2973 1190 3012 omuino
1211 2988 1293 3012 cor-

339 3042 461 3084 ruptos
485 3034 675 3071 mulierum
697 3048 810 3072 mores
830 3034 865 3071 iu
884 3033 1038 3072 animam
1062 3034 1206 3073 illorum
1230 3034 1295 3073 im-

343 3093 487 3131 mittunt
503 3104 535 3132 ct
555 3094 723 3132 inserunt.

402 3313 462 3347 11.
495 3311 633 3349 Etenim
657 3312 732 3348 sict-i
753 3326 821 3349 non
850 3321 961 3364 potest
983 3313 1123 3351 mulieri
1144 3312 1296 3350 cohahi-

345 3381 475 3409 tnntem
497 3386 578 3408 rum
600 3381 696 3408 tauto
715 3374 842 3409 affectu
857 3403 864 3414 .
888 3384 921 3411 et
941 3373 1084 3411 illarum
1106 3388 1295 3412 couversa-

348 3433 504 3471 tiouibus
537 3433 756 3477 emollitum,
780 3447 847 3471 nou
880 3447 952 3472 esse
981 3435 1227 3473 circulatorem
1263 3444 1295 3473 et

1373 1001 1501 1037 χαιραν
1536 986 1725 1038 ἐνεχείρισε
1754 988 1815 1024 τοῦ
1850 985 2067 1035 πνεύματος,
2101 983 2159 1022 διὰ
2187 986 2289 1022 τοῦτο
2324 985 2397 1033 πῦρ

1374 1048 1508 1098 άφῆκεν
1540 1049 1587 1090 εἶς
1618 1046 1681 1090 τὰς
1711 1046 1884 1097 ἡμετέρας
1904 1045 2029 1098 ψυχάς.
2049 1044 2097 1084 Εἴ
2121 1060 2199 1083 τινα
2223 1036 2301 1091 οὖν,
2318 1043 2399 1082 εἶπέ

1375 1122 1436 1158 μοι
1450 1135 1460 1153 ,
1478 1111 1548 1146 τῶν
1567 1110 1792 1160 στρατιωτῦν
1811 1107 1900 1159 μετὰ
1920 1108 1961 1146 τὸ
1979 1106 2182 1159 περιθέσθαι
2199 1106 2240 1145 τὸ
2253 1105 2395 1158 κράνος,

1373 1169 1436 1211 τὰς
1450 1171 1641 1220 κνημῖδας,
1659 1171 1717 1209 τὸν
1738 1169 1903 1222 θώρακα,
1923 1169 2012 1220 μετὰ
2033 1169 2073 1207 τὸ
2091 1168 2210 1207 λαῧεὶν
2230 1168 2271 1208 τὸ
2286 1167 2395 1219 ξίφος,

1374 1229 1414 1268 τὸ
1439 1229 1520 1282 δόρυ
1532 1260 1543 1278 ,
1563 1231 1628 1277 τὴν
1646 1231 1779 1269 ἀσπίδα
1794 1259 1804 1277 ,
1823 1230 1869 1268 τὰ
1887 1230 1969 1275 τόξα
1981 1261 1992 1276 ,
2010 1230 2055 1270 τὰ
2076 1230 2180 1281 βέλη,
2199 1228 2263 1276 τὴν
2289 1228 2395 1281 φαρέ-

1375 1305 1483 1340 τραν,
1508 1293 1570 1336 τῆς
1590 1291 1783 1342 σάλπιγγος
1811 1292 1978 1342 λαμπρὸν
2001 1291 2156 1343 ἠχούσης
2182 1291 2243 1329 καὶ
2263 1289 2397 1332 πάντας

1373 1351 1437 1396 ἔξω
1457 1352 1630 1399 καλούσης
1642 1383 1652 1400 ,
1665 1355 1735 1390 τῶν
1753 1367 1791 1390 τε
1819 1353 1996 1402 πολεμίων
2016 1353 2174 1404 σφοδρῶς
2200 1351 2373 1390 πνεόντων
2385 1380 2396 1396 ,

1373 1414 1433 1451 καὶ
1454 1413 1517 1460 τὴν
1540 1414 1642 1452 πόλιν
1668 1416 1707 1452 ἐκ
1728 1414 1866 1465 βάθρων
1891 1414 2094 1453 ἀνασπάσαι
2110 1411 2397 1465 παρεσκευασμί·

1374 1491 1455 1522 νων,
1467 1468 1553 1518 εἶδες
1571 1476 1632 1513 οὐκ
1648 1475 1706 1513 ἐπὶ
1725 1474 1788 1522 τὴν
1808 1474 2003 1523 παράταξιν
2019 1473 2085 1519 ἔξω
2101 1473 2294 1527 τρέχοντα,
2314 1475 2393 1513 ἀλλ’

1374 1538 1422 1580 εἷς
1450 1537 1564 1575 οἰκίαν
1592 1535 1761 1583 εἰσιόντα,
1781 1536 1842 1574 καὶ
1859 1536 1998 1587 γυναικὶ
2016 1534 2311 1588 παρακαθήμενον
2330 1550 2398 1584 με·

1373 1597 1417 1636 τὰ
1436 1600 1504 1636 τῶν
1528 1597 1646 1636 ὅπλων
1666 1597 1805 1635 ἐκείνων
1821 1613 1829 1622 ·
1850 1592 1905 1649 ἆρ’
1924 1600 1986 1636 οὐκ
1999 1597 2053 1645 ἂν,
2072 1595 2157 1647 εἴγε
2177 1595 2273 1644 ἐξῆν,
2290 1596 2397 1646 μέσον

1373 1659 1413 1698 τὸ
1437 1658 1529 1710 ξίφος
1557 1659 1748 1705 διήλασας,
1771 1657 1859 1708 μηδὲ
1879 1657 1983 1709 λόγου
2010 1657 2180 1708 μεταδούς
2197 1672 2208 1704 ;
2226 1658 2271 1697 Ei
2290 1656 2326 1696 δὲ
2354 1656 2398 1696 σὺ

1372 1720 1545 1766 τοσαύσης
1579 1719 1618 1757 ἂν
1649 1720 1825 1766 ἑπλήσθης
1857 1721 1962 1771 όργῆς
1976 1748 1986 1766 ,
2016 1720 2091 1762 πῶς
2125 1718 2188 1757 οἴει
2221 1719 2280 1758 τὸν
2302 1718 2395 1757 Θεὸν

1372 1781 1430 1819 ἐπὶ
1463 1786 1534 1824 τοῖς
1564 1780 1652 1819 πολὺ
1680 1781 1810 1820 τούτοιν
1838 1779 2071 1831 ἀτοπωτέροις
2093 1780 2309 1827 διακεῖσθαι;
2326 1780 2396 1818 Το-

1374 1841 1486 1894 σούτῳ
1519 1841 1586 1894 γὰρ
1622 1842 1833 1893 αἱσχρότερα
1860 1845 1973 1880 ταῦτα
2001 1840 2142 1879 ἐκείνων
2168 1840 2229 1879 καὶ
2255 1840 2397 1879 ἀτοπώ-

1372 1918 1455 1954 τερα
1468 1933 1477 1951 ,
1491 1902 1563 1954 ὅσῳ
1591 1902 1650 1940 καὶ
1674 1905 1693 1939 ὁ
1720 1902 1873 1952 πόλεμος
1900 1900 2145 1953 χαλεπώτερος
2158 1930 2168 1945 ,
2201 1900 2264 1940 καὶ
2282 1903 2315 1940 οἱ
2330 1916 2395 1941 πο·-

1372 1965 1488 2015 λέμιοι
1503 1962 1745 2017 σφοδρότεροι,
1758 1963 1874 2002 καὶτὰ
1896 1962 2031 2001 ἔπαθλα
2050 1962 2129 2015 περὶ
2146 1955 2195 2001 ὧν
2212 1964 2231 2000 ὁ
2243 1961 2396 2012 πόλεμος

1373 2027 1500 2075 μείζω,
1520 2026 1580 2064 καὶ
1599 2025 1714 2064 πάντα
1733 2026 1853 2069 ἁπλῶς
1874 2028 2036 2063 τοσοῦτον
2056 2024 2289 2070 ἐξήλλακται,
2313 2023 2397 2063 ὅσον

1370 2087 1536 2134 ἀληθείας
1550 2086 1609 2124 καὶ
1626 2091 1727 2129 σκιᾶς
1740 2085 1780 2123 τὸ
1796 2085 1913 2135 μέσον.
1931 2085 1991 2131 Μὴ
2006 2084 2048 2132 δὴ
2064 2086 2395 2137 καταμαλάττι-ιμεν

1370 2151 1472 2196 ἡμῶν
1499 2148 1562 2195 τὴν
1594 2145 1694 2199 ἰσχὺν
1710 2176 1720 2194 ,
1742 2147 1831 2197 μηδὲ
1855 2148 2081 2197 ἐκκόπτωμεν
2113 2146 2158 2186 τὰ
2182 2150 2288 2196 νεῦρα
2317 2152 2394 2190 ταῖς

1370 2210 1523 2259 ὁμιλίαις
1552 2209 1716 2251 ταύταις·
1744 2208 1891 2259 καὶγὰρ
1921 2207 2053 2260 ἄφατος
2084 2207 2144 2245 καὶ
2174 2206 2289 2255 πολλὴ
2317 2213 2394 2251 ταῖς

1369 2273 1500 2323 ψυχαῖς
1527 2271 1628 2319 ἡμῶν
1654 2271 1808 2308 ἐντεῦθεν
1835 2269 1941 2321 εἰσρεῖ
1961 2268 2080 2307 κακία.
2099 2270 2132 2307 Τ
2137 2268 2147 2306 ί
2166 2267 2256 2321 γὰρ,
2284 2269 2396 2307 εἶκαὶ

1372 2332 1420 2382 μὴ
1443 2329 1688 2381 αἰσθανώμεθα
1705 2333 1747 2382 τῇ
1768 2330 1865 2382 φιλία
1883 2329 2084 2380 μεθύοντες,
2097 2333 2198 2368 τοῦτο
2222 2328 2291 2381 γὰρ
2309 2329 2396 2369 αὐτὸ

1369 2393 1510 2432 πάντων
1530 2392 1604 2431 ἐστὶ
1629 2391 1826 2430 δεινότατον
1839 2421 1849 2439 ,
1867 2390 1921 2430 ὅτι
1945 2391 2024 2430 οὐδὲ
2050 2390 2152 2441 ἴσμεν
2173 2390 2267 2435 ὅπως
2282 2393 2397 2430 ἐκνευ-

1372 2454 1565 2507 ριζώμεθα,
1579 2453 1639 2492 καὶ
1659 2457 1769 2506 κηροῦ
1789 2453 1918 2496 παντὸς
1933 2452 2110 2504 γινώμεθα
2132 2450 2392 2504 μαλακώτεροι.

1371 2516 1539 2567 Καθάπερ
1557 2514 1625 2566 γάρ
1638 2531 1691 2558 τις
1709 2514 1831 2553 λέοντα
1851 2518 1978 2566 γαῦρον
1995 2514 2055 2551 καὶ
2072 2512 2239 2565 βλοσυρὸν
2253 2512 2394 2564 βλέπον-

1370 2591 1414 2614 τα
1434 2576 1569 2620 λαὸὼν,
1586 2570 1660 2613 εἶτα
1679 2575 1867 2626 ἀποκείρας
1884 2573 1946 2624 μὲν
1965 2573 2029 2620 τὴν
2046 2573 2159 2624 κόμην
2173 2601 2184 2619 ,
2204 2571 2336 2611 ἀνελὼν
2357 2572 2392 2611 δὲ

1371 2637 1449 2680 τοὺς
1467 2636 1608 2679 ὀδόντας
1627 2636 1687 2674 καὶ
1703 2634 1872 2688 περιελὼν
1889 2634 1967 2677 τοὺς
1986 2635 2127 2685 ὄνυχας,
2140 2635 2286 2686 αἰσχρὸν
2299 2641 2391 2674 ποιεῖ

1371 2697 1432 2735 καὶ
1466 2697 1726 2748 καταγέλαστον
1748 2696 1807 2734 καὶ
1834 2695 1986 2738 παιδίοις
2005 2694 2304 2746 εὐκαταγώνιστον
2335 2695 2394 2734 τὸν

1372 2757 1517 2810 φοὸερὸν
1543 2758 1603 2796 καὶ
1633 2758 1825 2810 ἀφόρητον,
1844 2756 1904 2795 καὶ
1928 2756 1998 2795 ἀπὸ
2031 2756 2137 2806 μόνου
2164 2761 2226 2795 τοῦ
2257 2757 2394 2809 βρυχή-

1373 2835 1482 2871 ματος
1512 2820 1629 2858 πάντα
1655 2820 1791 2858 σείοντα
1810 2834 1818 2842 ·
1845 2818 1937 2856 οὕτω
1971 2818 2012 2864 δὴ
2042 2818 2101 2856 καὶ
2126 2811 2229 2857 αὗται
2259 2819 2394 2862 πάντας

1370 2882 1470 2925 ὅσους
1488 2881 1546 2919 ἐὰν
1565 2880 1722 2919 λάὸωσιν
1751 2882 1978 2931 εὐχειρώτους
1996 2883 2046 2930 τῷ
2064 2880 2216 2934 διαίόλῳ
2234 2883 2393 2928 ποιοῦσι,

1372 2942 1662 2995 μαλακιιιτέρους,
1699 2942 1924 2992 θερμοτέρους
1939 2970 1947 2985 ,
1979 2941 2251 2993 ἀναισχύντους,
2283 2942 2392 2989 ἀνοή-

1323 3020 1345 3049 [)
1368 3019 1467 3049 τους,
1501 3003 1733 3055 α’κροχόλους,
1763 3006 1921 3053 θρασεῖς,
1962 3002 2150 3054 ἀκαίρους,
2191 3001 2394 3049 ταπεινοὺς,

1371 3066 1540 3115 ἀγεννεῖς,
1564 3065 1728 3110 ἀπηνεῖς,
1748 3063 2014 3112 δουλοπρεπεῖς,
2036 3063 2299 3115 ἀνελευθέρους,
2320 3065 2394 3102 ἰτα-

1372 3126 1478 3177 μοὺς,
1496 3126 1686 3179 φλυάρους,
1705 3125 1762 3162 καὶ
1783 3124 1903 3167 ἁπλῶς
1924 3126 2039 3163 πάντα
2057 3125 2102 3164 τὰ
2125 3130 2305 3177 γυναικεῖα
2324 3124 2392 3171 ἤθη

1371 3187 1416 3225 τὰ
1437 3186 1671 3239 διεφθαρμένα
1698 3185 1864 3238 φέρουσαι
1893 3188 1939 3229 εἰς
1960 3186 2021 3229 τὰς
2041 3186 2172 3225 τούτων
2198 3186 2393 3235 ἱναπομάτ-

1372 3265 1489 3288 tou-:au
1509 3247 1636 3301 ψυχάς.

1428 3311 1495 3350 Καὶ
1515 3310 1581 3361 γὰρ
1612 3309 1793 3360 ἀμήχανον
1814 3310 1871 3347 τὸν
1905 3309 2038 3360 γυναιξὶ
2059 3312 2281 3348 συνοικοῦντα
2303 3310 2392 3359 μετὰ

1373 3372 1588 3423 συμπαθείας
1609 3371 1796 3417 τοσαύτης,
1817 3372 1876 3409 καὶ
1897 3378 1970 3412 ταῖς
1993 3372 2134 3409 ἐκείνων
2166 3371 2393 3422 ἑνστρεφόμι·

1375 3450 1428 3471 νον
1447 3432 1612 3482 ὁμιλίαις,
1630 3432 1677 3480 μὴ
1697 3433 1847 3483 α’·[ύρττῃι
1870 3433 1943 3471 τινὰ
1966 3428 2051 3471 εἶναι
2078 3432 2135 3472 καὶ
2159 3434 2319 3484 α’γοραίον
2336 3432 2393 3470 καὶ
