2549 3825
892 303 948 332 DE
987 302 1163 333 LAZARO
1199 301 1361 332 CONCto
1398 301 1442 329 V.

144 389 190 427 Οἱ
206 388 318 425 τοίνυν
334 387 391 427 ἐπὶ
405 388 472 425 τῶν
491 386 605 425 ἄλλων
626 384 788 423 ἁπάντων
806 386 1023 432 διεστηκότες
1039 386 1166 431 αὐτῶν,

143 452 178 487 ἔν
201 454 277 493 ταῖς
295 449 375 500 περὶ
392 452 452 487 τοῦ
472 445 619 485 θανάτου
642 445 877 496 συμπέσωμεν
899 445 1050 498 ψήφοις

196 509 382 556 Ἐννόησον
403 508 490 559 πρὸς
516 506 595 545 τίνα
618 508 753 553 ἀπῆλθε
768 536 779 555 ,
806 507 866 544 καὶ
887 506 973 545 λαὸὲ
1001 522 1166 559 παραμυ-

143 570 240 609 θίαν·
261 570 341 608 ἔνθα
366 567 507 610 Παῦλός
538 570 655 616 ἐστιν,
690 567 770 605 ἔνθα
793 567 927 618 Πέτρος
943 598 953 615 ,
983 567 1063 606 ἔνθα
1097 570 1166 605 τῶν

144 631 252 681 ἇγίων
279 635 297 669 ὁ
323 630 427 683 χόρος
468 629 560 672 ἅπας
573 645 580 652 ·
613 629 774 676 ἐννόησον
804 631 880 673 πῶς
912 628 1166 675 ἀναστήσεται,

143 692 219 740 μεθ’
238 692 322 739 ὅσης
341 690 439 737 δόξης
465 689 525 728 καὶ
551 689 812 742 λαμπρότητος·
833 690 993 737 ἐννόησον
1011 690 1066 728 ὅτι
1084 705 1166 726 πεν-

142 752 209 788 θῶν
227 751 287 789 καὶ
309 750 514 803 ὀδυρόμενος
531 750 610 789 οὔτε
629 750 668 788 τὸ
683 750 913 802 γεγενημένον
930 749 1060 801 δυνήσῃ
1078 750 1167 799 διορ-

142 811 320 851 θώσασθαι
342 818 413 856 τοῖς
435 813 598 864 ὀδυρμοῖς
613 841 623 860 ,
640 812 699 850 καὶ
719 811 845 850 σαυτὸν
865 811 1101 862 καταὸλάψεις
1123 811 1165 848 τὰ

141 872 287 926 ἔσχατα·
308 873 469 920 ἐννόησον
486 874 582 918 τίνας
604 875 696 924 μιμῇ
719 875 822 912 τοῦτο
839 875 965 919 ποιῶν,
983 871 1043 910 καὶ
1063 875 1166 923 φεῦγε

142 934 205 981 τὴν
225 934 407 974 κοινωνίαν
426 938 488 982 τῆς
504 934 691 986 ἁμαρτίας.
712 933 823 976 Τίνας
838 927 896 972 οῧν
918 936 1011 984 μιμῇ
1026 932 1085 970 καὶ
1100 935 1165 979 ζη-

141 997 212 1039 λοῖς
223 1012 234 1043 ;
246 997 302 1034 3Τ
304 995 359 1039 οὺς
375 995 555 1041 ἀπίστους,
566 995 646 1038 τοὺς
662 995 725 1032 οὒκ
744 993 887 1046 ἔχοντας
906 993 1044 1042 ἐλπίδα,
1060 994 1167 1030 καθά-

141 1072 207 1108 περ
226 1059 318 1094 καὶὸ
336 1057 477 1099 Παῦλος
505 1049 619 1094 εἶπεν·
635 1054 714 1093 Ἵνα
735 1054 784 1105 μὴ
804 1056 973 1103 λυπῆσθε,
993 1056 1040 1097 ὡς
1059 1054 1118 1092 καὶ
1136 1055 1167 1093 οἱ

141 1118 257 1155 λοιποὶ
272 1119 304 1155 οἱ
324 1115 372 1166 μὴ
393 1115 531 1168 ἔχοντες
548 1115 686 1154 ἐλπίδα.
701 1116 774 1154 Καὶ
794 1115 947 1168 πρόσεχε
963 1117 1006 1166 τῇ
1027 1119 1087 1153 τοῦ
1107 1114 1166 1166 ῥή-

143 1193 251 1227 ματος
267 1176 449 1229 ἀκριὸείᾳ·
469 1178 506 1215 οὗ
525 1177 594 1229 γὰρ
617 1170 712 1215 εἶπεν
728 1207 737 1225 ,
761 1178 792 1216 οἱ
814 1176 863 1227 μὴ
883 1177 1021 1228 ἔχοντες
1042 1177 1166 1215 ἐλπίδα

141 1238 384 1286 ἀναστάσεως,
406 1239 482 1278 ἀλλ’
504 1239 640 1286 ἁπλῶς,
658 1240 704 1277 Οἱ
725 1238 774 1289 μὴ
795 1239 934 1290 ἔχοντες
962 1238 1100 1276 ἐλπίδα.
1121 1237 1166 1277 ‘O

140 1300 209 1352 γὰρ
227 1300 351 1339 ἐλπίδα
369 1302 433 1345 τῆς
459 1302 530 1338 ἐκεῖ
551 1299 700 1351 κρίσεως
719 1299 768 1350 μὴ
791 1299 900 1352 ἔχων,
923 1300 1087 1350 οὐδεμίαν
1104 1300 1166 1337 ἐλ-

140 1361 226 1400 πίδα
245 1362 334 1413 ἔχει,
351 1361 424 1399 οὐδ’
441 1362 494 1399 ὅτι
510 1360 599 1404 Θεός
615 1362 707 1399 ἐστιν
723 1354 827 1406 οἶδεν,
846 1361 916 1399 οὔδ’
933 1363 985 1398 ὅτι
1003 1367 1166 1413 προνοεῖ-

141 1438 200 1460 ται
215 1424 284 1460 τῶν
300 1422 482 1473 παρόντων
499 1421 733 1473 πραγμάτων,
746 1422 815 1460 οὐδ’
831 1421 883 1459 ὅτι
903 1421 947 1459 τὰ
960 1422 1075 1460 πάντα
1091 1422 1167 1460 θεία

142 1500 194 1527 τις
213 1485 321 1535 ἐφορᾷ
341 1483 433 1531 δίκη.
458 1482 504 1521 ‘O
520 1487 633 1521 ταῦτα
652 1482 688 1520 δὲ
709 1486 772 1522 οὐκ
791 1483 890 1527 εἰδὼς
909 1483 986 1521 οὐδὲ
1003 1484 1168 1534 νομίζων,

143 1544 263 1595 θηρίου
282 1543 413 1587 παντός
431 1546 525 1582 ἐστιν
543 1542 770 1596 ἀλογώτερος,
784 1543 844 1582 καὶ
857 1543 981 1594 νόμους
997 1545 1056 1582 καὶ
1073 1545 1169 1582 δικα·

145 1604 272 1658 στήρια
282 1605 342 1643 καὶ
357 1604 504 1655 θεσμοὺς
513 1604 570 1642 καὶ
583 1604 700 1642 πάντα
713 1605 832 1647 ἁπλῶς
843 1604 887 1642 τὰ
899 1604 1014 1654 ἀγαθὰ
1027 1604 1097 1642 ἀπὸ
1107 1607 1169 1651 τῆς

146 1666 275 1708 οἰκείας
293 1665 448 1718 ἐξορίσας
466 1666 592 1717 ψυχῆς·
613 1668 631 1703 ὁ
655 1665 722 1716 γὰρ
756 1664 805 1715 μὴ
835 1667 1038 1717 προσδοκῶν
1066 1665 1167 1704 εὐθύ-

146 1744 208 1771 ,νας
233 1727 367 1780 ὑφέξειν
398 1729 469 1765 τῶν
502 1726 776 1779 πεπραγμένων,
801 1727 920 1774 πάσης
955 1727 1018 1778 μὲν
1043 1730 1170 1779 ἀρετῆς

146 1787 323 1841 ἀφέξεται,
341 1789 456 1836 πάσης
483 1788 519 1827 δὲ
551 1788 675 1832 κακίας
701 1788 892 1832 ἀνθέξεται.
912 1790 1022 1828 Ταῦτ’
1043 1782 1101 1828 οὖν
1121 1792 1172 1828 ἐν·

148 1849 352 1898 νοήσαντες,
371 1850 432 1890 καὶ
448 1850 512 1898 τὴν
531 1850 651 1889 ἄνοιαν
668 1849 727 1888 καὶ
745 1849 809 1896 τὴν
830 1849 1078 1902 παραπληξίαν
1101 1853 1170 1889 τῶν

147 1911 343 1961 Ἑλλήνων,
357 1906 406 1956 οἷς
424 1916 654 1962 κοινωνοῦμεν
671 1911 727 1950 διὰ
746 1912 815 1949 τῶν
837 1910 972 1963 θρήνων
989 1941 998 1958 ,
1020 1912 1166 1961 λογισά-

148 1988 256 2022 μενοι,
274 1973 456 2025 φεύγωμεν
471 1973 534 2021 τὴν
551 1973 636 2025 πρὸς
650 1972 772 2015 αὖτοὺς
786 1972 1004 2024 συμφωνίαν.
1018 1973 1086 2011 Διὰ
1101 1973 1168 2026 γὰρ

144 2037 244 2072 τοῦτο
261 2034 322 2072 καὶ
337 2036 478 2078 Παῦλος
500 2036 614 2073 αὐτῶν
631 2033 845 2084 ἀνεμνήσθη,
863 2032 920 2072 ἵνα
939 2033 1002 2080 τὴν
1022 2035 1167 2085 ἀτιμίαν

146 2094 312 2142 ἐννοήσας
330 2095 417 2147 πρὸς
434 2096 477 2142 ἣν
496 2094 741 2141 καταπίπτεις,
760 2095 800 2132 ἐκ
817 2097 881 2140 τῆς
906 2095 991 2147 πρὸς
1017 2095 1167 2140 ἐκείνους

147 2156 348 2208 συμφωνίας
368 2156 548 2209 ἀνανήψῃς
564 2156 623 2194 καὶ
648 2155 733 2208 πρὸς
754 2155 818 2202 τὴν
842 2156 970 2194 οἰκείαν
992 2156 1166 2206 εὐγένειαν

146 2216 348 2269 ἐπανέλθῃς.
365 2218 436 2256 Καὶ
467 2220 529 2256 οὐκ
554 2219 702 2256 ἐνταῦθα
731 2216 856 2266 μόνον,
879 2216 971 2255 ἀλλὰ
989 2220 1167 2270 πολλαχοῦ

147 2282 248 2317 τοῦτο
274 2285 367 2317 ποιεῖ
390 2279 450 2317 καὶ
479 2280 630 2330 συνεχῶς
650 2280 668 2316 ὃ
689 2277 860 2330 μακάριος
886 2279 1037 2322 Παῦλος.
1053 2279 1168 2317 εὈταν

147 2339 214 2391 γὰρ
229 2342 424 2391 ἀπαγαγεῖν
440 2342 509 2378 τῶν
526 2338 792 2390 ἁμαρτημάτων
818 2338 998 2389 βούληται,
1020 2341 1168 2381 δείκνυσι

148 2400 220 2438 τίσι
258 2404 488 2450 κοινωνοῦμεν
520 2399 577 2438 διὰ
615 2401 683 2437 τῶν
720 2400 988 2452 ἁμαρτημάτων
1000 2431 1011 2450 ,
1042 2401 1098 2440 ἵνα
1125 2406 1168 2454 τῇ

148 2462 308 2509 ποιότητι
333 2465 392 2500 τοῦ
413 2461 602 2514 προσώπου
625 2460 786 2513 δηχθεὶς,
802 2460 867 2507 τὴν
897 2463 1079 2501 κοινωνίαν
1106 2465 1168 2516 φύ-

149 2540 223 2575 γῃς.
249 2525 548 2562 Θεσσαλονικεῦσι
577 2526 657 2574 γοῦν
688 2521 829 2574 γράφων
842 2552 851 2569 ,
884 2522 993 2566 οὕτως
1033 2524 1149 2576 ἔλεγεν
1161 2541 1168 2548 ·

147 2582 323 2628 ἽΞκαστος
342 2582 409 2622 ι’τὸ
437 2586 561 2623 ἑαυτοῦ
587 2585 689 2632 σῶμα
708 2586 835 2621 κτᾶσθε
857 2585 890 2621 ἐν
919 2585 1084 2637 ἁγιασμῷ
1110 2587 1168 2623 καὶ

148 2648 256 2697 τιμῇ,
275 2645 323 2695 μὴ
342 2648 375 2684 ἐν
392 2645 496 2684 πάθει
514 2644 669 2694 ἀτιμίας,
689 2644 846 2695 καθάπερ
871 2645 950 2691 ἔθνη
974 2646 1016 2683 τὰ
1043 2646 1091 2696 μὴ
1115 2649 1168 2684 εἰ·

150 2706 232 2745 δότα
253 2706 357 2745 Θεόν.
375 2707 444 2745 Kat
458 2706 577 2744 πάλιν.
595 2705 656 2752 Μὴ
678 2705 791 2749 καθὼς
813 2705 857 2743 τὰ
876 2707 983 2745 λοιπὰ
1002 2707 1080 2753 ἔθνη
1100 2724 1168 2746 πε,
1183 2682 1230 2748 ἹΣἹ
1246 2705 1304 2732 tur
1319 2695 1488 2741 scribens,
1504 2696 1550 2732 ita
1563 2693 1723 2731 dicebat:
1738 2694 2010 2744 Unusquisque
2024 2703 2194 2732 vestrum
2218 2726 2246 2747 Ι.
2268 2719 2354 2747 rheu
2374 2720 2405 2754 4·

152 2772 328 2819 ριπατεῖτε
343 2768 377 2805 ἐν
395 2766 606 2816 ματαιότητι
626 2769 686 2804 τοῦ
701 2765 774 2808 νοὸς
792 2768 917 2804 αὐτῶν.
934 2768 1037 2806 Οὕτω
1054 2768 1094 2815 δὴ
1112 2769 1169 2806 καὶ

150 2829 314 2866 ἐνταῦθα·
336 2829 389 2866 Οὐ
421 2828 509 2866 θέλω
543 2827 577 2866 δὲ
605 2829 695 2873 ὑμᾶς
720 2829 871 2878 ἀγνοεῖν,
897 2829 1058 2880 ἀδελφοὶ,
1090 2831 1168 2882 περὶ

150 2890 220 2925 τῶν
240 2889 524 2939 κεκοιμημένων,
547 2888 603 2926 ἵνα
630 2888 678 2939 μὴ
705 2891 860 2934 λυπῆσθε
877 2919 885 2935 ,
908 2890 1020 2932 καθὼς
1053 2891 1110 2928 καὶ
1139 2893 1167 2929 οἱ

150 2950 266 2988 λοιποὶ
291 2950 322 2988 οἱ
353 2949 401 3000 μὴ
432 2950 568 3001 ἔχοντες
593 2949 729 2988 ἐλπίδα.
757 2951 810 2987 Οὐ
836 2950 902 3001 γὰρ
930 2953 951 2996 ἡ
982 2951 1079 3002 φύσις
1101 2955 1168 2989 τῶν

151 3010 396 3062 πραγμάτων,
427 3012 548 3057 ἀλλ’ἢ
582 3011 782 3062 προαίρεσις
809 3015 829 3056 ἡ
862 3012 1015 3060 ἡμετέρα
1049 3014 1168 3050 λυπεῖν

152 3074 245 3121 ἡμᾶς
278 3071 413 3110 εἴωθεν·
430 3075 494 3124 οὐχ
513 3075 530 3110 ὁ
556 3073 701 3114 θάνατος
730 3076 787 3109 τοῦ
810 3073 1028 3115 ἀπελθόντος,
1050 3075 1126 3110 ἀλλ’
1151 3078 1167 3119 ἦ

152 3131 310 3170 ἀσθένεια
327 3133 395 3170 τῶν
412 3132 638 3184 θρηνούντων.
659 3133 728 3171 Τὸν
748 3138 828 3183 γοῦν
850 3134 970 3170 πιστὸν
988 3133 1084 3170 οὐδὲν
1102 3137 1169 3170 τῶν

152 3192 332 3244 παρόντων
351 3195 504 3239 λυπῆσαι
526 3194 722 3240 δυνήσεται,
740 3193 827 3231 ἀλλὰ
850 3194 917 3244 πρὸ
938 3197 1005 3231 τῶν
1026 3195 1168 3243 μελλόν-

152 3268 218 3290 των
233 3255 372 3303 ἀγαθῶν
389 3254 446 3291 καὶ
463 3256 497 3292 ἐν
515 3256 563 3306 τῷ
577 3256 722 3306 παρόντι
739 3255 896 3300 διέστηκε
916 3257 981 3292 τῶν
998 3256 1166 3296 ἀπίστων,

155 3316 191 3351 οὐ
213 3313 322 3365 μικρὰ
341 3315 598 3363 ἀπολαμῧάνων
620 3318 657 3354 ἐκ
677 3320 736 3361 τῆς
753 3317 841 3354 κατὰ
870 3318 1014 3364 Χριστὸν
1035 3319 1167 3366 ’,ιιὶοσψ

203 3448 215 3460 ··
240 3438 294 3469 Sit·
312 3437 386 3469 Mas.
408 3439 444 3469 ΙΙΙ
467 3437 568 3469 &litis
585 3443 646 3475 τιν’),
666 3439 917 3476 >inv1mstilvvsk

207 3492 222 3513 ¹¹
249 3490 323 3522 Mas,
343 3497 374 3523 τὸ
404 3495 411 3514 ³

406 3505 505 3524 aare»
537 3507 641 3528 uuo„
665 3500 694 3523 vt
719 3492 879 3523 missust.
910 3504 941 3523 tu
974 3503 1064 3530 iii-urg
1108 3505 1138 3523 ιιι

1217 3448 1305 3469 ΙΓὶΗΙ
1323 3450 1397 3469 ἱΓΙἸ·

1239 382 1503 435 discrepamus,
1524 382 1559 419 in
1595 381 1638 420 iis
1667 396 1745 433 quae
1781 382 1824 420 ad
1854 392 2005 421 mortem
2037 393 2197 436 spectant

1241 443 1406 482 eumdem
1424 456 1530 494 quem
1551 442 1603 480 illi
1625 443 1804 481 calculum
1821 457 1994 496 ponemus
2011 444 2030 482 Ρ

1291 506 1327 542 5.
1351 504 1475 555 Cogita
1494 503 1541 541 ad
1561 517 1665 554 quein
1685 503 1840 553 abierit,
1860 514 1894 542 et
1920 505 2196 543 consolationem

1241 566 1386 617 accipe:
1408 579 1448 603 eo
1469 565 1604 603 scilicet
1631 565 1695 602 ubi
1716 566 1849 604 Paulus
1871 574 1921 604 cst
1935 597 1943 611 ‚
1964 566 2029 604 ubi
2057 569 2195 613 Petrus,

1191 637 1214 667 c
1242 626 1303 664 ubi
1323 635 1527 663 sanctorum
1559 626 1690 663 chorus
1712 626 1854 664 omnis:
1875 628 1990 677 cogita
2017 627 2197 678 quomodo
2211 648 2223 657 e

1242 695 1505 725 resurrecturus
1521 686 1583 736 sit,
1599 700 1680 724 cum
1698 696 1827 736 quanta
1845 687 1958 738 gloria
1972 698 2007 726 et
2024 688 2196 740 splendo-

1243 761 1280 785 re
1304 763 1311 783 :
1328 748 1448 785 animo
1466 757 1590 799 reputa
1604 777 1614 794 ‚
1632 757 1666 785 te
1683 748 1768 785 ssetu
1789 757 1822 785 et
1841 749 2010 800 lacrymis
2029 750 2065 787 in
2079 763 2118 787 re
2137 750 2197 787 illa

1242 808 1331 845 nihil
1361 808 1637 844 immutaturum
1666 808 1724 845 vel
1750 807 2036 856 emendaturum,
2052 809 2113 847 sed
2132 810 2199 847 tibi

1244 868 1314 919 ipsi
1332 867 1505 905 damnum
1524 867 1648 918 ingens
1670 868 1855 905 illaturum
1877 884 1884 904 :
1907 870 2021 920 cogita
2055 884 2143 920 quos
2163 871 2200 907 id

1241 928 1373 966 faciens
1393 928 1557 975 imiteris,
1580 937 1614 966 et
1633 928 1718 979 fuge
1736 929 1956 966 consortium
1984 931 2020 967 in
2046 932 2200 981 peccatis

1241 987 1463 1040 hujusmodi.
1475 988 1576 1033 Quos
1591 1001 1675 1039 ergo
1694 988 1846 1026 imitaris
1859 989 1876 1026 ‚³
1889 1003 1979 1040 quos
1995 991 2199 1028 aemularis?

1243 1049 1422 1096 Infideles‚
1441 1049 1503 1100 qui
1521 1063 1620 1101 spem
1639 1063 1709 1087 non
1728 1049 1876 1098 habent,
1894 1050 2200 1100 quemadmodum

1242 1119 1275 1148 et
1304 1110 1439 1148 Paulus
1459 1109 1554 1148 dixit
1574 1125 1582 1146 :
1609 1111 1659 1148 Ut
1680 1123 1760 1147 non
1780 1113 2076 1157 contristemini,
2099 1114 2202 1150 sicut

1241 1182 1278 1210 et
1306 1175 1450 1221 coeteri‚
1467 1175 1534 1223 qui
1554 1185 1659 1223 spem
1680 1185 1758 1210 non
1779 1174 1935 1210 habent.
1962 1174 2009 1211 Et
2037 1173 2201 1211 animad-

1243 1242 1339 1272 verte
1362 1233 1449 1270 dicti
1476 1233 1740 1271 accurationem
1760 1249 1767 1270 :
1791 1246 1861 1271 non
1881 1234 1975 1271 enim
1993 1233 2103 1277 dixit,
2123 1235 2198 1282 Qui

1241 1308 1340 1348 spem
1359 1308 1428 1332 non
1448 1293 1580 1332 habent
1598 1293 1878 1342 resurrectionis,
1896 1294 1957 1332 sed
1973 1294 2200 1346 simpliciter,

1247 1357 1322 1407 Qui
1337 1369 1441 1408 spem
1462 1369 1541 1392 non
1559 1356 1717 1393 habent.
1737 1355 1828 1393 Nam
1849 1355 1910 1406 qui
1930 1370 2029 1407 spem
2047 1369 2116 1393 non
2132 1355 2198 1393 ha—

1241 1417 1302 1455 bet
1317 1415 1448 1468 judicii
1465 1416 1541 1454 illic
1559 1415 1688 1464 futuri,
1706 1415 1844 1453 nullam
1868 1430 1967 1468 spem
1986 1416 2109 1463 habet,
2127 1430 2199 1454 ne-

1243 1492 1312 1529 que
1325 1479 1440 1515 Deum
1452 1491 1526 1515 esse
1537 1477 1649 1524 novit,
1666 1490 1778 1527 neque
1789 1477 1856 1515 scit
1866 1491 1946 1515 eum
1960 1492 2015 1515 res
2024 1477 2200 1515 humanas

1241 1553 1305 1576 sua
1315 1551 1438 1590 regere
1448 1536 1687 1590 providentia,
1702 1551 1816 1588 neque
1829 1537 1990 1576 divinam
2005 1538 2199 1589 quamdam

1241 1599 1416 1652 justitiam
1435 1599 1511 1636 haec
1533 1599 1652 1636 omnia
1683 1598 1868 1650 inspicere.
1885 1599 1957 1647 Qui
1986 1609 2105 1637 autem
2125 1599 2200 1637 haec

1244 1674 1356 1711 neque
1374 1660 1557 1711 intelligit,
1571 1673 1685 1710 neque
1705 1673 1823 1697 secum
1842 1669 1997 1712 reputat,
2016 1660 2088 1697 fera
2111 1674 2201 1711 qua-

1244 1721 1300 1759 vis
1317 1720 1484 1759 stolidior
1499 1730 1562 1768 est,
1579 1720 1757 1771 quilcges,
1770 1720 1926 1772 judicia,
1935 1722 2016 1773 jura
2036 1721 2200 1772 bonaque

1245 1782 1362 1820 omnia
1382 1796 1427 1820 ex
1446 1782 1565 1820 animo
1586 1795 1649 1820 suo
1679 1782 1888 1820 eliminavit.
1911 1783 1985 1830 Qui
2006 1783 2100 1820 enim
2128 1796 2198 1820 non

1244 1852 1424 1895 exspectat
1451 1857 1488 1880 se
1515 1842 1714 1880 facinorum
1744 1844 1914 1880 rationem
1944 1843 2195 1891 redditurum,

1245 1904 1415 1942 virtutem
1434 1917 1584 1956 prorsus
1602 1902 1750 1947 deseret,
1774 1903 2040 1954 nequitiamque
2057 1918 2199 1942 omnem

1245 1964 1452 2003 sectabitur.
1475 1964 1560 2002 Haec
1579 1964 1787 2015 cogitantes,
1814 1977 1854 2001 ac
1872 1965 2060 2002 stultitiam
2083 1979 2200 2003 amen-

1243 2026 1399 2076 tiamque
1412 2025 1620 2077 gentilium,
1642 2023 1858 2075 quibuscum
1876 2024 2029 2076 lugendo
2045 2039 2199 2063 commu-

1242 2088 1414 2135 nicamus,
1434 2086 1554 2124 animo
1575 2095 1792 2138 reputantes,
1818 2099 1862 2124 ne
1883 2086 2146 2124 committamus
2162 2096 2200 2124 ut

1243 2162 1325 2186 cum
1344 2147 1418 2185 illis
1439 2146 1711 2184 consentiamus.
1729 2147 1815 2185 Ideo
1833 2160 1985 2198 namque
2002 2147 2136 2186 Paulus
2150 2147 2198 2185 il-

1244 2210 1297 2248 los
1311 2216 1578 2253 commemorat,
1601 2217 1639 2245 ut
1670 2207 1824 2246 dedecus
1854 2208 1891 2246 in
1919 2208 2016 2259 quod
2048 2209 2200 2247 incurris

1245 2278 1424 2322 reputans,
1444 2269 1489 2305 ab
1509 2268 1655 2306 illorum
1677 2267 1838 2306 moribus
1859 2268 1986 2320 pedem
2002 2270 2145 2314 referas,
2167 2280 2200 2308 et

1244 2330 1289 2367 ad
1307 2329 1488 2382 propriam
1509 2329 1630 2366 redeas
1661 2328 1900 2368 nobilitatem.
1923 2330 2048 2379 Neque
2065 2330 2124 2367 hic
2143 2344 2197 2367 so-

1244 2392 1332 2437 lum,
1348 2389 1407 2428 sed
1427 2390 1532 2427 etiam
1552 2389 1676 2426 multis
1707 2388 1742 2426 in
1767 2388 1856 2426 locis
1880 2402 1921 2426 ac
1941 2390 2139 2440 frequenter
2163 2390 2198 2428 id

1244 2452 1319 2502 agit
1348 2451 1470 2488 beatus
1499 2449 1642 2487 Paulus.
1665 2450 1756 2486 Cum
1785 2448 1880 2486 enim
1899 2463 1918 2486 a
1938 2450 2090 2501 peccatis
2122 2451 2200 2488 vult

1244 2512 1423 2550 abducere
1437 2540 1446 2556 ‚
1466 2510 1619 2549 ostendit
1645 2510 1862 2561 quibuscum
1891 2510 2197 2549 communicemus

1245 2588 1308 2625 per
1326 2573 1400 2625 ipsa
1422 2581 1580 2624 peccata,
1602 2580 1638 2608 ut
1658 2585 1702 2608 ex
1723 2584 1879 2622 personae
1899 2570 2103 2609 conditione
2122 2586 2196 2610 mo-

1246 2645 1314 2680 tus,
1334 2635 1491 2672 societati
1511 2633 1705 2671 renunties.
1730 2632 2107 2671 Thessalonicensibus
2123 2634 2196 2684 igi-

1245 2757 1439 2806 possideat
1458 2770 1595 2806 corpus
1626 2767 1735 2793 suum
1765 2759 1806 2791 ιἰι
1835 2756 2143 2804 sanctificatione
2162 2766 2198 2793 et
2216 2760 2244 2797 4-
2273 2759 2300 2787 5-

1246 2819 1389 2854 honore
1408 2847 1417 2859 ,
1450 2830 1526 2854 non
1552 2819 1593 2853 in
1620 2818 1802 2867 passione
1830 2817 2052 2865 ignomim'ae
2071 2846 2078 2857 .
2101 2819 2198 2855 sicut

1244 2886 1376 2923 gentes
1392 2891 1478 2928 qtae
1499 2878 1621 2914 Deum
1654 2890 1729 2913 non
1751 2885 1952 2913 noverunt.
1974 2880 2022 2914 Ac
2043 2890 2167 2914 rursus
2188 2893 2196 2913 ε

1248 2941 1334 2976 Non
1363 2942 1459 2976 sicut
1489 2947 1622 2976 ceter-«e
1640 2946 1770 2988 gente-s
1789 2937 1996 2974 ambulant
2015 2940 2055 2973 in
2083 2939 2193 2975 vani-
2214 2959 2278 2994 hys
2305 2960 2334 2995 ὁ,
2358 2966 2403 2994 ,,,

1991 2998 2091 3035 Nulo
2125 3013 2196 3037 ‘vos

1247 3064 1428 3111 tgnorare
1442 3089 1451 3106 ,
1470 3060 1646 3111 'li-atres,
1670 3059 1716 3095 de
1742 3059 2037 3100 dormientibus.
2059 3069 2098 3095 u!
2124 3073 2198 3096 non

1247 3009 1326 3038 tate
1357 3000 1484 3036 cordis
1514 3002 1583 3037 siti.
1611 2998 1669 3036 Sic
1707 2998 1740 3035 iu
1764 2998 1829 3034 lior
1862 2997 1965 3034 loco:

1248 3123 1543 3165 ‹·‹›ntris!‹·rm'ni‚
1562 3123 1658 3156 sicut
1681 3128 1716 3156 ct
1737 3121 1875 3165 ‹arte-ri,
1903 3122 1969 3169 qui
1999 3133 2099 3168 spem
2122 3134 2200 3157 non

1249 3184 1406 3218 hailwnt.
1429 3182 1505 3217 Nou
1523 3180 1615 3217 cuitu
1635 3180 1682 3217 rei
1713 3179 1824 3229 ipsius
1845 3188 1969 3215 nuum
1985 3210 1992 3220 ,
2013 3179 2071 3216 sul
2089 3181 2198 3218 ..nimi

1249 3258 1354 3284 nostr·
1387 3246 1608 3298 propositum
1633 3244 1791 3281 dolui-viu
1817 3244 1917 3281 nuliis
1943 3245 2069 3282 ..iton-r«-
2087 3246 2196 3283 solet:

1249 3331 1314 3352 ιιιιιι
1352 3329 1444 3352 mors
1475 3312 1644 3353 tlt-functi,
1668 3312 1724 3348 ιι-«Ι
1760 3311 1955 3360 lugentium
1995 3312 2197 3351 iulii-initas.

1417 3436 1593 3467 ‹univ-u.
1619 3451 1651 3467 ’.ι
1669 3448 1769 3467 ἡμῖὶς
1797 3450 1876 3476 *eps
