2513 3871
125 411 211 439 Psnl.
226 407 277 447 342.

326 237 418 284 326

325 337 466 376 Verum
486 333 550 370 etsi
567 330 704 369 deliciae
723 337 856 376 essent,
877 327 968 380 quid
987 335 1039 366 est
1058 338 1169 379 parva
1184 338 1286 376 aquae

324 403 424 448 gutta
436 392 484 432 ad
496 392 713 430 immensum
724 388 848 428 mare?
861 386 1109 440 Aude'‚filia,
1124 394 1162 424 et
1175 386 1286 432 vide,

326 463 364 494 et
376 454 526 493 inclina
536 465 671 492 aurem
681 459 806 498 tuam,
816 457 854 488 et
865 449 1092 487 obliviscere
1100 445 1287 499 populum

755 248 794 277 S.
833 244 1021 276 JOANMS
1054 242 1298 274 cuttYSOST.
1340 241 1549 273 Ancnttzt’.
1587 242 1948 274 CONSTAN‘rtNOt‘.

1356 325 1434 363 ἀλλ’
1447 327 1479 364 εἰ
1500 325 1561 365 καὶ
1579 326 1692 379 τρυφὴ
1712 321 1755 373 ἦν
1770 355 1780 372 ,
1801 327 1834 364 τί
1857 326 1995 377 σταγὼν
2015 325 2139 371 ὕδατος
2162 325 2273 379 μικρὰ
2291 325 2378 378 πρὸς

1355 385 1500 440 ἄπειρον
1527 386 1699 439 πίλαγοςς
1717 387 1900 433 ΙἈκουσον,
1928 386 2076 441 θύγατερ
2091 417 2102 436 ,
2127 388 2188 427 καὶ
2213 387 2289 437 ῐδε,
2315 387 2377 426 καὶ

1356 449 1472 487 κλῖνον
1496 449 1538 488 τὸ
1557 443 1615 494 οἷς
1633 464 1695 488 σου
1709 478 1719 497 ,
1739 451 1799 488 καὶ
1828 449 1995 489 ἐπιλάθου
2023 454 2084 489 τοῦ
2109 451 2195 489 λαοῧ
2213 464 2274 489 σου
2286 476 2297 495 ,
2317 448 2379 487 καὶ

327 525 457 563 tuum,
483 523 518 553 et
549 515 706 552 domum
730 513 856 564 patr-is
884 512 956 558 tui,
982 517 1020 548 et
1045 511 1286 561 concupiscet
1308 525 1332 556 g
1356 511 1416 548 τοῦ
1431 509 1528 549 οἴκου
1550 514 1611 549 τοῦ
1628 510 1759 562 πατρός
1777 525 1838 548 σου
1853 539 1864 556 ,
1883 509 1944 549 καὶ
1958 510 2167 561 ἐπιθυμήσει
2181 513 2200 550 ὁ
2217 509 2380 563 βασιλεὺς

326 592 395 616 ret
417 577 594 615 decorem
616 583 742 620 tuum,
762 571 808 611 ad
827 571 953 610 orbem
973 579 1075 609 terrae
1091 568 1287 621 aliquando

327 638 421 677 male
435 638 605 677 affectum
619 635 764 675 dicebat
778 631 914 673 David.
930 632 1005 672 Hoc
1020 631 1132 684 igitur
1142 645 1205 670 nos
1219 630 1285 670 tibi

327 700 555 748 occinemus,
575 699 684 737 breve
702 695 853 735 verbum
873 694 1056 748 propbetae
1080 692 1283 732 subimmu-

327 771 440 800 tanta
451 791 461 810 ,
476 770 511 799 et
525 760 684 799 dicemus
701 771 783 796 cum
798 755 971 810 propheta
991 771 999 796 :
1018 753 1127 802 Audi,
1143 753 1234 804 filia,
1252 762 1286 792 et

327 822 427 873 vide,
443 831 477 860 et
491 821 623 860 inclina
637 832 758 859 aurem
775 828 891 867 tuam,
906 825 941 855 et
954 815 1166 854 obliviscere
1183 814 1286 853 malm

328 882 596 922 consuetudinis
616 890 649 919 et
664 893 792 919 eorum
805 878 866 930 qui
881 877 946 916 tibi
961 876 1053 916 male
1065 875 1284 922 cohabitant,

331 956 366 985 et
385 945 610 998 concupiscet
633 958 696 982 rex
722 939 1031 995 pulchritudinem
1051 948 1164 977 tuam.
1188 937 1285 987 Quid

329 1007 397 1047 tibi
411 1007 480 1046 hoc
497 1005 640 1058 majus?
655 1003 742 1055 quid
763 1003 845 1041 item
860 1015 924 1054 par
943 999 1140 1052 poterimus
1151 998 1284 1044 dicere,

329 1082 439 1119 quam
456 1077 495 1105 ut
514 1066 605 1113 caeli,
624 1075 724 1104 terra!
740 1063 1036 1115 etangelorumet
1047 1060 1283 1112 archangelo—

1293 1105 1341 1129 267

1354 574 1416 610 τοῦ
1439 571 1588 616 κάλλους
1618 587 1679 611 σου
1694 602 1705 621 ,
1721 573 1808 624 πρὸς
1831 571 1895 619 τὴν
1921 571 2128 623 οἰκουμένην
2144 570 2231 611 ποτὶ
2262 572 2382 615 κακῦς

1355 632 1579 683 διακειμένην
1598 633 1716 685 ἔλεγεν
1739 636 1758 673 ὁ
1776 632 1898 671 Δαυίδ.
1918 634 2035 686 Τοῦτο
2052 632 2168 672 τοίνυν
2191 632 2254 671 καὶ
2276 634 2380 682 ἡμεῖς

1354 693 1529 746 ἐπᾴδομίν
1561 709 1640 743 σοι,
1660 694 1700 733 τὸ
1728 696 1826 746 ῥῆμα
1857 694 1982 747 μικρὸν
2005 692 2294 746 παραλλάξαντες
2317 695 2377 732 τοῦ

1353 754 1550 806 προφήτου,
1567 755 1628 794 καὶ
1644 758 1788 807 ἐροῦμεν
1806 755 1896 806 μετὰ
1914 759 1974 794 τοῦ
1990 752 2377 809 προφήτου·Ἄκωσον,

1354 815 1521 868 θύγατερ,
1536 817 1596 856 καὶ
1615 818 1680 863 ἴδε,
1701 818 1761 855 καὶ
1780 818 1894 855 κλῖνον
1910 817 1950 856 τὸ
1969 810 2027 860 οἶς
2043 831 2120 864 σου,
2133 815 2195 855 καὶ
2211 815 2376 855 ἐπιλάθου

1355 882 1417 925 τῆς
1438 886 1592 932 πονηρᾶς
1622 880 1804 926 συνηθείας
1818 909 1828 926 ,
1845 880 1904 917 καὶ
1923 882 1992 918 τῶν
2018 878 2076 918 ἐπὶ
2095 880 2195 931 κακῷ
2221 894 2276 918 σοι
2294 893 2378 917 συν-

1355 939 1560 988 οικούντων,
1579 941 1639 980 καὶ
1671 941 1882 992 ἐπιθυμήσει
1912 943 1930 979 ὁ
1960 939 2124 992 βασιλεὺς
2150 943 2212 979 τοῦ
2231 939 2379 982 κάλλους

1357 1015 1431 1041 σου.
1457 1001 1510 1053 Τί
1534 1017 1589 1042 σοι
1619 1003 1742 1041 τούτου
1771 1003 1903 1049 πλέον;
1928 1002 1963 1041 τί
1992 1002 2028 1041 δὲ
2059 1003 2135 1041 ῐσον
2166 1001 2307 1055 ἔχοιμεν
2337 1000 2379 1039 ἂν

1355 1064 1467 1101 εἰπεῖν
1493 1064 1602 1113 ἄλλο,
1631 1065 1713 1103 ὅταν
1747 1064 1805 1102 τὸν
1840 1067 1909 1104 τῶν
1938 1066 2092 1117 οὐρανῶν
2124 1063 2184 1101 καὶ
2219 1065 2284 1114 γῆς
2319 1062 2379 1101 καὶ

329 1143 412 1167 rum
426 1137 461 1167 et
473 1140 708 1180 supernarum
727 1125 914 1164 Virtutum
931 1122 1125 1161 Dominum
1142 1130 1283 1160 amato·
1306 1142 1331 1171 Δ
1357 1126 1514 1178 ἀγγέλων
1555 1128 1615 1165 καὶ
1653 1128 1882 1180 ἀρχαγγέλων
1916 1126 1976 1165 καὶ
2006 1127 2077 1163 τῶν
2106 1124 2179 1163 ἄνω
2198 1123 2379 1174 δυνάμεων

329 1204 404 1228 rem
426 1189 548 1228 sortita
562 1218 573 1235 ,
590 1186 752 1225 libereris
769 1200 790 1223 a
810 1184 946 1222 vilibus
965 1182 1166 1228 conservis,
1186 1190 1284 1219 tuam

329 1250 554 1288 nobilitatem
573 1244 919 1286 dehonestantibus?
935 1244 1085 1295 Propter
1101 1242 1197 1292 quod
1213 1255 1232 1279 e
1249 1256 1287 1280 re

327 1311 433 1350 suerit
445 1310 506 1348 hic
517 1309 622 1347 finire
634 1319 835 1345 sermonem
850 1320 858 1342 ε
873 1303 964 1343 nihil
979 1304 1076 1341 enim
1089 1301 1210 1340 dicere
1223 1316 1286 1355 po-

325 1371 474 1411 terimus
484 1369 578 1422 quod
590 1366 864 1407 huichonorisit
875 1365 1048 1418 par.Nam
1056 1364 1086 1401 si
1095 1377 1288 1416 quaespon-

326 1446 407 1471 sum
419 1432 453 1470 in
465 1440 558 1470 terra
567 1427 742 1482 acceperit
750 1425 1058 1479 regem‚omnibus
1068 1439 1105 1463 se
1118 1433 1221 1477 putat
1231 1438 1285 1463 es·

329 1508 366 1533 se
383 1492 577 1533 beatiorem
589 1507 599 1530 ι
611 1500 649 1529 tu
665 1504 749 1528 cum
769 1489 900 1527 habeas
920 1500 990 1526 non
1009 1495 1204 1536 terrenum,
1222 1499 1287 1525 nec

329 1565 560 1599 conservum,
573 1549 636 1589 sed
653 1563 734 1587 eum
751 1548 813 1600 qui
828 1547 865 1586 in
878 1546 991 1595 caetis,
1004 1560 1087 1585 eum
1103 1545 1166 1596 qui
1177 1559 1287 1598 supet·
1306 1545 1324 1551 ³

328 1626 468 1652 omnem
492 1611 734 1664 principatum
753 1618 788 1647 et
813 1617 1022 1661 potestatem
1050 1615 1085 1645 et
1116 1605 1284 1645 virtutem

328 1683 364 1713 et
376 1687 481 1713 omne
495 1686 624 1711 nomen
641 1670 738 1723 quod
756 1669 976 1718 nominatur,
997 1682 1078 1707 eum
1099 1667 1161 1718 qui
1179 1680 1286 1719 super

329 1734 526 1774 Cherubim
552 1732 674 1779 sedet,
693 1731 756 1784 qui
781 1730 939 1770 concutit
961 1739 1091 1768 terram
1109 1758 1116 1775 ,
1136 1728 1200 1779 qui
1223 1741 1287 1766 ex-

326 1795 439 1835 tendit
452 1796 592 1841 caelum,
608 1795 669 1846 qui
684 1793 855 1833 terribilis
868 1801 919 1830 est
932 1790 1168 1840 cherubinis,
1183 1790 1285 1828 inac—

325 1871 445 1897 cessus
461 1855 684 1909 Seraphinis,
699 1868 768 1894 non
784 1867 956 1907 sponsum
966 1852 1098 1899 solum,
1112 1851 1174 1890 sed
1188 1865 1285 1890 ama·

327 1926 440 1957 torem
453 1917 581 1969 quovis
595 1915 740 1955 homine
753 1913 1009 1960 ardentiorem,
1022 1912 1202 1965 quomodo
1215 1926 1285 1951 non

327 1977 446 2018 omnia
467 1978 641 2028 relinquis
658 1991 739 2029 quae
761 1976 819 2014 hic
838 1984 921 2013 sunt
935 2005 944 2021 ,
967 1974 1105 2013 etiamsi
1128 1974 1284 2012 animam

327 2040 444 2092 ipsam
462 2039 663 2090 relinquere
675 2037 860 2090 oporteat?
879 2035 1061 2085 Quoniam
1081 2035 1194 2087 igitur
1211 2035 1286 2073 sus-

328 2100 406 2139 ficit
429 2099 496 2139 hoc
514 2099 665 2138 verbum
685 2099 801 2138 solum
825 2097 873 2136 ad
900 2096 1050 2150 plumbo
1076 2095 1173 2134 omni
1199 2108 1286 2147 gra·

329 2162 467 2200 viorem
482 2159 735 2211 corrigendum
750 2168 784 2198 et
801 2158 1084 2212 promovendum
1099 2157 1144 2196 ad
1161 2172 1286 2210 super-

330 2236 412 2261 nam
429 2221 734 2260 conversationem
749 2249 759 2268 ,
779 2229 813 2259 et
834 2233 898 2259 nos
916 2219 988 2258 huc
1004 2218 1224 2265 desinimus,
1242 2228 1287 2258 te-

328 2297 399 2334 que
418 2282 650 2321 admonemus
674 2291 712 2319 ut
738 2281 841 2332 quasi
855 2280 1026 2319 divinum
1043 2280 1190 2331 aliquod
1206 2293 1287 2318 can-

329 2345 438 2383 ticum
464 2343 657 2391 concinas;
688 2356 730 2381 ac
751 2342 851 2381 domi
869 2351 903 2381 et
922 2342 959 2380 in
979 2342 1081 2392 soro,
1098 2351 1133 2380 et
1167 2341 1226 2380 die
1253 2351 1287 2381 et

330 2414 445 2454 nocte,
470 2414 506 2444 et
526 2405 562 2442 in
583 2404 641 2442 via
659 2413 694 2442 et
713 2404 747 2442 in
764 2403 935 2451 thalamo,
954 2412 989 2442 et
1007 2417 1093 2442 voce
1111 2411 1146 2441 et
1170 2411 1288 2442 mente

328 2467 496 2506 continue
512 2465 671 2517 loquaris
685 2465 813 2504 animm
827 2464 949 2504 dicens
965 2481 973 2502 :
989 2464 1099 2512 Audi,
1110 2464 1242 2510 anima,
1254 2474 1288 2503 et

329 2528 425 2577 vide,
441 2537 475 2567 et
492 2527 624 2567 inclina
641 2541 765 2565 aurem
781 2536 895 2574 tuam,
910 2536 942 2565 et
957 2526 1171 2565 obliviscere
1185 2526 1287 2565 mala:

329 2589 651 2635 consuetudinis,et
664 2588 892 2640 concupiscet
905 2602 968 2626 rex
980 2586 1286 2640 pulchritudinem

330 2660 441 2689 tuam.
465 2651 511 2690 Et
528 2650 558 2688 si
581 2650 647 2689 hoc
667 2649 835 2688 continue
852 2649 1004 2688 verbum
1022 2648 1177 2697 dixeris,
1197 2663 1285 2687 auro

331 2713 427 2751 omni
448 2712 628 2765 puriorem
647 2711 750 2749 facies
766 2710 935 2749 animam.
947 2710 1093 2749 Dictum
1109 2709 1203 2748 euim
1219 2710 1285 2748 hoc

333 2773 414 2821 igne
440 2772 685 2812 vehementius
711 2781 746 2810 et
771 2771 953 2810 efficacius
974 2772 1097 2810 afflare
1121 2780 1199 2810 tuas
1223 2785 1286 2810 co—

332 2833 519 2884 gitationes
537 2842 570 2872 et
585 2847 706 2872 onmes
731 2841 800 2870 tua:
820 2833 948 2871 mentis
971 2833 1128 2872 maculas
1145 2846 1285 2885 expur-

333 2909 417 2947 gare
433 2895 585 2945 valebit,
599 2896 633 2934 in
648 2895 793 2934 Christo
808 2896 894 2935 Jesu
912 2896 1065 2934 Domino
1085 2895 1283 2944 nosti·o‚cui

335 2961 446 3012 gloria
465 2962 499 2999 in
520 2962 647 3000 saecula
665 2961 889 2999 saeculorum.
916 2963 1039 3000 Amen.

383 3230 393 3241 ·
420 3217 520 3253 Sumit.
546 3225 593 3253 ui
625 3236 641 3254 r:

1356 1187 1540 1233 Δεσπότην
1565 1188 1716 1239 ἐραστὴν
1739 1187 1851 1240 λάθῃς
1865 1218 1875 1235 ,
1895 1189 2139 1239 ἀπαλλαγεῖσα
2158 1185 2288 1225 τούτων
2309 1187 2380 1223 τῶν

1357 1247 1505 1285 εὐτελῶν
1526 1246 1728 1297 ὁμοδούλων
1746 1262 1821 1294 σοι,
1841 1249 1901 1286 καὶ
1917 1247 2223 1299 καταισχυνόντων
2239 1261 2301 1286 σου
2315 1245 2380 1292 τὴν

1357 1306 1555 1358 εὖγένειαν;
1577 1308 1642 1346 Διὸ
1664 1307 1707 1354 δὴ
1734 1309 1794 1346 καὶ
1815 1310 1963 1347 ἐνταῦθα
1988 1310 2185 1347 καταλῦσαι
2202 1308 2263 1347 τὸν
2277 1307 2379 1359 λόγον

1358 1367 1476 1407 καλόν.
1505 1367 1619 1407 Οὐδὲν
1650 1369 1718 1420 γὰρ
1755 1370 1828 1408 ἴσον
1863 1370 1972 1407 εἰπεῖν
1998 1368 2130 1415 ταύτης
2157 1368 2284 1421 ἔχομεν
2317 1371 2381 1415 τῆς

1357 1431 1476 1479 τιμῆς.
1508 1430 1554 1468 Εἰ
1588 1429 1656 1481 γὰρ
1692 1430 1840 1481 βασιλέα
1869 1430 1928 1469 τὸν
1960 1429 2018 1468 ἐπὶ
2047 1431 2112 1480 γῆς
2143 1428 2301 1469 λαὸοῦσά
2328 1444 2383 1472 τις

1357 1490 1521 1543 νυμφίον,
1538 1490 1679 1530 πάντων
1695 1495 1834 1544 ἡγεῖται
1849 1485 1938 1531 εἶναι
1951 1490 2079 1538 ἑαυτὴν
2094 1490 2381 1545 μακαριωτίραν,

1357 1551 1399 1591 σὺ
1420 1553 1458 1591 οὗ
1476 1551 1536 1591 τὸν
1557 1553 1618 1592 ἐπὶ
1633 1556 1719 1604 γῆς,
1743 1552 1820 1592 οὐδὲ
1841 1553 1900 1592 τὸν
1918 1552 2127 1604 ὁμόδουλον,
2142 1551 2234 1592 ἀλλὰ
2258 1551 2319 1592 τὸν
2344 1554 2380 1592 ἐν

1357 1619 1427 1658 τοῖς
1453 1614 1630 1667 οὐρανοῖς,
1649 1615 1708 1654 τὸν
1726 1614 1889 1666 ὓπεράνω
1906 1615 2024 1662 πάσης
2044 1616 2159 1668 ἀρχῆς
2184 1613 2245 1653 καὶ
2280 1613 2379 1660 ἔξου-

1357 1675 1434 1718 σίας
1460 1675 1520 1714 καὶ
1546 1675 1724 1727 δυνάμεως
1745 1675 1805 1715 καὶ
1824 1675 1953 1720 παντὸς
1973 1676 2143 1726 ὀνόματος
2159 1675 2380 1726 ὀνομαζομέ-

1358 1751 1433 1784 νου,
1452 1736 1510 1774 τὸν
1533 1736 1651 1775 ἐπάνω
1669 1739 1738 1774 τῶν
1756 1737 1936 1788 Χερουόἱμ
1954 1737 2171 1787 καθήμενον,
2193 1737 2252 1776 τὸν
2269 1736 2379 1776 σείον-

1359 1813 1402 1835 τα
1419 1796 1482 1844 τὴν
1499 1798 1583 1850 γῆν,
1602 1797 1661 1836 τὸν
1678 1796 1879 1836 ἐκτείναντα
1898 1799 1956 1837 τὸν
1977 1797 2143 1851 οὐρανὸν,
2156 1798 2215 1837 τὸν
2235 1796 2381 1851 φοὸερὸν

1359 1859 1421 1908 μὲν
1448 1865 1518 1903 τοῖς
1536 1859 1731 1911 Χερουὸὶμ,
1752 1860 1940 1911 ἀπρόσιτον
1969 1860 2004 1899 δὲ
2025 1865 2096 1903 τοῖς
2114 1859 2380 1912 Σεραφὶμρύχὶ

1358 1919 1502 1973 νυμφίον
1525 1921 1654 1973 ἔχουσα
1675 1920 1779 1971 μόνον
1793 1949 1803 1964 ,
1833 1920 1924 1959 ἀλλὰ
1951 1922 2010 1959 καὶ
2031 1919 2204 1975 ἐραστὴν,
2225 1920 2285 1959 καὶ
2301 1921 2382 1973 ἐρα-

1358 1979 1444 2028 στὴν
1463 1982 1593 2024 παντὸς
1621 1980 1806 2035 ἀνθρώπου
1827 1981 2075 2035 σφοδρότερον,
2097 1985 2171 2028 πῶς
2204 1985 2244 2022 οὗ
2260 1983 2378 2022 πάντα

1357 2041 1504 2095 ἀφήσεις
1518 2042 1562 2081 τὰ
1578 2043 1743 2092 ἐνταῦθα,
1759 2045 1790 2081 εἷ
1807 2042 1866 2082 καὶ
1886 2043 1995 2091 αὐτὴν
2024 2044 2095 2083 δέοι
2124 2045 2293 2099 προέσθαι
2316 2044 2382 2091 τὴν

1357 2105 1496 2157 ψυχήν;
1517 2103 1622 2143 Ἐπεὶ
1640 2099 1699 2144 οὖν
1714 2108 1816 2145 τοῦτο
1833 2107 1932 2159 ἀρκεῖ
1952 2106 1992 2145 τὸ
2013 2109 2109 2158 ῥ’ἦμα
2126 2107 2231 2157 μόνον
2244 2106 2304 2145 καὶ
2322 2106 2381 2145 τὸν

1360 2167 1532 2219 μολύδδου
1549 2167 1677 2211 παντὸς
1699 2166 1886 2220 βαρύτερον
1905 2171 2081 2220 ὀρθῶσαι,
2099 2173 2114 2191 ⁸
2134 2168 2297 2221 καὶπρὸς
2317 2167 2384 2211 τὰς

1360 2227 1432 2266 άνω
1452 2229 1634 2281 πτερῶσαι
1653 2227 1836 2279 διατριὸὰς
1849 2254 1859 2273 ,
1879 2227 1939 2266 καὶ
1967 2231 2070 2279 ἡμεῖς
2090 2228 2237 2267 ἐνταῦθα
2264 2242 2380 2266 κατα-

1359 2287 1511 2339 λύομεν,
1540 2289 1601 2327 καὶ
1634 2287 1689 2326 σοὶ
1713 2292 1971 2341 παραινοῦμεν,
1990 2289 2150 2341 καθάπερ
2177 2288 2257 2328 τινὰ
2287 2288 2384 2328 θείαν

1361 2349 1492 2397 ταύτην
1525 2349 1667 2403 ἐπᾴδειν
1698 2349 1763 2397 τὴν
1794 2349 1933 2402 ἐπῳδὴν
1950 2381 1962 2402 ‚
1980 2349 2039 2389 καὶ
2072 2352 2107 2390 ἐν
2125 2343 2240 2405 οἰκία,
2269 2349 2331 2389 καὶ
2349 2351 2385 2389 ἐν

1362 2414 1473 2465 ἀγορᾷ
1488 2440 1498 2458 ,
1519 2411 1580 2449 καὶ
1598 2412 1633 2450 ἐν
1649 2411 1767 2465 ἡμέρα
1780 2442 1790 2460 ,
1808 2412 1868 2450 καὶ
1888 2413 1924 2450 ἐν
1941 2411 2061 2460 νυκτὶ,
2080 2411 2142 2451 καὶ
2157 2412 2195 2450 ἐν
2210 2412 2280 2464 ὁδῷ
2294 2439 2307 2461 ,
2325 2410 2386 2451 καὶ

1360 2477 1395 2513 ἐν
1418 2474 1591 2527 θαλάμῳ,
1614 2474 1674 2512 καὶ
1693 2473 1752 2511 διὰ
1771 2476 1906 2526 φωνῆς,
1925 2474 1983 2512 καὶ
2003 2473 2094 2513 κατὰ
2123 2474 2301 2524 διάνοιαν,
2323 2472 2384 2513 καὶ

1361 2539 1514 2590 συνεχῶς
1547 2535 1719 2586 ἐπιλέγειν
1752 2537 1796 2588 τῇ
1827 2538 1942 2587 ψυχῇ·
1963 2535 2142 2583 Ἄκουσον,
2166 2535 2264 2588 ψυχή
2291 2548 2381 2584 μου,

1360 2598 1420 2636 καὶ
1454 2599 1523 2642 ἴδε,
1551 2598 1610 2635 καὶ
1636 2599 1752 2635 κλῖνον
1784 2597 1824 2634 τὸ
1851 2591 1907 2640 οὖς
1941 2611 2023 2644 σου,
2043 2596 2103 2635 καὶ
2130 2596 2296 2635 ἐπιλάθου
2321 2598 2384 2643 τῆς

1360 2665 1514 2711 πονηρᾶς
1541 2672 1602 2697 σου
1631 2656 1834 2704 συνηθείας,
1857 2657 1915 2695 καὶ
1942 2656 2154 2707 ἐπιθυμήσει
2174 2659 2194 2696 ὁ
2220 2656 2383 2708 βασιλεὺς

1359 2723 1420 2757 τοῦ
1447 2719 1596 2761 κάλλους
1614 2733 1694 2757 σου·
1723 2717 1788 2756 κᾶν
1817 2722 1918 2757 τοῦτο
1947 2718 2114 2770 ἐπιλίγῃς
2141 2719 2310 2766 διηνεκῶς
2342 2719 2383 2758 τὸ

1360 2782 1457 2832 ῥῆμα
1474 2809 1483 2825 ,
1518 2779 1663 2832 χρυσίου
1694 2779 1822 2823 παντὸς
1867 2779 2114 2832 καθαρωτέραν
2150 2779 2284 2834 ἐργάσῃ
2318 2779 2383 2827 τὴν

1359 2840 1496 2895 ψυχὴν,
1515 2841 1622 2893 πυρὸς
1649 2841 1878 2892 σφοδρότερον
1908 2844 1969 2888 τῆς
2000 2840 2125 2886 λέξεως
2155 2841 2286 2890 ταύτης
2313 2847 2384 2887 τοῖς

1359 2905 1422 2949 τῆς
1445 2902 1599 2945 διανοίας
1618 2901 1837 2952 ἐμπνιούσης
1866 2905 2070 2953 λογισμοῖς,
2091 2903 2151 2941 καὶ
2182 2909 2301 2942 πᾶσαν
2318 2903 2383 2943 ἐκ·

1361 2964 1594 3016 καθαιρούσης
1625 2965 1766 3011 κηλῖδα,
1786 2965 1820 3002 ἐν
1857 2965 2001 3017 Χριστῷ
2030 2964 2148 3012 Ἰησοῦ
2180 2966 2231 3018 τῷ
2263 2964 2383 3019 Κυρίῳ

1361 3028 1462 3077 ἡμῶν
1475 3055 1484 3070 ,
1518 3019 1547 3079 ᾧ
1579 3027 1599 3072 ἡ
1633 3025 1714 3070 δόξα
1759 3028 1804 3069 εἰς
1839 3025 1917 3069 τοὺς
1955 3028 2084 3071 αἰῶνας
2126 3028 2195 3065 τῶν
2230 3025 2379 3066 αἰώνων.

1365 3087 1483 3139 Ἀμήν.

643 3227 695 3264 [ἧος
724 3225 775 3258 ri,
800 3226 858 3253 ἅνω
883 3235 911 3254 τι
931 3223 1044 3261 Ciny->w
1061 3223 1225 3263 3‹u†,rrso',·.
1259 3219 1348 3251 Infra
1368 3218 1454 3253 idem
1474 3226 1521 3253 ιιι
1541 3226 1568 3254 1:v
1587 3224 1659 3263 ὸῦιξι,
1681 3226 1726 3255 ui
1744 3226 1772 3254 ἐν
1794 3224 1940 3264 θαλάσςῃ.
