2513 3871
120 603 235 631 Galat.
253 602 282 632 5.

123 651 288 682 19.2o.2t

115 799 144 818 τ.
166 789 240 818 Cor.
261 798 306 820 12-

119 840 167 859 zo.

129 2404 155 2425 ι.
175 2393 245 2425 Cor.
264 2403 292 2423 α.

130 2445 176 2466 ΙΙ.

139 2481 169 2509 3.
181 2479 315 2514 Magnum

130 2522 317 2549 etadnnnn-

129 2565 199 2590 dum
255 2564 318 2588 ani-

320 206 346 256 .‘;
357 201 412 246 36

322 298 454 336 suflicit
474 296 520 335 ad
539 296 766 347 omnigenam
787 302 1006 332 armaturam
1026 291 1103 344 ipsa
1125 300 1250 329 natura

324 359 390 396 Vis
408 366 441 397 et
458 357 570 395 atium
586 354 781 394 exercitum
802 353 925 392 videre
943 362 1079 392 trucem
1095 361 1130 390 et
1148 351 1278 389 imma-

322 433 400 458 nem
414 448 426 467 ,
448 417 532 467 huic
548 416 648 469 gregi
665 414 891 454 insidiantem
909 414 927 451 Ρ
943 414 1060 467 ipsum
1075 426 1219 464 quoque
1232 425 1278 450 ex

321 480 444 519 eadem
471 478 616 531 specula
645 476 859 531 conspicies.
886 477 980 515 Nam
1005 475 1068 527 qui
1099 473 1145 513 de
1169 488 1277 526 supra

320 541 426 581 dictis
442 541 551 580 verba
568 539 665 587 fecit,
684 539 714 578 is
731 539 807 592 ipse
823 538 938 577 ethos
959 536 1062 576 nobis
1081 536 1200 575 hostes
1220 536 1278 574 in-

320 603 418 643 dicat
430 602 486 641 his
499 601 637 641 verbis:
652 601 872 652 Manifesta
886 609 976 639 sunt
994 612 1110 651 opera
1127 600 1277 638 carnis:

323 679 409 718 quae
429 672 519 703 sunt
539 667 771 716 fornic-atto,
792 662 1044 708 adulterium,
1071 659 1278 698 immundi·

324 731 395 774 tia,
415 725 679 778 impudicitia,
698 724 892 763 idolorum
911 724 1098 770 servitus,
1121 720 1276 771 veneli-

324 790 443 835 c1‘um,
464 789 691 834 inimicitiae,
707 787 984 833 contentiones,
999 783 1277 831 «emulationes,

322 851 404 897 i'rae,
423 850 534 895 rixoe,
551 848 823 894 detractiones,
838 848 1000 894 susurri,
1015 847 1138 884 animi
1153 852 1276 882 tumo-

322 924 402 959 res,
438 910 696 949 dissensiones
709 939 718 956 ,
745 918 779 947 et
805 908 874 947 alia
907 906 963 946 his
993 907 1096 960 plura
1124 922 1133 944 ι
1165 918 1278 956 neque

323 972 418 1010 enim
433 971 552 1010 omnia
574 971 810 1016 enumeravit,
826 969 890 1009 sed
906 984 951 1008 ex
964 968 1022 1007 his
1034 968 1138 1007 nobis
1151 976 1276 1006 caetera
1300 971 1326 1001 D

321 1031 466 1084 reliquit
486 1031 730 1084 intelligenda.
761 1032 872 1069 Porro
891 1030 989 1082 quod
1016 1029 1062 1068 ad
1087 1030 1277 1068 brutorum

320 1101 498 1145 pastorem
518 1093 685 1145 pertinet,
706 1093 769 1144 qui
790 1105 932 1143 gregem
952 1090 1100 1144 perdere
1120 1091 1274 1138 volunt,

320 1153 383 1192 ubi
404 1152 528 1193 vident
547 1154 753 1205 praesectum
773 1153 983 1205 fugientem,
1005 1165 1076 1190 non
1092 1151 1195 1190 illum
1211 1164 1279 1203 op-

320 1222 495 1267 pugnant,
516 1213 580 1253 sed
595 1213 678 1252 satis
694 1214 826 1252 liabent
844 1213 873 1251 si
894 1227 1021 1266 pecora
1042 1212 1203 1264 rapiant:
1219 1211 1278 1250 hic

321 1289 416 1324 vero,
436 1275 503 1315 etsi
518 1284 631 1314 totum
651 1288 796 1326 gregem
814 1273 1053 1326 abripuerint,
1073 1287 1116 1311 ne
1133 1272 1184 1310 sic
1199 1272 1278 1324 qui-

318 1336 400 1376 dem
423 1351 442 1375 a
462 1346 601 1389 pastore
617 1336 794 1375 abstinent
809 1366 818 1383 ,
837 1334 899 1374 sed
917 1335 1034 1387 magis
1052 1334 1183 1373 instant
1202 1348 1278 1372 ma-

318 1398 442 1450 gisque
459 1397 656 1444 ferociunt,
682 1411 745 1436 uec
764 1396 866 1449 prius
885 1397 992 1435 finem
1013 1395 1148 1434 faciunt
1170 1409 1280 1446 quam

319 1460 486 1498 velillum
500 1460 773 1513 prostraverint,
786 1458 843 1497 vel
858 1459 925 1511 ipsi
940 1457 1120 1511 profligati
1133 1457 1278 1496 fuerint.

319 1521 376 1561 Ad
401 1521 478 1561 haec
497 1530 615 1561 autem
634 1521 813 1574 pecudum
834 1521 952 1559 morbi
972 1520 1149 1559 manifesti
1172 1529 1280 1565 sunt,

320 1583 398 1622 sive
413 1583 522 1621 sames
535 1582 593 1629 sit,
607 1582 683 1620 sive
695 1582 820 1635 pestis,
837 1582 913 1621 sive
925 1582 1072 1630 vulnus,
1087 1581 1163 1620 sive
1176 1580 1279 1620 aliud

319 1643 504 1697 quidpiam
519 1644 680 1683 dolorem
696 1644 836 1696 pariens
850 1661 858 1683 2
871 1643 907 1682 id
917 1652 1036 1682 autem
1050 1657 1121 1682 non
1138 1643 1278 1682 modico
1302 1653 1326 1683 E

320 1705 531 1760 adjumento
548 1716 595 1745 est
611 1705 659 1744 ad
673 1706 897 1757 aegritudinis
910 1705 1146 1744 curationem.
1164 1704 1230 1744 Est
1245 1715 1279 1744 et

320 1767 420 1806 aliud
439 1768 507 1806 hoc
520 1767 746 1806 commodius
765 1767 812 1806 ad
840 1768 1003 1818 quemvis
1023 1766 1190 1805 morbum
1207 1767 1278 1805 cito

321 1829 549 1882 abigendum.
570 1828 669 1878 Quid
696 1828 815 1868 illud?
839 1830 971 1881 Magna
995 1843 1077 1867 cum
1105 1837 1282 1881 potestate

321 1901 477 1945 pastores
496 1890 648 1944 pecudes
670 1904 752 1928 suas
770 1899 967 1943 porrectam
989 1889 1203 1929 medicinam
1223 1904 1279 1928 ca-

324 1967 406 2006 pere
425 1961 569 2004 cogunt,
586 1951 722 1990 etiamsi
737 1951 921 1990 obsistant.
941 1952 1032 1990 Nam
1048 1952 1151 1990 facilc
1168 1951 1279 2003 ligare

324 2022 486 2067 possunt,
503 2013 531 2052 si
545 2012 743 2058 adustione,
761 2012 791 2050 si
811 2013 964 2051 sectione
981 2028 1071 2066 opus
1087 2013 1146 2060 sit,
1167 2014 1196 2052 si
1215 2013 1279 2051 diu

325 2075 480 2113 inclusas
499 2088 641 2113 servare
659 2083 838 2126 oporteat,
858 2083 891 2112 et
911 2074 1012 2113 aliud
1035 2089 1099 2127 pro
1118 2075 1190 2114 alio
1210 2090 1280 2127 pa-

326 2135 453 2174 bulum
472 2136 614 2180 osserie,
634 2135 662 2173 si
684 2135 826 2186 abigere
842 2150 862 2173 a
882 2136 971 2174 rivis
989 2151 1164 2187 aquarum
1185 2153 1193 2178 :
1213 2151 1282 2175 ca:-

326 2206 469 2248 teraque
487 2196 604 2234 omnia
616 2227 625 2243 ‚
644 2210 722 2246 quae
741 2197 941 2234 censuerint
954 2196 1000 2235 ad
1018 2197 1163 2235 illarum
1184 2198 1281 2236 inco-

327 2258 524 2297 lumitatem
539 2258 710 2304 conferre,
728 2258 826 2295 nullo
841 2258 982 2309 negotio
995 2258 1198 2298 admovent.
1292 2288 1342 2313 ³74

381 2322 430 2359 At
455 2319 641 2357 homiuum
664 2319 888 2358 infirmitates
919 2319 1018 2359 haud
1043 2320 1150 2359 facile
1176 2321 1282 2360 homo
1305 2326 1331 2355 Α

330 2381 468 2420 noverit
498 2397 506 2419 z
535 2381 681 2419 Nullus
701 2382 801 2420 enim
826 2383 1030 2420 hominum
1060 2386 1166 2422 novit
1197 2398 1283 2435 quae

330 2451 418 2481 sunt
431 2443 613 2489 hominis,
627 2444 702 2480 nisi
718 2445 874 2494 spiritus
889 2444 1076 2493 hominis,
1089 2448 1155 2495 qui
1170 2453 1226 2484 est
1241 2448 1284 2483 in

332 2503 415 2541 e'llo.
441 2503 513 2549 Qui
534 2503 644 2554 igitur
662 2503 771 2556 possit
788 2503 968 2556 quispiam
987 2504 1186 2543 remedium
1211 2505 1285 2544 ad-

333 2578 476 2603 movere
496 2565 640 2612 inorbo,
661 2566 763 2617 cujus
791 2564 939 2603 modum
961 2579 1029 2604 non
1054 2566 1174 2616 novit,
1202 2581 1285 2605 cum

738 213 775 242 S.

1258 290 1276 314 ἴ)

1260 320 1268 327 0

130 2615 209 2634 mum
223 2606 320 2642 requi·
370 2626 375 2632 .

131 2657 206 2675 rvr?-

332 2635 436 2664 etiam
458 2639 612 2678 persaepe
640 2626 774 2664 nescire
794 2626 903 2679 possit
921 2640 965 2664 an
983 2636 1130 2678 :egrotet
1152 2628 1286 2666 necne?

332 2688 424 2725 Cuin
442 2702 546 2739 pori-o
563 2696 666 2725 notus
682 2687 828 2725 morbus
843 2695 909 2735 est,
933 2697 1018 2726 tunc
1036 2688 1151 2739 majus
1175 2701 1283 2738 nego-

335 2748 422 2786 tium
445 2748 594 2786 facessit.
615 2750 738 2800 Ncque
758 2749 852 2787 enim
879 2758 1025 2801 possunt
1044 2749 1197 2801 quilibet
1216 2749 1285 2788 ho-

335 2809 445 2846 mines
458 2809 533 2860 pari
547 2809 715 2847 facilit-ite
727 2810 860 2856 curari,
873 2823 914 2847 ac
928 2819 1047 2862 pastor
1057 2819 1157 2849 curat
1167 2824 1282 2849 ovem.

336 2868 405 2905 ttic
432 2868 525 2906 enim
556 2884 646 2921 opus
675 2869 820 2921 perinde
840 2879 891 2907 est
910 2869 1036 2921 ligare,
1055 2869 1101 2908 ab
1117 2869 1286 2910 alimento

335 2928 491 2979 abigere,
522 2943 643 2978 urere,
665 2944 803 2979 secarc;
829 2928 889 2968 sed
920 2939 1073 2982 potestas
1101 2930 1285 2971 medicinae

335 2990 549 3042 accipienda:
577 3004 645 3029 non
671 3005 776 3043 penes
796 2991 898 3029 illum
919 3001 971 3030 est
997 2991 1059 3042 qui
1087 2991 1284 3032 remedium

334 3050 519 3099 admovet,
542 3052 602 3089 sed
632 3066 735 3104 penes
756 3052 861 3091 illum
891 3054 953 3103 qui
980 3054 1105 3092 inorbo
1134 3054 1284 3093 laborat.

338 3110 411 3149 iioc
422 3112 514 3150 enim
531 3126 610 3151 cum
626 3123 740 3152 nosset
752 3113 987 3156 admirandus
1000 3114 1061 3153 itte
1076 3114 1144 3164 vir,
1156 3115 1284 3154 Corin·
1309 3124 1332 3155 B

379 3278 390 3292 ·
416 3269 508 3301 Unus
521 3268 605 3300 ‹jo-t.
625 3275 668 3303 ὁτι
684 3273 791 3306 Zenon
809 3279 843 3305 το
863 3278 979 3307 λυποῦν·
1000 3278 1102 3319 lupo-a
1118 3278 1150 3308 οὶ
1165 3284 1286 3321 μικρὸν.

379 3320 394 3341 h
418 3320 520 3353 Snvil,
545 3329 575 3351 rt
595 3321 779 3363 uliquiMui.
795 3334 1006 3365 πρσννγαγιῖν.
1022 3325 1225 3370 [ΙΛἫΕΜΜΙΙ
1244 3342 1337 3372 προτ-

332 3387 412 3412 esm
433 3371 559 3413 Jt‘antu
587 3380 660 3412 pont
680 3372 734 3405 nti·
750 3379 964 3414 σιμῑὲαλισθαι.

816 210 1000 241 ,ΙΟᾹΧΝΙΞ
1038 208 1278 239 cttnYSOST.
1319 201 1527 240 Ancuuzt’.
1567 208 1925 240 CONSTANTffiOt’.

1350 291 1409 327 καὶ
1429 290 1546 344 ἕτερον
1568 292 1804 343 στρατόπεδον
1822 292 1906 331 ἰδεῖν
1926 290 2056 339 ἀπηνὲς
2071 292 2131 330 καὶ
2143 292 2240 343 ὠμὸν
2268 293 2381 347 ταύτῃ

1348 352 1581 405 προσεδρεῦον
1602 354 1646 404 τῇ
1668 353 1828 406 ποίμνῃ;
1849 353 1919 392 Καὶ
1949 356 2052 392 τοῦτο
2080 352 2151 391 ἀπὸ
2179 356 2242 400 τῆς
2274 355 2382 401 αὐτῆς

1348 412 1425 462 ὄψει
1439 416 1634 465 περιαπτῆς.
1651 413 1698 454 Ὁ
1717 415 1787 468 γὰρ
1804 414 1886 467 περὶ
1903 413 2046 452 ἐκείνων
2065 417 2153 465 ἡμῖν
2172 414 2383 468 διαλεχθεὶς,

1351 467 1448 516 οὗτος
1480 474 1539 513 καὶ
1568 473 1706 520 τούτους
1736 478 1822 526 ἡμῖν
1855 474 2080 514 ὑποδείκνυσι
2105 474 2186 520 τοὺς
2219 475 2382 530 ἐχθροὺς,

1351 529 1420 573 ὧδέ
1441 551 1515 579 πως
1530 534 1660 588 λέγων·
1680 536 1829 588 Φανερά
1855 537 1930 574 ἐστι
1957 535 2001 574 τὰ
2021 535 2108 588 ἔργα
2138 538 2202 583 τῆς
2234 537 2383 590 σαρκὸς,

1352 596 1453 634 ἅτινά
1470 598 1544 635 ἐστι
1557 627 1567 646 ,
1585 598 1752 650 πορνεία,
1771 596 1912 650 μοιχεία
1924 627 1934 644 ,
1956 597 2174 649 ἀκαθαρσία,
2193 597 2386 648 ἀσέλγεια,

1352 659 1646 711 εἰδωλολατρεία,
1678 658 1906 712 φαρμακεία,
1937 658 2083 713 ἔχθραι,
2117 659 2231 712 ἕρεις,
2260 660 2382 710 ζῆλοι,

1351 720 1475 770 θυμοὶ,
1489 722 1655 772 ἐριθεῖαι,
1669 720 1884 760 καταλαλιαί
1896 750 1905 767 ,
1927 722 2154 773 ψιθυρισμοί,
2172 720 2382 774 φυσιώσεις,

1352 782 1638 828 ἀκαταστασίαι,
1658 782 1717 821 καὶ
1747 782 1851 835 ἕτερα
1887 783 2021 822 τούτων
2049 782 2217 822 πλείονα·
2243 784 2283 823 οὗ
2312 781 2381 836 γὰρ

1350 844 1465 882 πάντα
1486 843 1669 889 κατέλεξεν
1681 874 1691 891 ,
1711 846 1789 883 ἀλλ’
1806 847 1846 884 ἐκ
1870 845 2000 884 τούτων
2021 847 2154 897 ἀφῆκεν
2174 844 2304 885 εἰδέναι
2319 843 2383 884 καὶ

1349 905 1393 943 τὰ
1413 907 1532 946 λοιπά.
1557 907 1626 946 Καὶ
1646 907 1704 945 ἐπὶ
1726 906 1788 957 μὲν
1815 911 1877 946 τοῦ
1905 906 2070 957 ποιμένος
2094 909 2164 945 τῶν
2191 906 2327 958 ἀλόγων
2347 908 2381 945 οἱ

1351 968 1557 1018 βουλόμενοι
1576 969 1774 1021 διαφθεῖραι
1792 967 1855 1014 τὴν
1878 968 2054 1019 ποίμνην,
2083 968 2166 1007 ὅταν
2196 968 2297 1007 ἴδωσι
2319 967 2378 1008 τὸν

1349 1029 1529 1080 ἐφεστῶτα
1547 1029 1731 1082 φεύγοντα,
1745 1029 1809 1077 τὴν
1825 1029 1911 1082 πρὸς
1929 1032 2059 1069 ἐκεῖνον
2075 1029 2195 1082 μάχην
2215 1029 2380 1083 ἀφέντες,

1349 1092 1536 1141 ἀρκοῦνται
1563 1093 1606 1142 τῇ
1636 1095 1706 1130 τῶν
1734 1092 1947 1144 θρεμμάτων
1972 1093 2128 1145 ἁρπαγῇ·
2150 1092 2299 1131 ἐνταῦθα
2317 1091 2377 1141 δᾶ,

1348 1150 1413 1188 κᾶν
1433 1151 1574 1190 ἅπασαν
1595 1151 1733 1190 λάόωσι
1752 1152 1815 1199 τὴν
1833 1152 1987 1203 ποίμνην
1999 1182 2010 1201 ,
2026 1154 2097 1192 οὐδ’
2113 1153 2205 1191 οὕτω
2223 1157 2284 1192 τοῦ
2301 1167 2380 1192 ποι·

1351 1211 1452 1261 μένος
1489 1211 1718 1263 ἀφίστανται,
1752 1212 1845 1251 ἀλλὰ
1883 1215 2016 1264 μᾶλλον
2051 1212 2285 1265 ἐφεστήκασι,
2317 1215 2380 1253 καὶ

1348 1272 1454 1311 πλέον
1486 1272 1734 1324 θρασύνονται·
1760 1273 1821 1312 καὶ
1848 1276 1887 1312 οὗ
1912 1274 2080 1326 πρότερον
2104 1273 2297 1323 παύονται,
2313 1274 2381 1318 ἕως

1349 1333 1392 1370 ἂν
1411 1332 1434 1379 ἢ
1454 1333 1703 1372 καταδαλωσιν
1724 1336 1854 1373 ἐκεῖνον
1867 1363 1878 1382 ,
1893 1333 1916 1381 ἢ
1934 1336 2123 1382 νικηθῶσιν
2143 1334 2256 1374 αὐτοί.
2284 1334 2382 1387 Πρὸς

1351 1395 1387 1432 δὲ
1409 1393 1543 1438 τούτοις
1567 1394 1613 1433 τὰ
1648 1395 1710 1446 μὲν
1741 1397 1810 1434 τῶν
1844 1396 2032 1448 προὸάτων
2064 1395 2251 1446 νοσήματα
2279 1394 2380 1435 καθά-

1351 1471 1460 1502 στηκε
1481 1456 1626 1510 φανερὰ,
1649 1456 1713 1495 κᾶν
1731 1456 1834 1506 λιμὸς
1851 1450 1888 1509 ᾖ,
1907 1457 1973 1496 κᾶν
1989 1456 2124 1508 λοιμὸς,
2145 1456 2211 1495 κᾶν
2225 1459 2383 1510 τραῦμα,

1349 1518 1414 1556 κᾶν
1442 1519 1692 1566 “ὁτιδηποτοῧν
1720 1518 1837 1571 ἕτερον
1859 1512 1882 1570 ᾗ
1908 1519 1949 1558 τὸ
1963 1519 2115 1558 λυποῦν·
2132 1519 2171 1557 οὗ
2197 1517 2321 1570 μικρὸν
2341 1517 2379 1558 δὲ

1350 1584 1452 1618 τοῦτο
1476 1579 1609 1618 δύναιτ’
1624 1579 1664 1617 ἂν
1685 1579 1771 1632 πρὸς
1791 1578 1855 1626 τὴν
1870 1582 1938 1618 τῶν
1960 1579 2194 1632 ἐνοχλούντων
2213 1580 2382 1619 ἀπαλλα-

1349 1641 1427 1691 γήν.
1443 1638 1551 1679 Ἔστι
1572 1640 1608 1678 δέ
1623 1657 1658 1678 τι
1677 1641 1738 1679 καὶ
1762 1640 1880 1693 ἕτερον
1901 1640 2021 1680 τούτου
2043 1642 2181 1691 μεῖζον,
2198 1640 2240 1679 τὸ
2258 1644 2380 1680 ποιοῦν

1348 1707 1495 1754 ταχεῖαν
1510 1704 1573 1748 τῆς
1589 1702 1786 1755 ἀρρωστίας
1802 1703 1938 1749 ἐκείνης
1953 1702 2016 1749 τὴν
2036 1702 2148 1741 λύσιν.
2163 1701 2212 1741 Τί
2225 1701 2262 1740 δὲ
2278 1701 2385 1740 τοῦτό

1350 1765 1447 1810 ἐστι;
1467 1762 1570 1802 Μετὰ
1588 1765 1722 1810 πολλῆς
1748 1766 1811 1810 τῆς
1837 1763 1990 1808 ἐξουσίας
2008 1762 2313 1814 καταναγκάζουσι
2335 1763 2381 1802 τὰ

1349 1824 1511 1876 πρόὸατα
1538 1827 1569 1863 οἱ
1598 1824 1762 1875 ποιμένες
1797 1824 1961 1878 δέχεσθαι
1997 1824 2061 1872 τὴν
2092 1823 2270 1877 ἰατρείαν,
2296 1823 2381 1863 ὅταν

1351 1886 1474 1925 ἑκόντα
1502 1885 1551 1938 μὴ
1574 1886 1745 1938 ὑπομένῃ.
1765 1887 1834 1925 Καὶ
1869 1886 1937 1939 γὰρ
1972 1887 2078 1932 δῆσαι
2111 1886 2273 1934 εὔκολον,
2296 1885 2381 1925 ὅταν

1351 1951 1482 1987 καῦσαι
1500 1947 1574 2000 δέῃ,
1594 1947 1652 1986 καὶ
1674 1954 1790 1999 τεμεῖν
1819 1948 1879 1987 καὶ
1900 1946 2052 2001 φυλάξαι
2072 1946 2167 1986 ἔνδον
2181 1947 2241 1986 ἐπὶ
2255 1946 2382 2000 χρόνον

1352 2008 1459 2048 πολὺν
1472 2039 1482 2058 ,
1499 2009 1605 2057 ἡνίκα
1626 2010 1666 2047 ἂν
1686 2014 1789 2048 τοῦτο
1817 2010 1977 2061 συμφέρῃ
1991 2038 2001 2057 ,
2018 2008 2079 2047 καὶ
2100 2008 2226 2062 ἑτέραν
2244 2008 2281 2048 δὲ
2306 2010 2381 2048 ἀνθ’

1353 2071 1475 2123 ἑτέρας
1491 2068 1507 2091 ¹³
1518 2077 1755 2123 προσαγαγεῖν
1771 2071 1916 2122 τροφὴν,
1931 2070 1992 2109 καὶ
2014 2071 2244 2109 ἀποκωλῦσαι
2260 2070 2383 2121 ναμά-

1353 2149 1436 2181 των,
1454 2132 1514 2172 καὶ
1536 2132 1579 2170 τὰ
1603 2134 1693 2172 ἄλλα
1713 2133 1749 2172 δὲ
1769 2132 1906 2179 πάντα,
1939 2132 2074 2184 ὅσαπερ
2095 2131 2135 2170 ἂν
2161 2131 2381 2182 δοκιμάσωσι

1352 2194 1438 2246 πρὸς
1456 2194 1522 2241 τὴν
1532 2193 1672 2232 ἐκείνων
1691 2193 1823 2246 ὑγίειαν
1839 2192 2116 2244 συμὸάλλεσθαι,
2132 2192 2224 2243 μετὰ
2248 2194 2383 2240 πολλῆς

1356 2255 1479 2307 ἄγουσι
1498 2257 1560 2301 τῆς
1575 2254 1747 2299 εὐκολίας.

1411 2316 1485 2360 Τὰς
1513 2315 1549 2355 δὲ
1581 2319 1651 2355 τῶν
1687 2314 1879 2368 ἀνθρώπων
1915 2315 2114 2370 ἀρρωστίας
2147 2317 2286 2368 πρῶτον
2319 2315 2384 2367 μὲν

1355 2380 1418 2417 οὐκ
1434 2378 1527 2418 ἔστιν
1545 2377 1719 2431 ἀνθρώπῳ
1741 2376 1859 2430 ῥᾴδιον
1876 2378 1972 2416 ἰδεῖν·
1984 2377 2110 2422 Οὐδεὶς
2128 2377 2198 2429 γὰρ
2216 2370 2305 2417 οἶδεν
2325 2379 2386 2417 ἀν·

1357 2440 1505 2492 θρώπων
1527 2439 1572 2478 τὰ
1591 2443 1651 2478 τοῦ
1675 2439 1859 2492 ἀνθρώπου
1872 2469 1882 2487 ,
1900 2441 1929 2478 εἶ
1954 2439 2004 2490 μὴ
2024 2439 2064 2478 τὸ
2091 2443 2228 2491 πνεῦμα
2244 2443 2306 2479 τοῦ
2325 2441 2386 2478 ἀν·

1358 2501 1496 2554 θρώπου
1511 2501 1551 2540 τὸ
1567 2503 1601 2539 ἐν
1622 2502 1728 2553 αὐτῷ.
1751 2501 1834 2544 Πῶς
1854 2494 1911 2539 οὖν
1932 2515 1985 2543 τις
1999 2498 2219 2551 προσαγάγοι
2239 2501 2303 2546 τῆς
2321 2498 2384 2538 νό-

1358 2579 1419 2601 σου
1440 2563 1480 2601 τὸ
1507 2562 1694 2615 φάρμακον
1707 2591 1716 2609 ,
1737 2555 1778 2607 ἧς
1798 2561 1856 2599 τὸν
1876 2560 2004 2613 τρόπον
2026 2562 2089 2599 οὐκ
2107 2553 2196 2608 οἶδε,
2213 2559 2383 2602 πολλάκις

1357 2623 1393 2662 δὲ
1415 2623 1504 2673 μηδὲ
1519 2624 1550 2662 εἰ
1565 2623 1731 2675 τυγχάνοι
1749 2623 1857 2660 νοσῶν
1873 2621 2060 2671 δυνάμενος
2075 2621 2221 2659 συνιδεῖν
2235 2635 2245 2667 3
2262 2619 2383 2660 Ἐπει-

1356 2685 1417 2722 δὰν
1451 2684 1485 2722 δὲ
1514 2684 1574 2722 καὶ
1600 2683 1804 2735 καταφανὴς
1822 2682 1987 2734 γένηται,
2007 2681 2085 2722 τότε
2110 2681 2255 2721 πλείονα
2285 2683 2381 2734 αὐτῷ

1356 2745 1506 2798 παρέχει
1528 2744 1593 2792 τὴν
1613 2743 1811 2783 δυσκολίαν.
1828 2743 1882 2781 Οὐ
1904 2742 1972 2794 γάρ
1993 2745 2067 2781 ἐστι
2092 2742 2182 2793 μετὰ
2209 2742 2383 2791 τοσαύτης

1358 2807 1513 2851 ἐξουσίας
1538 2807 1696 2849 ἅπαντας
1728 2803 1930 2856 θεραπεύειν
1952 2803 2154 2855 ἀνθρώπους
2169 2835 2181 2855 ,
2203 2806 2278 2855 μεθ’
2297 2805 2382 2852 ὅσης

1357 2869 1396 2908 τὸ
1420 2868 1595 2921 πρόῧατον
1615 2866 1796 2916 ὁποιμήν.
1821 2866 1925 2904 'lim
1952 2865 2014 2915 μὲν
2049 2865 2116 2917 γὰρ
2145 2866 2206 2904 καὶ
2236 2867 2383 2905 ἐνταῦθα

1357 2931 1418 2969 καὶ
1435 2931 1558 2977 δῆσαι,
1572 2928 1631 2967 καὶ
1651 2930 1778 2979 τροφῆς
1804 2925 1983 2977 ἀπεῖρξαι,
2005 2926 2064 2966 καὶ
2083 2931 2232 2973 καῦσαι,
2248 2927 2309 2967 καὶ
2325 2942 2385 2966 τι·

1359 2996 1436 3041 μεῖν
1451 3006 1458 3014 ·
1478 2989 1555 3029 ἀλλ’
1577 2993 1598 3035 ἡ
1621 2987 1757 3033 ἐξουσία
1781 2991 1841 3025 τοῦ
1862 2986 2024 3031 δέξασθαι
2056 2987 2120 3034 τὴν
2148 2987 2301 3040 ἰατρείαν
2321 2988 2384 3026 οὐκ

1359 3055 1392 3091 ἐν
1417 3055 1466 3106 τῷ
1486 3051 1699 3104 προσάγοντι
1717 3049 1756 3087 τὸ
1774 3049 1992 3101 φάρμακον,“
2004 3048 2126 3087 ἀλλ’ἐν
2145 3051 2194 3101 τῷ
2214 3048 2385 3100 κάμνοντι

1359 3121 1483 3153 κεῖται.
1500 3115 1616 3153 Τοῦτο
1629 3111 1696 3164 γὰρ
1712 3111 1770 3150 καὶ
1786 3113 1804 3148 ὁ
1819 3110 2010 3160 θαυμάσιος
2023 3111 2150 3153 ἐκεῖνος
2165 3111 2254 3163 ἀνὴρ
2286 3126 2383 3149 συνι-

1416 3283 1430 3299 ·
1454 3273 1509 3305 Sic
1524 3270 1627 3305 Suvil.
1647 3278 1680 3303 et
1701 3280 1816 3302 omnes
1839 3267 1905 3300 fere
1921 3267 1999 3300 Mu.
2027 3266 2118 3303 Edit.
2145 3268 2262 3303 Mutet.
2280 3272 2350 3302 622'
2366 3275 2382 3306 ἢ

1372 3332 1399 3359 ἐν
1424 3337 1465 3367 τῲ
1491 3324 1622 3368 {Supra
1636 3322 1739 3355 Savit.
1759 3325 1928 3367 δυσχέρειαν
1948 3331 2010 3363 pro
2026 3323 2192 3356 δυσκολίαν.
2219 3321 2310 3355 luftu
2339 3332 2377 3355 cx

1372 3377 1488 3410 rodem
1509 3381 1622 3412 ,ον-ἰὼ,
1642 3374 1794 3408 dedimus
1812 3385 1872 3418 pro
1891 3374 2048 3415 amcitiam]
