2513 3871
34 656 144 684 Mnus..
173 662 217 682 ιι.

32 694 82 726 28.

29 1146 111 1185 Quid
125 1147 155 1173 in
171 1145 222 1172 hac

33 1191 90 1216 vita
118 1193 154 1215 sut

31 1230 170 1268 optabile.

33 2141 108 2170 Lm'.
124 2138 153 2166 6.
171 2137 221 2178 24.

35 2195 222 2236 Ρ»ιι1.48.6.

42 2805 113 2833 ma.
141 2803 172 2833 3.
193 2803 223 2844 4.

237 194 299 254 46

236 301 410 331 scrutator
423 289 675 341 cogitationum
695 295 727 324 et
743 285 973 323 consiliorum
990 284 1108 323 cordis
1123 294 1186 324 est.

235 356 281 391 At
296 353 442 390 sortasse
460 359 595 388 naturae
611 347 856 386 infirmitatem
872 345 1057 395 obtendes,
1076 345 1188 385 dices·

236 427 305 464 que
318 422 352 450 te
367 414 495 464 jugum
513 410 603 448 ferre
619 422 687 447 non
711 422 826 461 posse.
844 407 915 447 Sed
934 421 1096 458 quaenam
1111 407 1190 447 hoec

234 473 402 518 defensio,
417 485 527 510 suave
548 470 639 509 iltud
650 471 780 522 jugum
797 469 880 507 ferri
901 483 970 507 non
991 483 1106 521 posse,
1126 482 1189 508 nec

235 547 324 572 onus
343 534 421 572 leve
441 532 574 585 portari
592 532 610 570 Ξ)
630 545 674 569 an
694 530 814 583 gravis
827 543 1045 581 onerosaque
1067 544 1122 569 res
1139 540 1189 569 est

234 594 403 632 recreatio
422 608 442 632 a
461 593 646 632 laboribus
660 593 678 630 Ρ
691 592 745 630 Λᾶ
762 592 835 629 bcec
850 591 985 644 quippe
1006 605 1070 630 nos
1087 601 1190 630 vocat

235 655 401 694 Christus
418 655 540 693 dicens
564 670 572 690 :
602 655 734 692 Venite
749 653 802 691 ad
818 667 878 690 me
898 666 1027 691 omnes
1043 654 1113 706 qui
1129 654 1191 691 la-

236 718 382 754 boratis
400 724 437 754 et
457 717 608 753 onerati
623 718 712 752 estis
732 743 742 762 ‚
759 723 797 751 et
810 727 879 766 ego
897 714 1070 765 reficiam
1086 727 1158 752 vos
1175 729 1188 751 .·

234 777 361 815 tollite
371 779 510 830 jugum
525 789 649 814 meum
664 788 777 826 super
789 787 875 822 vos,
887 783 923 812 et
938 775 1074 813 discite
1087 788 1114 812 a
1132 789 1192 813 me

233 840 327 890 quia
338 841 441 876 miu’s
451 852 535 876 sum
554 846 588 876 et
604 836 759 875 humilis
778 836 891 874 corde
905 838 1069 888 :jugum
1085 839 1189 874 enim

233 912 357 936 meum
370 912 490 936 suave
502 907 570 944 est,
583 906 618 935 et
630 910 727 935 onus
743 910 868 935 meum
881 897 971 935 let-e.
984 896 1083 943 Quid
1095 897 1190 935 enim

231 958 360 1007 levius,
375 959 433 998 dic
452 959 672 1010 milii,quam
690 957 803 1003 curis,
821 957 986 1009 negotiis,
1001 957 1194 996 timoribus

233 1030 266 1059 et
281 1020 466 1059 laboribus
481 1020 606 1067 eximi,
616 1020 662 1057 ab
676 1019 784 1071 hujus
797 1019 880 1057 vitre
894 1019 1062 1058 fluctibus
1077 1032 1191 1071 segre-

236 1081 328 1133 gari,
346 1091 379 1119 et
395 1082 430 1120 in
451 1081 645 1132 tranquillo
665 1090 769 1132 portu
785 1079 912 1129 degere
924 1080 942 1117 ἰ’

288 1145 327 1182 5.
348 1142 446 1189 Quid
462 1142 496 1180 in
515 1143 583 1180 hoc
605 1140 739 1179 mundo
763 1141 902 1178 felicius
918 1140 982 1178 tibi
997 1139 1142 1178 videtur
1159 1150 1193 1179 et

234 1203 429 1256 optabilius
451 1203 468 1240 Ξ)
496 1202 740 1254 Principatum
772 1200 866 1238 haud
898 1200 1010 1238 dubie
1034 1201 1130 1239 dices
1159 1211 1193 1239 et

233 1263 380 1302 divitias
413 1264 614 1313 bonamque
643 1262 741 1314 apud
769 1261 929 1299 homines
948 1262 1091 1299 famam.
1117 1263 1190 1301 Sed

233 1325 319 1375 quid
337 1323 392 1362 his
409 1323 644 1361 miserabilius
660 1331 722 1365 est,
736 1321 765 1358 si
782 1321 1066 1377 Christianorum
1081 1322 1193 1359 liber-

233 1384 296 1422 tati
317 1383 701 1436 comparemini-mam
722 1382 887 1434 princeps
907 1382 1017 1419 furori
1039 1383 1192 1434 populo-

233 1459 312 1482 rum
323 1445 482 1497 subjacet
494 1445 671 1494 brutoque
688 1441 932 1480 multitudinis
951 1442 1194 1494 impetui‚ma·

229 1507 350 1558 jorum
371 1505 580 1558 principum
600 1503 734 1552 timori,
750 1502 989 1541 sollicitudini
1006 1517 1088 1556 erga
1105 1503 1192 1542 sub-

231 1567 327 1606 ditos
342 1583 349 1604 :
362 1581 403 1605 ac
417 1568 477 1618 qui
502 1566 576 1604 lieri
595 1566 761 1617 princeps
781 1574 854 1602 erat
870 1594 880 1613 ‚
901 1564 1008 1603 hodie
1029 1565 1193 1618 privatus

233 1628 495 1667 efficiturzliaec
517 1627 651 1680 quippe
679 1627 752 1665 vita
781 1625 872 1663 nihil
898 1640 917 1664 a
941 1640 1045 1664 scena
1057 1625 1190 1665 dissert.

234 1690 326 1728 Nam
344 1698 383 1727 ut
401 1689 452 1727 ibi
472 1688 531 1726 liic
549 1688 791 1740 imperatoris,
805 1686 866 1725 ille
881 1686 998 1732 ducis,
1011 1687 1101 1725 alter
1123 1688 1192 1726 mi-

234 1751 308 1790 litis
323 1751 447 1803 implet
468 1750 628 1788 osticium
642 1765 650 1785 z
664 1749 802 1801 vesperi
821 1757 939 1786 autem
955 1763 1019 1787 nec
1043 1749 1195 1802 impera·

234 1821 302 1857 tor,
317 1812 378 1863 qui
392 1811 586 1863 imperator
597 1819 686 1857 erat,
704 1808 853 1848 necdux
865 1809 927 1860 qui
942 1809 1033 1855 dux,
1047 1824 1110 1848 nec
1125 1811 1195 1848 mi-

234 1873 286 1911 les
299 1872 359 1924 qui
373 1873 476 1910 miles
489 1879 758 1920 erat,remanet:
771 1870 820 1908 sic
833 1879 867 1909 et
883 1871 916 1907 in
932 1870 990 1908 die
1006 1871 1078 1918 illa,
1093 1885 1160 1909 non
1175 1886 1194 1909 a

235 1947 400 1986 persona,
412 1933 472 1972 sed
487 1933 533 1971 ab
546 1931 714 1985 operibus
731 1931 877 1982 dignam
893 1932 1044 1983 quisque
1058 1947 1195 1971 merce-

235 1995 319 2034 dem
334 1995 496 2046 accipiet.
515 1997 561 2032 At
576 1992 689 2044 gloria
705 1992 862 2030 fortassis
877 1993 911 2030 in
929 1995 1042 2045 pretio
1059 1993 1196 2032 liaben-

237 2055 297 2100 da,
307 2069 384 2107 quoe
396 2055 491 2094 cadit
503 2064 682 2105 tamquam
695 2054 758 2092 llos
772 2053 1098 2101 soeni?Atd1vitiae,
1109 2069 1198 2106 quas

238 2118 299 2169 qui
316 2116 496 2169 possident
511 2116 630 2154 miseri
655 2115 926 2167 praedicantur?
945 2117 1028 2162 Vae,
1050 2116 1165 2166 inquit
1185 2145 1195 2163 ,

238 2179 422 2218 divitibus
432 2193 445 2222 ;
455 2186 487 2215 et
503 2177 644 2224 iterum,
657 2178 721 2214 l'ae
735 2179 803 2227 qui
816 2177 1063 2228 considuntin
1076 2180 1198 2215 virtu-

239 2247 274 2278 te
296 2252 382 2284 sua,
396 2247 428 2275 el
453 2241 494 2275 in
519 2236 768 2275 multitudine
789 2237 1013 2275 divitiarum
1038 2251 1198 2276 suarum

235 2301 470 2353 gloriantur.
492 2299 718 2337 Christianus
744 2311 939 2349 numquam
962 2313 1006 2337 ex
1037 2299 1198 2352 principe

239 2361 400 2414 privatus
413 2359 589 2408 eflicitur,
608 2373 670 2397 nec
694 2372 829 2411 pauper
853 2373 898 2396 ex
915 2359 1031 2398 divite
1047 2389 1057 2407 ,
1074 2373 1137 2398 nec
1155 2373 1198 2398 ex

238 2422 394 2474 glorioso
424 2420 697 2472 ingloi·ius;scd
718 2420 753 2457 in
785 2419 925 2458 divitiis
952 2430 1070 2459 manet
1092 2421 1198 2459 etiam

238 2498 321 2522 cum
333 2482 522 2529 mendicat,
531 2490 565 2520 et
579 2482 728 2532 erigitur
741 2495 820 2519 cuin
833 2495 906 2518 sese
919 2481 1118 2534 deprimere
1129 2491 1201 2520 sat-

238 2545 325 2596 agit,
335 2554 368 2583 et
381 2558 475 2591 eum,
492 2558 596 2594 quem
611 2543 761 2591 obtinet,
784 2543 1036 2595 principatum,
1054 2558 1122 2582 non
1138 2543 1202 2582 lio-

241 2605 462 2653 minum,sed
479 2605 700 2658 principum,
712 2604 774 2656 qui
789 2613 871 2642 sunt
886 2605 954 2643 sub
969 2614 1140 2657 potestate
1149 2619 1202 2644 re-

241 2667 349 2705 ctoris
382 2667 605 2705 tenebrarum
622 2696 630 2712 ‚
653 2665 774 2703 nullus
801 2665 869 2718 ipsi
904 2675 1015 2718 potest
1049 2667 1200 2704 auferre.

243 2728 415 2779 Legitima
435 2742 488 2765 res
513 2737 564 2766 est
584 2727 791 2779 conjugium
810 2758 817 2768 ,
837 2726 873 2765 id
902 2740 967 2778 ego
989 2727 1193 2777 confiteor;

242 2790 483 2828 Honor-abile
496 2789 589 2826 enim
610 2798 663 2826 est
682 2790 932 2838 connubia-n,
947 2797 982 2826 et
1003 2797 1114 2826 torus
1132 2792 1201 2826 im·

241 2852 460 2890 maculatus
479 2851 765 2902 :fornicatores
787 2858 916 2888 autem
939 2859 975 2888 ec
995 2850 1200 2888 adulteros
1230 2863 1254 2890 ι’,

237 2914 433 2972 J'udicabit
454 2913 573 2952 Dens.
589 2911 659 2949 sed
683 2911 747 2948 tibi
762 2912 836 2963 jam
859 2925 927 2949 non
949 2920 1001 2949 est
1021 2911 1199 2962 integrum

239 2975 320 3029 jura
337 2973 505 3013 connubii
525 2986 681 3010 servare.
700 2971 791 3009 Eum
810 2971 992 3023 enim,qui
1011 2971 1119 3010 semel
1134 2986 1202 3009 cte·

244 3035 321 3073 lesti
336 3048 462 3087 sponso
477 3034 618 3086 junctus
635 3041 701 3080 est,
715 3032 741 3069 si
758 3033 802 3069 al»
822 3047 861 3070 eo
875 3033 1068 3070 divellatur
1087 3041 1119 3069 ct
1135 3032 1202 3070 ‹lu-

245 3104 301 3133 (ιιι
335 3108 480 3133 uxorem
501 3124 510 3138 ,
535 3093 750 3132 adulterium
776 3093 937 3131 amittere
962 3101 1097 3131 certum
1123 3101 1199 3142 est,

242 3155 406 3209 quamvis
428 3156 558 3195 millies
585 3155 650 3193 lioc
673 3155 790 3209 ipsum
814 3154 956 3209 nuptias
978 3168 1106 3205 voccs3
1130 3154 1201 3192 imo

287 3262 304 3287 (Ι
330 3261 406 3294 Mss.
434 3265 482 3295 tat
502 3266 632 3305 poprie».
654 3260 692 3291 In
712 3258 814 3294 Suvil.
833 3267 860 3291 ct
879 3258 994 3293 Morel.
1012 3264 1062 3293 καί
1077 3256 1182 3291 deest.

287 3321 298 3334 ‘
321 3312 423 3347 Snvil.
453 3320 486 3345 et
514 3311 582 3343 «luo
600 3312 674 3344 Mss.
707 3315 783 3354 ὑμᾶς
802 3323 807 3328 ·
826 3316 874 3345 καὶ
898 3316 986 3346 πὰὶιν
1003 3335 1012 3350 ,
1030 3317 1138 3355 ipati.
1163 3308 1253 3341 Infra

245 3379 329 3400 unus
343 3369 503 3414 φροντίδι-ιν
514 3371 662 3407 βιωτικῶν
679 3369 726 3397 καὶ
741 3369 927 3407 πραγμάτων
944 3369 990 3398 καὶ
1007 3367 1101 3409 pacm
1117 3367 1250 3404 καθημε-

243 3431 342 3466 prais-2.
373 3417 474 3453 Saxil.
507 3419 584 3450 item
610 3415 707 3449 tuntwi
736 3422 939 3461 ιαθημιρινῶν
957 3423 1033 3460 post.
1051 3421 1156 3462 φίξων.
1177 3415 1187 3457 [
1211 3416 1250 3446 tit

662 206 698 235 S.
735 203 919 236 JOANMS
955 203 1196 234 cttttYSOST.
1238 203 1443 237 ARcmEP.
1481 204 1837 237 CONSTAN‘HNOP.

1263 287 1321 336 γία
1331 318 1340 333 ,
1356 288 1454 338 ζυγὸν
1469 288 1518 338 μὴ
1534 289 1675 339 ἷο-χῧσαι
1689 287 1746 326 τὸν
1764 285 1917 339 χρηστὸν
1932 287 2083 338 ἐνεγκεῖν
2098 317 2106 333 ,
2118 287 2133 308 ‘¹
2145 287 2285 339 φορτίον

1264 348 1314 398 μὴ
1345 351 1533 396 δυνηθῆναι
1553 348 1731 400 βαστάσαι
1759 348 1798 386 τὸ
1822 347 1996 400 &tropon
2026 347 2114 400 βαρὺ
2136 354 2285 401 πρᾶγμα

1263 409 1322 448 καὶ
1340 410 1501 462 φορτικὸν
1517 414 1540 457 ἡ
1553 413 1622 448 τῶν
1633 409 1751 447 κόπων
1766 407 1955 454 ἀνάκτησις
1970 423 1980 454 ;
1998 407 2083 447 Ἐπὶ
2095 413 2206 448 ταῦτα
2218 409 2287 462 γὰρ

1263 471 1379 510 πάντα
1398 473 1497 510 καλεῖ
1513 475 1531 510 ὁ
1546 470 1694 524 Χριστὸς
1708 469 1818 520 λέγων
1837 485 1843 492 ·
1864 471 1973 508 Δεῦτε
1992 469 2078 520 πρός
2097 486 2141 520 με
2159 470 2287 514 πάντες

1264 535 1295 571 οἱ
1324 535 1513 576 κοπιῶντες
1544 532 1603 570 καὶ
1632 530 1901 583 πεφορτισμένοι
1921 559 1931 576 ,
1960 529 2060 581 κάγὼ
2092 531 2288 569 ἀναπαύσω

1262 598 1276 612 ⁰
1295 596 1398 645 ὑμῖς·
1419 593 1526 645 ἄρατε
1546 595 1603 631 τὸν
1623 591 1722 642 ζυγόν
1753 607 1818 641 μου
1854 593 1905 643 ἐφ’
1935 594 2025 641 ὑμᾶς
2038 619 2048 636 ,
2069 590 2129 629 καὶ
2159 591 2289 641 μάθετε

1264 655 1326 693 ἀπ’
1347 657 1451 705 ἁμοῦ,
1471 655 1524 692 ὅτι
1547 655 1655 707 πρᾶός
1677 656 1749 704 εἰμι
1774 652 1835 690 καὶ
1854 653 2015 696 ταπεινὸς
2033 655 2077 704 τῇ
2098 651 2226 704 καρδίᾳ
2240 667 2248 676 ·
2270 655 2290 692 ὁ

1266 716 1335 769 γὰρ
1357 717 1455 766 ζυγός
1475 732 1541 767 μου
1560 715 1724 767 χρηστὸς,
1745 714 1805 752 καὶ
1824 717 1863 752 τὸ
1881 713 2019 767 φορτίον
2040 728 2106 764 μου
2127 712 2287 765 ἐλαφρόν.

1264 778 1312 817 Τί
1343 778 1411 829 γὰρ
1430 776 1679 830 ἐλαφρότερον,
1712 774 1788 812 εἱτέ
1819 791 1892 825 μοι,
1916 779 1976 813 τοῦ
2009 774 2199 827 φροντίδων
2226 772 2288 812 καὶ

1266 839 1487 890 πραγμάτιον
1500 839 1558 876 καὶ
1567 838 1682 890 φόέἶων
1699 838 1955 888 καῡημερινῶν,
1967 836 2027 874 καὶ
2038 835 2154 874 πόνων
2173 835 2288 882 ἀπηλ-

1266 900 1418 951 λάχθαι,
1448 899 1570 944 ἔξωθεν
1594 898 1629 936 δὲ
1652 901 1720 936 τῶν
1746 903 1806 936 τοῦ
1830 898 1905 949 βίου
1934 896 2100 948 κυμάτων
2123 895 2289 944 ἑστάναι,

1268 963 1328 999 καὶ
1345 962 1379 998 ἐν
1395 959 1496 1011 εὐδίῳ
1511 960 1643 1010 διάγειν
1661 958 1798 1010 λιμένι;

1320 1135 1354 1171 Τ
1357 1132 1367 1170 ι’
1387 1147 1440 1170 σοι
1461 1132 1554 1171 δοκεῖ
1584 1134 1653 1170 τῶν
1685 1135 1719 1171 ἐν
1739 1132 1862 1185 κόσμῳ
1882 1132 2098 1184 μακαριστὸν
2123 1124 2209 1170 εἶναι
2230 1131 2290 1170 καὶ

1269 1193 1447 1240 ζηλωτόν,
1474 1192 1602 1245 Ἀρχὴν
1626 1193 1765 1236 πάντως
1785 1195 1872 1244 ἐρεῖς
1902 1193 1963 1231 καὶ
1982 1195 2131 1232 πλοῦτον
2161 1193 2221 1230 καὶ
2250 1191 2292 1231 τὸ

1268 1253 1366 1305 παρὰ
1386 1252 1579 1304 ἀνθρώποις
1608 1254 1815 1304 εὐδοκιμεῖν.
1839 1253 1908 1292 Καὶ
1940 1253 1973 1291 τί
2005 1253 2135 1292 τούτων
2155 1252 2290 1292 ἀθλιώ-

1267 1329 1385 1366 τερον,
1398 1313 1481 1352 ὅταν
1500 1314 1587 1366 πρὸς
1609 1313 1671 1360 τὴν
1692 1315 1914 1365 Χριστιανῶν
1931 1314 2128 1366 ἐλευθερίαν
2143 1314 2291 1367 συγκρί-

1270 1391 1372 1422 νηται
1383 1390 1390 1415 ;
1403 1374 1449 1414 Ὁ
1467 1374 1529 1425 μὲν
1544 1374 1613 1426 γὰρ
1630 1375 1749 1426 ἄρχων
1765 1375 1886 1425 δήμων
1903 1375 2086 1413 ὑπόκειται
2102 1378 2216 1428 Ουμῷ,
2231 1374 2293 1414 καὶ

1267 1436 1419 1483 πλήθους
1438 1439 1563 1489 ὁρμαῖς
1579 1435 1728 1488 ἀλόγοις,
1746 1435 1843 1489 φόὸῳ
1858 1451 1896 1474 τε
1917 1435 2096 1489 ἀρχόντων
2113 1435 2296 1487 μειζόνων,

1267 1498 1328 1537 καὶ
1346 1504 1422 1542 ταῖς
1450 1496 1537 1549 ὑπὲρ
1564 1500 1632 1535 τῶν
1653 1497 1859 1549 ἀρχομένων
1885 1496 2056 1550 φροντίσι,
2087 1497 2148 1536 καὶ
2176 1501 2196 1537 ὁ
2213 1497 2295 1550 χθὲς

1267 1560 1386 1613 ἅρχων
1407 1559 1558 1611 σήμερον
1579 1557 1720 1605 ἰδιώτης
1740 1574 1747 1581 ·
1778 1560 1909 1605 σκηνῆς
1932 1558 2000 1611 γὰρ
2019 1558 2115 1598 οὐδὲν
2134 1562 2152 1597 ὁ
2171 1558 2296 1612 παρὼν

1267 1621 1444 1672 διενήνοχε
1468 1620 1540 1670 βίος
1557 1635 1564 1642 ·
1592 1618 1683 1657 ἀλλὰ
1700 1619 1857 1671 καθάπερ
1879 1621 1950 1657 ἐκεῖ
1969 1619 2141 1670 βασιλέως
2159 1619 2223 1669 μὲν
2238 1613 2294 1657 οὗ·

1267 1697 1336 1729 τος,
1349 1685 1546 1733 στρατηγοῦ
1563 1680 1599 1719 δὲ
1619 1682 1765 1730 ἐκεῖνος,
1784 1680 1898 1732 ἕτερος
1912 1680 1948 1718 δὲ
1966 1680 2182 1733 στρατιώτου
2198 1680 2295 1726 τάξιν

1267 1745 1415 1794 πληροῖ,
1435 1746 1497 1790 τῆς
1524 1743 1559 1781 δὲ
1588 1742 1738 1794 ἑσπέρας
1770 1741 2058 1789 καταλαὸούσης,
2091 1741 2169 1780 οὔτε
2192 1745 2293 1793 βασι·

1267 1803 1345 1848 λεὺς
1362 1807 1379 1842 ὁ
1399 1804 1560 1856 βασιλεὺς
1572 1835 1581 1852 ,
1601 1804 1678 1843 οὔτε
1693 1804 1810 1855 ἅρχων
1826 1806 1844 1842 ὁ
1860 1803 1997 1855 ἄρχιιιν,
2016 1803 2124 1842 οὔτεὸ
2140 1818 2296 1855 στρατη-

1269 1865 1328 1917 γὸς
1343 1865 1553 1917 στρατηγὸς,
1568 1865 1656 1904 οὕτω
1671 1864 1731 1903 καὶ
1749 1867 1782 1903 ἐν
1800 1864 1914 1914 ἐκείνῃ
1931 1868 1973 1915 τῇ
1989 1865 2107 1918 ἡμέρα
2119 1895 2128 1913 ,
2145 1867 2206 1904 οὐκ
2225 1864 2297 1904 ἀπὸ

1271 1931 1330 1965 τοῦ
1345 1925 1552 1979 προσώπου,
1573 1929 1649 1965 ἀλλ’
1668 1926 1737 1964 ἀπὸ
1753 1929 1821 1964 τῶν
1842 1925 1952 1978 ἔργων
1973 1925 2122 1969 ἕκαστος
2142 1925 2297 1978 λήψεται

1271 1988 1334 2035 τὴν
1354 1988 1452 2032 ἀξίαν
1473 1989 1636 2039 ἀμοιὸήν.
1653 1988 1758 2027 Ἀλλὰ
1775 1987 1853 2032 δόξα
1873 1987 2003 2038 τίμιον,
2021 1988 2060 2026 τὸ
2074 1993 2296 2026 καταπίπτον

1271 2052 1317 2093 ὡς
1345 2051 1444 2093 ἄνθος
1470 2049 1613 2102 χόρτου;
1636 2050 1740 2088 Ἀλλὰ
1760 2051 1910 2092 πλοῦτος
1931 2077 1941 2095 ,
1967 2048 2003 2086 ὃν
2034 2051 2065 2087 οἱ
2087 2048 2297 2099 κεκτημένοι

1272 2111 1532 2158 ταλανίζονται;
1555 2111 1646 2149 Οὐαὶ
1665 2111 1732 2162 γὰρ
1747 2141 1756 2158 ,
1786 2110 1882 2162 φησι,
1906 2115 1975 2152 τοῖς
2010 2109 2207 2154 πλουσίοις·
2234 2109 2297 2148 καὶ

1273 2174 1391 2219 πάλιν,
1407 2172 1498 2211 Οὐαὶ
1515 2175 1546 2210 οἱ
1566 2171 1770 2214 πεποιθότες
1790 2171 1849 2210 ἐπὶ
1869 2174 1912 2222 τῇ
1934 2170 2079 2221 δυνάμει
2098 2170 2299 2219 αὐτῶν,κα“ι

1274 2235 1332 2272 ἐπὶ
1363 2237 1413 2286 τῷ
1446 2235 1571 2281 πλήθει
1602 2237 1662 2271 τοῦ
1683 2232 1834 2271 πλούτου
1861 2234 1972 2271 αὐτῶν
1994 2232 2231 2286 καυχώμενοι.
2250 2231 2296 2270 Ὁ

1276 2296 1485 2347 Χριστιανὸς
1515 2296 1678 2334 οὐδέποτε
1711 2294 1746 2338 ἐξ
1777 2294 1942 2347 ἄρχοντος
1972 2294 2112 2340 ἰδιιῖιτης
2142 2294 2300 2346 γίνεται,

1274 2356 1350 2394 οὐδὲ
1370 2357 1441 2396 ἀπὸ
1458 2356 1624 2395 πλουσίου
1643 2356 1762 2403 πένης,
1790 2354 1868 2393 οὐδὲ
1899 2355 2017 2400 ἄδοξος
2045 2356 2115 2395 ἀπὸ
2138 2355 2273 2400 ἐνδόξου
2288 2370 2297 2379 ·

1275 2419 1365 2457 ἀλλὰ
1383 2418 1479 2469 μένει
1494 2419 1655 2457 πλουτῶν
1672 2418 1756 2457 ὅταν
1774 2417 1956 2469 πτωχεύῃ,
1975 2418 2034 2456 καὶ
2050 2419 2201 2469 ὑψοῦται
2215 2416 2300 2456 ὅταν

1277 2485 1462 2519 ταπεινοῦν
1482 2480 1604 2518 ἑαυτὸν
1634 2479 1811 2530 σπουδάζῃ
1832 2495 1840 2502 ·
1861 2478 1920 2517 καὶ
1947 2481 2011 2524 τ’ἧς
2033 2481 2146 2531 ἀρχῆς
2171 2473 2214 2524 ἧς
2234 2479 2299 2530 ἄρ-

1275 2559 1345 2596 χει,
1363 2545 1424 2581 οὐκ
1441 2541 1649 2594 ἀνθρώπων,
1666 2539 1756 2579 ἀλλὰ
1772 2543 1839 2578 τῶν
1852 2545 1866 2561 ⁰
1880 2540 2059 2593 ἀρχόντων
2074 2543 2136 2586 τῆς
2147 2539 2300 2584 ἐξουσίας

1275 2608 1334 2643 τοῦ
1353 2602 1634 2654 κοσμοκράτορας
1648 2604 1707 2639 τοῦ
1731 2600 1885 2646 σκότους,
1899 2601 2008 2644 οὐδεὶς
2024 2601 2126 2639 αὐτὸν
2138 2601 2300 2653 παραλῦ-

1276 2681 1336 2704 σαι
1353 2665 1508 2703 δύναται.
1522 2664 1665 2705 Δίκαιος
1678 2661 1815 2712 ὁγοίμος
1832 2690 1842 2706 ,
1857 2663 2021 2714 σύμφημι
2035 2661 2133 2712 κάγώ
2148 2677 2157 2686 ·
2172 2661 2300 2712 Τίμιος

1275 2726 1355 2778 γὰρ,
1371 2724 1488 2777 φησὶν,
1506 2727 1524 2762 ὁ
1536 2726 1660 2774 γάμος,
1673 2722 1762 2769 καὶὴ
1776 2722 1875 2768 κοίτη
1897 2723 2063 2772 ἀμίαντος
2074 2738 2081 2746 ·
2101 2723 2246 2776 πόρνους
2263 2722 2300 2762 δὲ

1277 2787 1336 2825 καὶ
1356 2785 1499 2838 μοιχοὺς
1520 2790 1628 2838 κρινεῖ
1647 2787 1665 2822 ὁ
1684 2784 1774 2827 (θεός
1793 2798 1800 2806 ·
1822 2784 1877 2822 σοὶ
1898 2785 1933 2822 δὲ
1954 2784 2068 2822 οὐκέτι
2089 2783 2235 2822 δυνατὸν
2254 2785 2300 2822 τὰ

1278 2849 1396 2886 δίκαια
1417 2851 1477 2886 τοῦ
1497 2848 1610 2898 γάμου
1630 2845 1789 2898 φυλάξαι.
1809 2846 1880 2884 Τὸν
1898 2846 1965 2897 γὰρ
1982 2845 2176 2897 ἐπουρανίῳ
2196 2861 2300 2884 συνα·

1278 2909 1405 2961 φῡέντα
1419 2908 1568 2960 νυμφίῳ,
1584 2911 1704 2945 τοῦτον
1719 2906 1781 2957 μὲν
1798 2908 1954 2957 ἀφεῖναι,
1970 2906 2109 2957 γυναικὶ
2126 2907 2160 2945 δὲ
2178 2906 2303 2946 ἑαυτὸν

1278 2969 1449 3021 συνάψαι,
1483 2967 1625 3020 μοιχεία
1662 2966 1701 3005 τὸ
1728 2973 1876 3019 πρᾶγμα
1892 2996 1901 3014 ,
1937 2967 2000 3004 κᾶν
2036 2967 2197 3020 μυριάκις
2218 2967 2306 3007 αὐτὸ

1279 3030 1391 3082 γάμον
1403 3031 1523 3080 καλῇς·
1538 3029 1670 3077 μᾶλλον
1686 3027 1720 3066 δὲ
1735 3028 1793 3065 καὶ
1807 3027 1966 3079 μοιχείας
1983 3028 2135 3080 τοσούτῳ
2154 3028 2283 3067 δεινότε

1282 3107 1357 3145 ρον,
1390 3090 1462 3144 ὅσῳ
1500 3089 1666 3142 κρείττων
1719 3088 1911 3140 ἀνθρώπων
1960 3089 2062 3132 (θεός.
2098 3090 2229 3136 Μηδεὶς
2260 3105 2298 3128 σε

1281 3153 1451 3191 ἀπατάτω
1480 3153 1591 3202 λέγων
1609 3166 1615 3173 ·
1634 3155 1758 3200 γαμεῖν
1776 3151 1836 3188 οὐκ
1853 3150 2025 3189 ἐκώλυσεν
2041 3152 2059 3188 ὁ
2078 3150 2181 3194 Θεός.
2207 3144 2299 3190 Οἶδα

1292 3268 1352 3289 nos
1372 3254 1568 3298 recepimus,
1588 3255 1598 3297 ]

1335 3317 1348 3333 ⁸
1371 3313 1378 3352 1
1402 3306 1504 3341 Savil.
1523 3312 1678 3352 ἀρχόντων
1694 3316 1750 3339 τῶν
1770 3310 1825 3341 ὑπ’.
1842 3312 1895 3346 τὴν
1914 3311 2044 3345 ἕξουσί-ιν
2069 3312 2120 3340 τοῦ
2147 3320 2236 3347 ›rozu-
2259 3305 2299 3339 [sq

1291 3360 1374 3392 iutra
1392 3363 1478 3397 1⁷)>7‚·
1497 3364 1509 3392 ὁ
1528 3365 1632 3401 γάμος.
1661 3368 1666 3397 1
