2549 3825
606 283 650 313 ΙΝ
686 283 769 314 Eos
805 283 880 325 QUt
916 282 1085 314 Pascua
1122 284 1364 315 JEJUNANT.
1403 285 1586 316 CONTRA
1623 286 1719 317 JUD.
1759 286 1821 316 nt.

2140 274 2232 333 747

193 367 334 419 δραμὼν
347 366 460 406 τᾶλλα
472 366 551 413 ,τὸν
569 365 714 419 σταυρὸν
729 366 893 406 τέθεικεν,
910 366 1031 406 Εἰπὼν
1048 367 1130 419 γὰρ,
1142 366 1214 406 Οῧ-
1237 371 1259 401 Β
1285 377 1413 406 autem
1430 371 1633 407 caritatem
1652 383 1765 408 suam
1785 370 1891 408 Deus
1911 382 2002 421 erga
2023 383 2092 408 nos
2111 374 2121 406 Ξ
2138 384 2236 422 quo-

190 445 256 474 τως
267 429 451 481 ἠγάπησεν
467 431 485 467 ὃ
502 428 594 471 Θεὸς
607 428 665 466 τὸν
682 427 833 478 κόσμον,
846 430 1035 482 ἐπήγαγεν,
1050 429 1136 468 tlOtr.
1154 429 1213 468 τὸν

191 494 358 542 μονογενῆ
381 492 484 528 αὐτοῦ
512 489 594 528 Υἱὸν
613 487 739 527 ἔδωκεν
767 489 823 528 ἵνα
849 494 1054 542 σταυρωθῇ,
1071 491 1128 528 ἵνα
1144 497 1214 533 πᾶς

186 554 206 590 ὁ
224 552 398 589 πιστεύων
420 553 468 594 εἷς
495 550 597 588 αὐτὸν
634 549 682 600 μὴ
704 549 900 598 ἀπόληται,
927 551 1006 589 ἀλλ’
1026 550 1091 603 ἔχῃ
1120 551 1211 598 ζωὴν

188 611 340 650 αἰώνιον.
364 613 409 651 Εἰ
428 611 541 650 τοίνυν
563 610 704 662 ἀγάπης
728 611 890 654 ὑπόθεσις
915 612 974 650 καὶ
1003 611 1175 664 καύχημα
1193 614 1212 649 ὃ

186 673 358 724 σταυρὸς,
381 674 429 723 μὴ
459 673 617 723 λέγωμεν
641 672 695 710 ὅτι
721 673 764 710 δι’
798 673 901 710 αὐτὸν
932 677 1123 722 πενθοῧμεν
1142 686 1150 695 ·
1173 674 1211 710 οὗ

186 733 254 785 γὰρ
283 738 474 785 πενθοῦμεν
503 734 549 771 δι’
576 736 729 781 ἐκεῖνον,
759 733 808 783 μὴ
846 733 1001 784 γένοιτο,
1030 732 1121 771 ἀλλὰ
1153 733 1209 770 διὰ

186 795 230 832 τὰ
248 797 359 834 οἰκεῖα
373 794 628 847 ἁμαρτήματα.
646 794 715 832 Διὰ
727 798 827 834 τοῦτο
841 793 1066 843 νηστεύομεν.

234 1148 279 1188 Ὁ
298 1151 379 1201 γοῦν
399 1149 661 1202 κατηχούμενος
680 1149 845 1188 οὐδέποτε
873 1149 997 1202 πάσχα
1027 1149 1202 1196 ἐπιτελεῖ,

181 1210 296 1249 καίτοι
315 1211 491 1259 νηστεύων
513 1213 590 1249 κατ’
612 1210 789 1258 ἐνιαυτὸν,
804 1211 923 1257 ἐπειδὴ
946 1218 1146 1264 προσφορᾶς
1167 1213 1204 1250 οὗ

181 1277 357 1320 κοινωνεῖ,
375 1274 495 1323 ὥσπερ
523 1266 580 1310 οὖν
611 1272 669 1309 καὶ
689 1275 707 1311 ὁ
726 1271 776 1322 μὴ
806 1271 1007 1320 νηστεύων,
1042 1272 1082 1309 ἂν
1114 1273 1206 1323 μετὰ

181 1335 335 1384 καθαροῦ
355 1333 529 1386 προσέλθῃ
561 1332 751 1376 συνειδότος
766 1361 777 1382 ,
799 1333 924 1384 πάσχα
943 1335 1116 1380 ἐπιτελεῖ,
1139 1333 1204 1372 κᾶν

181 1393 358 1444 σήμερον,
389 1392 454 1432 κᾶν
483 1393 623 1444 αὔριον,
653 1392 716 1431 κᾶν
750 1396 913 1432 ὁποτεοῦν
947 1394 1108 1446 μετάσχῃ
1143 1397 1205 1441 τῆς
1226 1405 1249 1436 C

180 1454 376 1498 κοινωνίας.
394 1456 448 1492 Οὐ
470 1453 538 1507 γὰρ
568 1456 603 1492 ἐν
629 1454 875 1506 παρατηρήσει
902 1456 1052 1506 καιρῶν,
1075 1457 1151 1493 ἀλλ’
1168 1457 1203 1494 ἐν

180 1514 350 1553 συνειδότι
365 1517 507 1566 καθαρῷ
521 1518 543 1561 ἡ
561 1516 685 1566 ἀρίστη
703 1515 859 1567 κρίνεται
879 1515 1061 1568 πρόσοδος.
1080 1514 1205 1566 Ἡμεῖς

179 1575 214 1614 δὲ
234 1575 431 1614 τούναντίον
454 1580 636 1627 ποιοῦμεν.
657 1577 733 1623 Τὴν
758 1576 819 1626 μὲν
840 1576 993 1614 διάνοιαν
1013 1577 1050 1614 οὔ
1077 1577 1204 1615 καθαί-

180 1652 306 1687 ρομεν,
324 1640 355 1675 εἰ
376 1637 412 1675 δὲ
440 1640 484 1688 τῇ
516 1637 635 1690 ἡμέρᾳ
661 1637 915 1688 προσέλθωμεν
949 1637 1088 1687 ἐκείνῃ,
1103 1637 1205 1687 νομί-

178 1698 281 1747 ζομεν
300 1697 424 1749 πάσχα
448 1699 640 1745 ἐπιτελεῖν,
665 1697 730 1735 κᾶν
750 1697 881 1749 μυρίων
902 1697 1067 1748 γέμωμεν
1088 1698 1204 1750 ἆμαρ-

176 1757 361 1808 τημάτων.
381 1759 472 1796 Ἀλλ’
506 1759 569 1797 οὒκ
597 1758 672 1796 ἔστι
703 1763 838 1805 ταῦτα,
869 1761 933 1796 οὐκ
964 1758 1058 1796 ἔστιν
1075 1788 1085 1806 ,
1112 1759 1202 1798 ἀλλὰ

176 1820 240 1858 κᾶν
261 1821 296 1858 ἐν
329 1822 424 1873 αὐτῷ
443 1823 493 1869 τῷ
520 1820 690 1873 σαὸὅάτῳ
719 1819 914 1873 προσέλθῃς
934 1819 1022 1870 μετὰ
1047 1823 1202 1872 πονηροῦ

177 1881 390 1929 συνειδότος,
421 1880 581 1926 ἐξέπεσες
613 1884 676 1927 τῆς
705 1880 913 1929 κοινωνίας,
937 1882 1111 1929 ἀπῆλθες,
1141 1883 1203 1920 οὐκ

175 1941 382 1987 ἐπιτελέσας
402 1942 441 1981 τὸ
465 1942 590 1996 πάσχα
605 1958 612 1966 ·
632 1943 754 1995 ὥσπερ
775 1935 833 1980 οῧν
856 1941 920 1979 κᾶν
954 1941 1108 1994 σήμερον
1129 1958 1204 1981 κοι-

175 2006 308 2056 νωνῇς,
335 2004 380 2042 τὰ
414 2005 655 2056 ἁμαρτήματα
687 2003 970 2057 ἀπονιψάμενος,
1005 2003 1044 2041 τὸ
1078 2004 1203 2056 πάσχα

175 2065 382 2108 ἐπετέλεσας
420 2065 583 2118 ἀκριὸῶς.
605 2065 741 2119 Ἐχρῆν
775 2065 888 2104 τοίνυν
920 2064 985 2111 τὴν
1020 2064 1201 2116 ἀκρίὸειαν

174 2125 303 2174 ταύτην
323 2128 414 2178 ὑμᾶς
433 2127 493 2165 καὶ
515 2126 578 2174 τὴν
614 2126 768 2165 εὐτονίαν
792 2125 840 2176 μὴ
862 2128 897 2164 ἐν
915 2128 958 2177 τῇ
979 2128 1049 2164 τῶν
1070 2129 1202 2179 καιρῶν
1222 2140 1247 2170 D

174 2188 439 2241 παρατηρήσει,
473 2190 552 2227 ἀλλ’
581 2191 616 2227 ἓν
646 2191 690 2240 τῇ
715 2188 877 2240 προσόδῳ
908 2186 1105 2238 φυλάττειν.
1133 2187 1202 2225 Καὶ

174 2249 334 2301 καθάπερ
355 2252 506 2301 αἱρεῖσθε
522 2252 579 2287 νῦν
598 2248 715 2286 πάντα
740 2251 926 2298 ὑπομεῖναι
937 2248 984 2294 ,ἢ
1002 2253 1202 2298 μεταθεῖναι

172 2309 235 2357 τὴν
265 2310 448 2356 συνήθειαν
462 2340 471 2357 ,
489 2309 597 2352 οὕτως
627 2309 695 2347 ἔδει
723 2308 844 2347 τούτου
865 2308 929 2358 μὲν
950 2314 1201 2361 καταφρονεῖν,

172 2370 289 2409 πάντα
323 2370 360 2408 δὲ
393 2374 566 2422 αἱρεῖσθαι
596 2370 748 2422 πάσχειν
774 2370 833 2407 καὶ
859 2377 994 2416 ποιεῖν,
1028 2369 1117 2408 ὥστε
1149 2371 1198 2420 μὴ

177 2431 254 2480 μεθ’
272 2430 539 2484 ἁμαρτημάτων
560 2432 754 2482 προσιέναι.
774 2429 860 2469 “Ort
881 2431 950 2482 γὰρ
973 2431 1082 2475 οὐδεὶς
1101 2431 1200 2482 λόγος

172 2494 303 2544 καιρῶν
328 2494 379 2543 τῷ
406 2495 488 2544 Θεῷ
516 2492 576 2530 καὶ
592 2492 871 2544 παρατηρήσεως
890 2492 1073 2540 τοιαύτης,
1090 2494 1198 2533 ἄκου-

172 2568 231 2592 σον
250 2555 354 2591 αὐτοῦ
376 2554 586 2597 δικάζοντος·
608 2554 792 2592 Πεινῶντά
813 2570 855 2604 με
880 2554 999 2601 εἴδετε,
1020 2554 1118 2605 φησὶ,
1138 2555 1197 2592 καὶ

170 2614 358 2668 ἐθρέψατε,
393 2615 548 2666 διψῶντα
566 2644 575 2662 ,
610 2615 669 2652 καὶ
710 2614 919 2662 ἐποτίσατε,
958 2616 1106 2666 γυμνὸν,
1136 2616 1196 2653 καὶ

169 2676 407 2728 περιεὸάλετε·
426 2676 571 2719 καὶτοῖς
588 2675 624 2719 ἐξ
641 2676 826 2727 εὐωνύμων
846 2676 890 2714 τὰ
911 2677 1049 2715 ἐναντία
1063 2676 1195 2720 τούτοις

171 2739 322 2788 ἐγκαλεῖ.
339 2737 408 2775 Καὶ
427 2737 532 2775 πάλιν
553 2738 657 2775 ἄλλον
678 2737 921 2789 ἐπεισαγαγὼν
941 2738 996 2776 ἐπὶ
1019 2754 1194 2788 μνησικα-

170 2797 230 2851 κίᾳ
249 2797 399 2842 κολάζει·
417 2797 554 2848 Πονηρὲ
583 2798 670 2849 γὰρ,
696 2799 806 2850 φησὶ,
834 2800 953 2845 δοῦλε,
983 2805 1099 2836 πᾶσαν
1131 2800 1193 2846 τὴν

169 2858 310 2909 ὀφειλὴν
332 2858 466 2904 ἐκείνην
485 2859 604 2910 ἀφῆκά
628 2874 698 2896 σοι·
720 2861 782 2897 οὐκ
803 2860 871 2898 ἔδει
901 2860 959 2898 καὶ
989 2859 1026 2898 σὲ
1051 2862 1192 2906 ἐλεῆσαι

170 2919 226 2956 τὸν
243 2917 426 2956 σύνδουλόν
451 2934 532 2964 σου,
554 2921 601 2962 ὡς
631 2919 689 2956 καὶ
719 2919 788 2970 ἐγώ
815 2936 853 2958 σε
890 2920 1044 2966 ἠλέησα,
1079 2921 1192 2958 ΙΙάλιν

168 2979 230 3022 τὰς
245 2979 452 3032 παρθένους,
473 2980 592 3026 ἐπειδὴ
614 2980 729 3018 ἔλαιον
757 2984 817 3020 οὐκ
841 2975 932 3033 εἶχον
953 2983 987 3018 ἓν
1007 2987 1082 3023 ταῖς
1099 2983 1193 3029 λαμ-

167 3039 278 3086 πάσι,
307 3045 367 3078 τοῧ
408 3042 588 3092 νυμφῶνος
634 3041 857 3080 ἀπέκλεισεν·
895 3042 1011 3093 ἕτερον
1028 3072 1036 3087 ,
1071 3043 1190 3087 ἐπειδὴ

167 3100 297 3152 ἔνδυμα
334 3100 448 3152 γάμου
491 3103 553 3140 οὐκ
590 3104 681 3153 ἔχων
712 3104 869 3149 εἰσῆλθεν
883 3132 892 3149 ,
924 3102 1014 3141 ἀλλὰ
1051 3102 1188 3153 ῥυπαρὰ

167 3162 340 3214 ἠμφίεστο
357 3162 500 3212 ἱμάτια,
528 3163 690 3215 πορνείαν
712 3164 772 3201 καὶ
793 3163 1010 3214 ἀκαθαρσίαν
1023 3194 1032 3209 ,
1047 3166 1187 3214 περιίὶε-

167 3222 358 3273 (ι’λημένος·
383 3223 436 3262 ὅτι
456 3224 492 3262 δὲ
518 3227 569 3276 τῷ
589 3226 672 3262 δεῖνι
701 3225 784 3274 μηνὶ
806 3226 864 3262 καὶ
896 3228 945 3276 τῷ
975 3227 1059 3262 δεῖνι
1089 3227 1187 3262 inot-

168 3298 230 3327 ησε
257 3284 296 3321 τὸ
314 3283 459 3335 πάσχα,
480 3284 588 3329 οὐδεὶς
608 3286 780 3332 ἐκολάσθη
800 3286 882 3324 ποτὲ
913 3286 988 3326 οὐδὲ
1009 3287 1188 3333 ἐνεκλήθη.

172 3343 239 3381 Καὶ
263 3344 296 3381 τί
321 3344 413 3394 λέγω
432 3345 511 3398 περὶ
532 3348 632 3396 ἡμῶν
660 3351 728 3384 τῶν
759 3348 1042 3396 ἀπηλλαγμένων
1072 3348 1188 3393 πάσης

1201 3385 1248 3407 (ΗΧ

1288 431 1392 467 niam
1404 443 1490 467 cum
1501 431 1631 468 adhuc
1638 439 1858 482 peccatores
1866 444 2045 479 essemus,
2058 431 2235 470 Christus

1281 503 1352 540 pro
1382 492 1493 528 nohis
1521 499 1695 528 mortuus
1718 500 1775 528 est
1797 506 1806 527 ε
1825 500 1858 528 et
1876 493 2028 530 Joannes
2055 492 2103 529 ita
2131 492 2236 544 plane

1282 550 1440 600 loquitur
1467 567 1475 587 :
1504 552 1565 590 Sic
1596 555 1700 589 enim
1729 553 1837 591 Deus
1864 553 2003 590 dilexit
2030 555 2437 592 mundum.loa⁷1.3.i6.

1284 610 1477 660 Quomodo
1486 642 1495 659 ,
1506 613 1650 662 quaeso?
1662 613 1708 651 Et
1719 613 1798 650 aliis
1813 613 1978 651 omnihus
1989 614 2238 666 praetermissis

1283 684 1423 709 crucem
1448 672 1580 723 posuit.
1601 673 1692 710 Cum
1721 673 1815 710 enim
1840 673 2008 720 dixisset,
2028 675 2090 712 Sic
2111 676 2238 712 Deum

1283 732 1420 770 dilexit
1435 734 1633 779 mundum,
1645 733 1789 784 adjecit,
1808 736 1859 771 Ut
1869 734 2139 772 Filiumsuum
2154 738 2239 773 uni-

1279 795 1450 843 genitum
1465 794 1590 838 daret,
1606 802 1644 830 ut
1659 793 1938 843 crucifigeretur,
1955 803 1995 831 ut
2013 798 2153 842 omnis,
2171 799 2240 846 qui

1281 855 1402 890 credit
1422 856 1463 890 in
1483 867 1583 899 eum,
1603 867 1682 890 non
1698 863 1846 904 pereat,
1862 855 1930 892 sed
1947 856 2091 892 haheat
2110 857 2238 892 vitam

1281 923 1479 952 aeternam.
1495 915 1533 952 Si
1559 927 1643 965 ergo
1667 914 1823 952 caritatis
1843 914 1981 952 occasio
2002 929 2093 953 crux
2110 924 2183 964 est,
2204 925 2238 953 et

1280 974 1462 1025 gloriatio,
1478 988 1520 1012 ne
1533 975 1696 1013 dicamus
1712 989 1775 1012 nos
1791 976 1867 1027 ejus
1885 989 1990 1013 causa
2006 976 2129 1027 lugere
2146 989 2237 1014 :non

1280 1034 1375 1072 enim
1401 1035 1448 1073 ob
1475 1035 1575 1073 illam
1606 1035 1791 1087 lugemus,
1816 1036 1928 1082 absit,
1952 1036 2013 1075 sed
2045 1036 2091 1074 ob
2118 1046 2239 1075 nostra

1279 1105 1434 1147 peccata.
1455 1095 1595 1134 Idcirco
1615 1096 1833 1148 jejunamus.

1335 1155 1372 1194 5.
1395 1157 1487 1194 Sane
1506 1156 1782 1195 catechumenus
1801 1170 2000 1208 numquam
2020 1159 2159 1197 Pascha
2178 1173 2236 1197 ce-

1277 1216 1407 1263 lebrat,
1424 1217 1589 1267 quamvis
1603 1218 1741 1269 jejunet
1759 1216 1909 1269 singulis
1925 1218 2048 1266 annis,
2065 1220 2233 1270 quoniam

1277 1278 1451 1316 oblationi
1478 1292 1549 1316 non
1581 1279 1848 1316 communicat:
1869 1278 2173 1329 quemadmodum
2199 1289 2234 1319 et

1276 1339 1339 1389 qui
1354 1353 1423 1377 non
1436 1340 1588 1391 jejunat,
1603 1340 1631 1377 si
1649 1353 1731 1376 cum
1746 1353 1835 1391 pura
1850 1340 1994 1378 accedat
2005 1341 2233 1388 conscientia,

1276 1400 1411 1438 Pascha
1430 1400 1597 1446 celebrat,
1616 1400 1690 1438 sive
1709 1400 1838 1449 hodie,
1858 1400 1935 1438 sive
1951 1414 2027 1439 cras
2040 1432 2049 1449 ,
2070 1402 2143 1440 sive
2163 1402 2234 1440 alio

1275 1460 1403 1511 quovis
1417 1470 1575 1512 tempore
1593 1461 1854 1498 communionis
1870 1462 1931 1498 fiat
1947 1463 2137 1514 particeps,
2150 1464 2232 1500 Non

1276 1522 1368 1560 enim
1395 1536 1441 1559 ex
1467 1530 1670 1570 temporum
1698 1522 1966 1571 observatione,
1986 1523 2046 1561 sed
2072 1537 2116 1561 ex
2141 1537 2232 1576 pura

1276 1583 1490 1621 conscientia
1512 1583 1672 1634 optimus
1689 1583 1876 1634 judicatur
1903 1598 2078 1622 accessus.
2102 1588 2146 1622 At
2166 1598 2232 1623 nos

1275 1643 1493 1683 contrarium
1509 1644 1664 1695 agimus,
1682 1653 1835 1682 mentem
1852 1644 1997 1695 quidem
2012 1659 2081 1683 non
2097 1659 2232 1697 expur-

1276 1718 1417 1756 gamus,
1437 1705 1500 1743 sed
1519 1705 1547 1742 si
1567 1705 1626 1743 die
1646 1705 1709 1743 illo
1729 1706 1953 1753 accedamus,
1972 1706 2149 1744 celebrare
2169 1720 2231 1745 nos

1275 1766 1407 1805 Pascha
1425 1780 1621 1811 censemus,
1639 1767 1871 1816 quantumvis
1890 1768 2039 1818 peccatis
2058 1767 2232 1806 redunde-

1275 1839 1370 1864 mus.
1393 1826 1464 1865 Sed
1494 1841 1563 1864 non
1585 1827 1632 1864 ita
1652 1841 1688 1865 se
1713 1841 1768 1864 res
1787 1827 1914 1873 habet,
1935 1842 2003 1866 non
2024 1829 2073 1866 ita
2102 1829 2227 1881 plane;

1274 1901 1398 1926 verum
1414 1888 1495 1926 licct
1511 1888 1568 1926 vel
1586 1888 1621 1926 in
1637 1888 1714 1940 ipso
1728 1888 1876 1927 sabbato
1889 1903 1971 1927 cum
1990 1904 2098 1942 prava
2114 1905 2230 1929 acces-

1273 1948 1360 1987 seris
1375 1949 1603 1998 conscientia,
1616 1948 1782 1987 excidisti
1797 1964 1816 1987 a
1831 1951 2093 1997 communione,
2109 1962 2141 1989 et
2159 1966 2229 1990 non

1273 2010 1450 2048 celebrato
1462 2010 1598 2048 Pascha
1614 2010 1787 2048 recessisti
1804 2026 1812 2046 :
1830 2011 2131 2061 quemadmodum
2146 2026 2229 2049 eon·

1273 2079 1327 2108 tra
1340 2100 1350 2119 ,
1369 2071 1452 2108 licet
1475 2070 1584 2109 hodic
1603 2070 1842 2109 communices
1868 2071 2035 2110 abstersis
2053 2073 2207 2125 peccatis
2219 2103 2229 2121 ‚

1272 2130 1463 2183 diligenter
1490 2132 1625 2169 Pascha
1654 2132 1855 2172 celebrasti.
1880 2134 1980 2171 llanc
2010 2133 2123 2185 igitur
2148 2133 2232 2171 dili-

1273 2193 1428 2244 gentiam
1452 2202 1631 2244 oporteret
1652 2207 1692 2230 ac
1713 2193 1972 2232 vehementiam
1992 2209 2061 2232 non
2083 2195 2119 2232 in
2140 2204 2232 2232 tem-

1273 2268 1401 2306 porum
1421 2254 1682 2298 observatione,
1706 2254 1768 2292 sed
1789 2255 1824 2291 in
1847 2268 1989 2293 accessu
2009 2270 2151 2294 servare
2170 2273 2178 2297 ;
2197 2266 2230 2294 et

1271 2314 1574 2365 quemadmodum
1593 2313 1740 2364 quidvis
1762 2316 1898 2366 perpeti
1924 2317 2076 2354 malletis
2090 2347 2100 2365 ,
2121 2332 2230 2368 quam

1271 2373 1562 2411 consuetudinem
1582 2373 1771 2410 immutare
1789 2389 1799 2411 :
1822 2374 1869 2411 ita
1889 2375 2067 2425 negligere
2083 2376 2228 2426 quidem

1271 2432 1337 2470 hoc
1349 2440 1537 2484 oporteret,
1549 2431 1693 2482 quidvis
1705 2440 1822 2468 autem
1839 2432 1973 2483 perpeti
1989 2446 2029 2469 ae.
2046 2434 2229 2483 perlicere,

1270 2501 1361 2529 utne
1373 2505 1452 2528 cum
1471 2491 1622 2541 pcccatis
1634 2489 1860 2526 accederetis.
1876 2491 1922 2526 [Α
1939 2489 2031 2526 enim
2049 2489 2227 2541 intelligas

1270 2554 1385 2592 Deum
1406 2552 1541 2589 nullam
1570 2560 1768 2601 temporum
1792 2558 1823 2586 et
1844 2549 2102 2588 observationis
2123 2551 2225 2589 istius

1268 2610 1683 2654 habere1·atione1n,audi
1699 2624 1778 2646 eum
1789 2609 1968 2660 judicium
1982 2619 2219 2648 exercentem:

2291 1169 2437 1198 Catechu·

2266 1213 2345 1239 meni
2376 1222 2433 1239 nou

2286 1253 2436 1281 celebrant

2265 1295 2384 1322 Pascha.

1270 2674 1510 2710 Esurio-ntem
1531 2686 1590 2708 me
1607 2671 1955 2720 vidistis,inquit‚‹¹t
1968 2672 2121 2709 aluistis
2134 2686 2192 2709 ηιι·
2211 2688 2222 2712 .·
2236 2689 2334 2716 Mum.
2372 2690 2420 2718 ‚15⁸

1266 2737 1471 2777 sitientem,
1487 2741 1522 2770 ee
1537 2733 1696 2770 dedistis
1715 2732 1806 2769 nn'ln'
1820 2743 1949 2783 potum
1971 2750 1982 2773 ,·
2003 2734 2144 2770 nudum
2160 2762 2170 2776 ,
2187 2742 2222 2770 et
2235 2729 2285 2758 35*

1266 2797 1467 2842 operuistis
1483 2808 1539 2830 mc·
1553 2809 1566 2830 .·
1584 2802 1617 2830 et
1636 2793 1690 2830 his
1706 2793 1766 2842 qui
1785 2808 1802 2830 :t
1817 2793 1970 2830 sinistris
1987 2803 2067 2831 sunt
2083 2803 2223 2831 eontra-

1266 2856 1317 2894 ria
1337 2855 1542 2906 exprobrat.
1565 2854 1609 2891 Et
1636 2868 1758 2891 rursus
1785 2854 1894 2891 ulium
1926 2855 2153 2892 introducens
2173 2855 2220 2893 ob

1265 2916 1544 2954 reeordatioiwm
1562 2915 1774 2965 iujuriarum
1791 2915 1938 2965 castigat
1957 2932 1963 2952 :
1979 2916 2093 2953 Serve
2108 2916 2217 2959 cuitu.
2233 2938 2332 2964 ΜΛΝ),
2362 2937 2406 2965 ‚5-

1266 2978 1379 3028 inquit
1393 3007 1402 3019 ,
1429 2990 1606 3028 ηιίμιιιηι,
1633 2990 1744 3012 ‹nune
1763 2976 1932 3012 delatum
1960 2976 2062 3013 illud
2088 2978 2282 3014 dimisi-¹³·

1266 3039 1334 3075 libi
1351 3054 1360 3076 .·

1265 3102 1334 3142 tui,
1352 3102 1447 3136 sicu!
1464 3107 1496 3135 ct
1514 3112 1582 3147 ego
1600 3099 1655 3134 tui
1672 3099 1847 3133 trust-reus
1863 3110 1942 3134 sum
1958 3102 1973 3131 :¹
1995 3098 2131 3135 Rursus
2148 3099 2218 3136 viu·-

1385 3052 1510 3074 notme
1542 3038 1705 3086 oportuit
1734 3046 1767 3072 «Ἰ
1794 3044 1829 3071 te
1858 3039 2027 3073 unse-reri
2048 3041 2220 3075 ctmscrvt'

1263 3174 1374 3208 gun-s,
1393 3158 1560 3209 quoniam
1581 3157 1698 3194 oleum
1716 3157 1748 3194 iu
1768 3157 1995 3208 lainpatlilms
2016 3172 2083 3195 ιιυιι
2106 3158 2215 3197 lube·
2239 3177 2330 3201 uuus
2361 3176 2407 3204 2³.

1265 3222 1346 3257 liant
1362 3251 1370 3264 ,
1389 3235 1407 3256 a
1430 3220 1586 3257 tlt-ilatum
1608 3218 1726 3270 sponsi
1757 3219 1910 3255 exstruit
1933 3234 1940 3256 ι
1963 3219 2073 3256 alium
2090 3249 2098 3263 ,
2122 3222 2244 3271 quod?
2271 3230 2319 3253 ”rt

1264 3282 1457 3331 nuptialem
1486 3289 1618 3318 vestem
1649 3294 1715 3316 ιιυιι
1741 3280 1873 3316 liabens
1899 3289 1988 3318 esset
2018 3281 2343 3332 ingressus,.u.uw
2369 3303 2378 3318 ι
2395 3310 2402 3317 .

1263 3342 1319 3379 wil
1343 3341 1496 3378 sordidis
1515 3349 1602 3376 esset
1627 3339 1845 3377 vestimentis
1867 3339 2011 3378 indutus
2026 3372 2034 3384 ,
2058 3343 2213 3382 lbrnica-
2233 3341 2277 3360 ¹¹·
2299 3346 2346 3369 *¹¹¹

176 3403 327 3450 [Ιηνχύῐης
353 3405 526 3454 ἀνάγχης,
556 3408 612 3444 καὶ
643 3407 714 3443 ἄγῃ)
748 3407 1022 3456 Tro)=ttcuog¹.{v(¹)v
1051 3412 1084 3446 ἐν
1119 3426 1186 3450 γης
1216 3401 1240 3448 ’,χρ
1263 3403 1354 3440 llllll(¹
1373 3412 1403 3438 Pl
1428 3401 1633 3452 ltttlutt'il.tlt¹
1657 3410 1843 3450 (ῚΝῚΝὛῘΙΗ
1865 3419 1869 3437 ἲ
1893 3400 1986 3450 quod
2010 3412 2126 3442 ιΗΙῐίῚυ
2151 3407 2214 3442 llffl'

170 3469 321 3516 οὐρανοῖς
339 3496 347 3510 ,
370 3465 447 3504 ἔνθα
472 3470 575 3517 μῆνις
594 3497 602 3510 ,
635 3469 691 3505 καὶ
726 3467 834 3511 rimu„
858 3468 911 3504 ml
949 3471 1093 3516 πλήν-η,
1128 3471 1182 3507 mi

1267 3469 1317 3506 iel
1334 3469 1392 3504 ιΙΙυ
1409 3482 1523 3504 mensn-
1543 3466 1652 3503 {hm-h
1668 3484 1674 3501 ι
1693 3467 1774 3502 secet
1787 3467 1821 3506 it.
1840 3481 1940 3503 ιιι-ιιιυ
1959 3483 2128 3519 utinquam
2146 3485 2192 3522 [ιιι
