2513 3871
280 181 308 224 ὃ
698 192 736 221 S.
774 189 960 221 JOANNJS
995 186 1237 218 cum'sos'r.
1278 186 1486 217 ARCfflEP.
1525 185 1882 217 CONSTANTINOP-

280 276 380 328 quod
393 277 508 315 Deum
523 275 716 326 ignoraret,
726 271 841 310 multo
854 269 1036 322 indignior
1049 278 1131 322 post
1144 268 1237 307 illud

281 337 497 378 miraculum
521 345 554 373 et
570 344 649 387 post
664 332 917 372 confessionem
931 345 1032 370 suam
1045 339 1152 381 atque
1164 329 1235 369 do-

282 400 433 438 ctrinam
448 397 528 435 aliis
542 395 768 433 declaratam.
788 394 914 444 Neque
932 391 1026 430 enim
1050 391 1116 429 nisi
1131 390 1237 443 plane

282 460 487 499 credidisset
501 458 620 510 ipsum
635 455 750 494 solum
766 469 839 493 esse
859 468 983 493 verum
1000 455 1116 491 Deum
1128 482 1140 499 ‚
1157 461 1236 491 tan·

281 532 358 559 tum
373 533 474 559 servo
488 519 565 570 ejus
579 518 751 556 honorem
765 509 963 562 detulisset,
977 529 1041 553 nec
1053 514 1237 567 hujusmo-

280 582 318 620 di
335 580 502 620 mandata
516 578 650 618 caeteris
662 577 831 616 dedisset.
846 581 1007 616 Attamen
1021 576 1236 629 postliujus-

282 642 380 681 modi
403 641 658 680 confessionem
673 640 706 677 in
724 638 963 677 idololatriam
987 637 1117 676 iterum
1136 636 1236 676 dela-

279 717 366 757 psus
379 712 431 742 est
447 719 456 741 :
470 712 505 741 et
520 702 581 753 qui
599 709 798 754 prostratus
815 699 849 737 in
867 699 993 737 faciem
1006 713 1149 737 servum
1169 698 1236 737 Dei

278 763 514 811 adoraverat,
527 771 625 800 tanto
638 770 758 814 postea
774 761 893 799 furore
907 768 1094 813 correptus
1107 768 1181 806 est,
1197 768 1236 798 ut

281 825 348 863 Dei
372 837 507 869 servos,
522 823 582 875 qui
602 823 719 874 ipsum
735 820 883 860 adorare
895 821 1093 868 noluerant,
1106 821 1141 859 in
1158 821 1236 859 sor·
1260 823 1284 854 E

280 899 403 924 nacem
419 885 636 923 immitteret.
653 882 753 930 Quid
769 882 908 933 igitur?
925 896 1011 920 num
1026 883 1123 920 Deus
1143 896 1235 935 apo-

279 955 408 985 statam
419 946 516 984 ultus
530 953 640 992 est,ut
654 944 776 982 ulcisci
789 942 1149 990 debebat?Quinimo
1163 957 1236 982 ma-

275 1008 356 1060 jora
371 1007 437 1060 ipsi
456 1006 622 1060 potentiae
635 1019 706 1043 suae
723 1005 824 1057 signa
841 1004 997 1057 praebuit
1012 1034 1022 1053 ,
1043 1006 1235 1057 ipsumque

279 1078 358 1120 post
369 1077 504 1107 tantam
515 1067 695 1106 vesaniam
706 1065 753 1104 ad
765 1065 913 1118 pristina
928 1065 1055 1103 iterum
1077 1066 1232 1105 reduxit.

279 1128 459 1181 Quodque
477 1128 680 1166 mirabilius
694 1137 758 1176 est,
771 1141 814 1165 nc
830 1127 876 1165 ob
894 1126 1144 1178 prodigiorum
1160 1141 1234 1165 ma·

278 1190 503 1242 gnitudinem
526 1188 613 1227 fides
632 1189 718 1241 ipsis
736 1196 925 1239 negaretur
940 1217 950 1236 ,
977 1188 1012 1226 in
1041 1188 1140 1226 nullo
1163 1188 1234 1227 alio

279 1251 421 1303 signum
438 1251 520 1289 fecit
535 1280 545 1296 ‚
562 1250 630 1288 nisi
654 1250 690 1287 in
715 1249 790 1301 ipsa
807 1249 948 1287 fornace
963 1278 973 1297 ,
988 1263 1096 1299 quam
1111 1262 1233 1287 accen·
1261 1266 1276 1290 7

277 1311 379 1350 derat
400 1312 461 1350 ille
477 1320 599 1350 contra
617 1324 746 1363 pueros
765 1324 853 1360 quos
872 1309 1000 1361 ligatos
1014 1323 1054 1348 eo
1070 1311 1232 1362 conjecit.

276 1374 371 1412 sane
385 1387 440 1411 res
461 1372 550 1409 mira
568 1370 814 1423 stupendaque
829 1370 956 1409 fuisset
969 1401 980 1418 ,
1000 1371 1030 1408 si
1049 1370 1232 1409 flammam

276 1433 504 1472 exstinxisset
520 1448 529 1469 ε
545 1441 581 1470 at
599 1430 896 1470 clementissimus
912 1431 988 1479 ille,
1007 1440 1045 1469 ut
1061 1432 1232 1483 majorem

278 1503 414 1533 metum
429 1493 597 1540 adferret,
615 1492 888 1543 gravioremque
901 1501 1072 1530 terrorem
1093 1492 1233 1531 incute-

276 1564 352 1605 ret,
373 1555 521 1608 ejusque
541 1553 734 1591 caecitatem
754 1553 894 1604 penitus
915 1552 1067 1591 solveret
1083 1583 1094 1602 ,
1116 1554 1232 1605 majus

277 1614 467 1668 quippiam
484 1623 515 1652 et
536 1613 739 1651 mirabilius
758 1621 924 1665 operatus
944 1622 1006 1653 est.
1023 1614 1114 1652 Cum
1136 1615 1232 1652 enim

277 1675 495 1727 permisisset
508 1674 605 1712 illam
617 1672 783 1711 succendi
798 1683 972 1724 quantum
988 1675 1064 1726 ipse
1078 1675 1232 1725 volebat,

277 1737 326 1774 ita
341 1750 442 1775 suam
457 1734 612 1774 ostendit
629 1734 842 1787 potentiam,
859 1744 898 1772 ut
914 1735 1140 1774 inimicorum
1156 1751 1233 1775 ma-

276 1797 500 1836 chinamenta
525 1809 595 1834 non
622 1794 854 1845 dissolveret,
872 1795 934 1835 sed
949 1797 1069 1835 eadem
1089 1812 1233 1849 perma-

279 1858 397 1896 nentia
412 1858 512 1896 irrita
531 1857 671 1895 faceret.
689 1857 742 1895 Ne
757 1857 836 1908 quis
855 1872 941 1896 vero
961 1858 1054 1910 ipsos
1070 1868 1148 1911 post
1166 1874 1233 1898 su-

277 1928 416 1971 peratas
445 1918 606 1957 flammas
638 1918 859 1970 conspiciens
877 1949 885 1965 ,
916 1919 1125 1971 phantasma
1159 1935 1234 1960 esse

277 1988 436 2034 putaret,
454 1993 513 2017 eos
530 1978 692 2017 comburi
713 1979 898 2030 permisit,
915 1980 975 2031 qui
992 1981 1085 2032 ipsos
1106 1981 1234 2034 injece-

279 2049 382 2088 rant,
402 2039 590 2078 ostendens
614 2053 739 2078 verum
761 2040 877 2091 ignem
897 2054 972 2078 esse
985 2041 1023 2079 id
1041 2041 1137 2093 quod
1157 2057 1233 2081 rer·
1257 2057 1280 2088 B

278 2101 451 2150 uebatur;
467 2099 625 2151 alioquin
641 2113 710 2138 non
731 2101 943 2152 naplitliam,
958 2110 1142 2155 stuppam,
1158 2103 1234 2155 pal-

280 2162 385 2201 mites
398 2191 410 2212 ,
434 2170 555 2212 totque
582 2174 732 2213 corpora
764 2161 1027 2201 combussisset.
1057 2164 1129 2202 Sed
1157 2165 1234 2216 ejus

279 2223 431 2277 imperio
450 2222 540 2261 nihil
560 2221 762 2274 potentius:
781 2222 1016 2275 universaque
1036 2238 1154 2263 rerum
1173 2239 1235 2264 na-

279 2293 361 2322 tura
375 2283 427 2321 illi
443 2281 666 2332 obsequitur,
687 2281 750 2333 qui
767 2296 843 2320 eam
857 2296 902 2320 ex
916 2283 1029 2322 nihilo
1044 2284 1233 2337 produxit,

281 2343 376 2396 quod
387 2357 470 2382 sanc
480 2351 562 2380 tunc
576 2341 858 2381 demonstratum
871 2353 921 2382 cst
931 2359 938 2380 ε
949 2345 1076 2383 etenim
1091 2346 1234 2384 flamma

281 2419 363 2444 cum
374 2402 622 2456 corruptibilia
638 2417 785 2456 corpora
801 2405 1007 2457 accepisset,
1018 2407 1063 2444 ab
1079 2406 1121 2445 iis
1133 2408 1234 2458 quasi

284 2463 622 2517 incorruptibilibus
643 2464 839 2513 abstinuit,
861 2466 1135 2518 depositumque
1161 2469 1235 2507 sal-

282 2541 367 2566 vum
381 2524 554 2569 reddidit,
564 2523 671 2574 idque
682 2526 795 2564 multo
806 2540 885 2564 cum
896 2526 1094 2579 splendore.
1106 2528 1236 2575 Quem·

281 2587 476 2627 admodum
500 2586 592 2625 enim
613 2599 659 2624 ex
688 2587 796 2639 regiis
822 2587 962 2626 aedibus
981 2602 1098 2641 reges,
1121 2591 1171 2628 sic
1191 2605 1235 2629 ex

281 2650 423 2687 fornace
437 2649 536 2701 pueri
549 2647 841 2697 exierunt;nullo
852 2657 936 2686 tunc
949 2663 1065 2701 regem
1078 2651 1236 2703 aspicere

282 2710 452 2762 dignante
468 2740 478 2758 ,
493 2712 553 2749 sed
580 2711 740 2750 omnium
758 2710 870 2748 oculis
887 2740 898 2760 ,
917 2710 1067 2750 dimisso
1085 2713 1146 2751 illo
1159 2743 1169 2759 ,
1189 2713 1234 2752 ad

283 2781 354 2809 tam
373 2772 536 2810 mirabile
561 2772 802 2825 spectaculum
824 2772 1004 2810 conversis
1023 2790 1030 2810 :
1052 2787 1093 2811 ac
1123 2788 1236 2826 neque

282 2831 462 2880 diadema,
478 2847 590 2884 neque
604 2847 762 2886 purpura
780 2863 788 2877 ,
806 2847 919 2884 neque
934 2833 1033 2872 aliud
1047 2835 1233 2888 quidpiam

285 2894 392 2945 regite
412 2907 566 2945 pompae,
583 2893 706 2932 turbas
721 2894 920 2932 infidelium
938 2895 1083 2946 perinde
1097 2911 1234 2948 permo-

285 2954 362 2998 vit,
384 2963 491 3005 atque
510 2954 642 3005 species
673 2954 816 2991 illorum
840 2954 1022 3005 fidelium,
1044 2957 1104 3007 qui
1130 2957 1234 3007 longo

285 3014 429 3065 quidem
446 3025 602 3067 tempore
617 3015 651 3052 in
669 3015 750 3065 igne
763 3017 890 3054 versati
904 3027 1001 3063 suut,
1013 3017 1073 3055 sed
1089 3019 1235 3071 perinde

284 3076 459 3124 exierunt,
472 3090 512 3113 ac
526 3076 553 3112 si
573 3091 633 3127 pei·
647 3077 825 3114 somnium
844 3077 918 3114 haec
934 3079 1086 3131 perpessi
1105 3089 1232 3120 essent.

285 3137 426 3175 Atenim
440 3135 538 3188 quod
552 3136 586 3173 in
601 3136 702 3176 nobis
718 3137 857 3175 facilius
866 3140 1237 3193 eonsumitur-,nempe

327 3267 339 3281 ·
363 3261 419 3294 Sic
435 3259 538 3299 savit,
558 3266 590 3290 et
606 3271 722 3291 omnes
738 3259 803 3292 sere
819 3262 896 3294 Mac.
915 3263 1029 3296 Morou.
1051 3268 1221 3308 γενομένην.

331 3315 344 3338 s
370 3313 463 3345 Unus
479 3317 525 3346 ἐπὶ
542 3318 581 3345 τὰ
598 3319 756 3356 πρότερον.
775 3313 846 3343 Duo
862 3313 916 3345 ulii
934 3320 981 3350 int
1002 3322 1035 3351 τὸ
1054 3324 1212 3363 πρότερον.
1230 3317 1290 3351 Sd·

283 3364 359 3406 vil.,
375 3363 490 3397 Morel.
509 3372 538 3395 et
560 3363 675 3406 reliqui
694 3370 739 3398 ἐπὶ
756 3371 794 3399 τὰ
811 3373 956 3410 πρότερα.

1308 269 1368 307 λον
1392 271 1468 320 μετ’
1485 271 1596 309 ἐκεῖνο
1619 269 1659 307 τὸ
1679 271 1812 319 θαῦμα,
1837 268 1897 306 καὶ
1918 267 1982 314 τὴν
1998 268 2187 319 ὁμολογίαν
2206 269 2333 314 αὐτοῦ,

1309 331 1369 368 καὶ
1388 329 1451 377 τὴν
1473 329 1702 368 διδασκαλίαν
1728 329 1790 375 τὴν
1814 331 1862 372 εἷς
1893 328 2029 382 ἑτέρους
2046 332 2061 350 ⁸
2083 328 2331 381 γεγενημένην.

1310 391 1403 430 Οὔτε
1423 391 1491 443 γὰρ
1511 391 1550 429 ἂν
1573 391 1621 442 μὴ
1642 390 1831 433 πιστεύσας
1850 391 1978 435 καλῶς,
1997 389 2050 428 ὅτι
2078 390 2180 440 μόνος
2201 389 2295 428 ἐστὶν
2314 391 2332 426 ὁ

1309 453 1398 496 Θεὸς
1419 451 1565 499 ἀληθὴς,
1580 451 1753 498 τοσαύτην
1770 453 1817 494 εἷς
1832 450 1890 488 τὸν
1909 451 2038 489 ἐκείνου
2059 450 2255 503 θεράποντα
2275 466 2332 488 τι-

1311 514 1380 564 μὴν
1401 513 1612 558 ἐπεδείξατο,
1633 512 1692 550 καὶ
1713 515 1858 550 τοιαῦτα
1879 518 1949 556 τοῖς
1976 513 2094 554 ἄλλοις
2121 511 2332 562 ἐνομοθέτη-

1309 590 1379 613 σεν.
1395 574 1487 613 Ἀλλ’
1504 573 1598 625 ὅμως
1612 573 1699 624 μετὰ
1710 573 1774 619 τὴν
1791 572 1956 620 τοιαύτην
1969 572 2156 623 ὁμολογίαν
2175 574 2222 615 εἷς
2235 573 2333 610 εἰδω-

1308 635 1513 685 λολατρείαν
1532 636 1638 673 πάλιν
1654 634 1806 680 ἐξέπεσε,
1821 634 1880 671 καὶ
1896 637 1914 672 ὃ
1929 633 2045 672 πεσὼν
2060 633 2117 671 ἐπὶ
2131 632 2334 686 πρόσωπον,

1308 698 1367 735 καὶ
1389 697 1446 735 τὸν
1466 701 1525 736 τοῦ
1544 699 1636 736 Θεοῦ
1657 695 1902 748 προσκυνήσας
1921 692 2060 741 δοῦλον,
2089 689 2187 738 οὗτος
2206 695 2254 737 εἷς
2272 709 2333 732 το-

1309 763 1428 797 σοῦτον
1445 757 1676 810 ἐξεὸακχεύθη
1697 757 1834 807 μανίας,
1855 756 1946 794 ὥστε
1965 755 2044 799 τοὺς
2060 759 2122 794 τοῦ
2142 757 2236 794 Θεοῦ
2253 753 2333 793 δού-

1309 821 1386 863 λους
1408 819 1457 868 μὴ
1477 823 1755 871 προσκυνοῦντας
1781 818 1882 856 αὐτὸν
1906 819 1954 860 εἰς
1977 816 2123 867 κάμινον
2150 815 2331 867 ἐμὸαλεῖν.

1307 881 1356 920 Τί
1374 874 1433 918 οὖν
1449 897 1458 928 ;
1476 882 1645 930 μετῆλθεν
1669 883 1687 918 ὁ
1705 879 1795 923 Θεὸς
1811 879 1870 917 τὸν
1891 879 2093 926 ἀποστάτην
2107 909 2116 926 ,
2135 880 2182 921 ὡς
2202 879 2330 928 μετελ-

1307 946 1377 980 θεῖν
1397 942 1487 991 ἔδει;
1519 942 1672 986 Μείζονα
1705 940 1768 991 μὲν
1791 934 1847 978 οἶν
1870 941 1962 992 αὐτῷ
1989 939 2165 990 τεκμήρια
2192 941 2255 985 τῆς
2275 940 2332 977 οἰ-

1307 1002 1402 1046 κείας
1430 1002 1588 1054 παρέσχε
1619 1001 1815 1052 δυνάμεως,
1838 1000 1926 1051 μετὰ
1947 999 2011 1047 τὴν
2033 999 2208 1047 τοσαύτην
2237 999 2331 1039 ἀπό-

1305 1080 1400 1102 νοιαν
1418 1063 1529 1102 ἕλκων
1545 1061 1554 1083 ¹
1576 1063 1636 1101 ἐπὶ
1655 1062 1700 1101 τὰ
1716 1062 1869 1116 πρότερα
1886 1062 1991 1100 πάλιν
2009 1061 2111 1100 αὐτόν
2125 1076 2132 1085 ·
2153 1061 2214 1100 καὶ
2232 1061 2272 1099 τὸ
2289 1060 2331 1108 δὴ

1305 1125 1587 1178 θαυμαστότερον
1600 1138 1608 1146 ·
1629 1124 1684 1162 ἵνα
1702 1123 1770 1176 γὰρ
1787 1124 1836 1174 μὴ
1855 1125 2049 1169 ἀπιστῆται
2064 1122 2170 1160 πάλιν
2190 1121 2248 1161 διὰ
2266 1121 2331 1169 τὴν

1305 1185 1500 1239 ὑπερὸολὴν
1521 1189 1590 1224 τῶν
1609 1185 1796 1236 θαυμάτων
1816 1183 1861 1223 τὰ
1880 1185 2068 1235 γινόμενα,
2095 1186 2157 1222 οὐκ
2176 1185 2210 1221 ἐν
2234 1183 2332 1236 ἄλλῳ

1304 1247 1372 1284 τινὶ
1398 1247 1438 1284 τὸ
1465 1253 1608 1297 σημεῖον
1630 1246 1793 1293 ἐποίησεν
1806 1275 1816 1294 ,
1835 1247 1912 1284 ἀλλ’
1933 1245 1992 1284 ἐπὶ
2009 1248 2072 1290 τῆς
2091 1244 2260 1296 καμίνου,
2286 1245 2330 1291 ἢν

1305 1308 1435 1357 ἀνῆψεν
1467 1307 1567 1351 αὐτὸς
1586 1308 1644 1346 ἐπὶ
1671 1310 1741 1345 τῶν
1772 1307 1922 1353 παίδων,
1950 1306 2007 1350 οὓς
2038 1306 2141 1352 ἔδησε
2170 1306 2229 1343 καὶ
2258 1305 2333 1345 ἐνί-

1305 1367 1422 1408 ὅαλεν.
1441 1361 1512 1406 ’Ἦν
1534 1368 1597 1419 μὲν
1616 1362 1674 1406 οὖν
1699 1367 1758 1406 καὶ
1774 1367 1814 1404 τὸ
1831 1366 1956 1406 σὸέσαι
1975 1368 2038 1413 τὴν
2057 1366 2170 1418 φλόγα
2189 1369 2332 1416 θαυμα-

1305 1430 1386 1467 στὸν
1417 1429 1477 1468 καὶ
1507 1429 1725 1482 παράδοξον·
1756 1433 1774 1468 ὃ
1805 1428 1842 1468 δὲ
1876 1428 2120 1480 φιλάνθρωπος
2149 1428 2239 1480 ὑπὲρ
2269 1430 2334 1466 τοῦ

1306 1491 1446 1540 μείζονα
1482 1494 1630 1530 ἐνθεῖναι
1661 1490 1786 1543 φόὸον,
1818 1489 1878 1528 καὶ
1907 1489 2052 1528 πλείονα
2082 1491 2230 1535 ποιῆσαι
2265 1487 2332 1535 τὴν

1305 1551 1482 1599 ἔκπληξιν,
1510 1552 1570 1590 καὶ
1597 1558 1714 1590 πᾶσαν
1742 1553 1846 1589 αὐτοῦ
1871 1551 1973 1589 λῦσαι
1998 1549 2064 1595 τὴν
2083 1548 2271 1601 πώρωσιν,
2290 1549 2332 1588 τὸ

1304 1612 1428 1650 τούτου
1448 1616 1564 1664 μεῖζον
1584 1612 1727 1661 ἐποίησε
1747 1612 1807 1651 καὶ
1826 1610 2112 1664 παραδοξότερον.
2133 1610 2246 1662 Ἄφεὶς
2262 1610 2333 1664 γὰρ

1306 1674 1414 1720 αὐτὴν
1442 1677 1656 1722 ἐκκαυθῆναι
1684 1679 1864 1722 τοσοῦτον,
1886 1674 1966 1712 ὅσον
1994 1673 2162 1720 ἠθέλησεν
2182 1674 2331 1720 ἐκεῖνος,

1304 1735 1395 1775 οὕτω
1413 1735 1476 1785 τὴν
1503 1737 1633 1776 οἰκείαν
1654 1736 1865 1775 ἐνδείκνυται
1893 1735 2037 1785 δύναμιν
2056 1764 2065 1782 ,
2089 1736 2127 1772 οὗ
2147 1735 2331 1773 καταλύων

1303 1797 1348 1835 τὰ
1379 1799 1623 1851 μηχανήματα
1654 1800 1724 1836 τῶν
1756 1800 1908 1850 ἐχθρῶν,
1940 1796 2020 1835 ἀλλ’
2053 1799 2187 1835 ἑστῶτα
2217 1797 2333 1850 ἄκυρα

1304 1863 1427 1898 ποιῶν.
1442 1860 1522 1899 Ἵνα
1543 1861 1577 1898 δὲ
1606 1860 1655 1911 μή
1679 1876 1730 1903 τις
1750 1858 1870 1902 αὐτοὺς
1887 1857 1968 1897 ἰδὼν
1985 1858 2252 1910 περιγεγονότας
2267 1860 2332 1906 τῆς

1305 1921 1448 1973 φλογὸς,
1479 1922 1670 1974 φάντασμα
1698 1915 1785 1959 εἶναι
1813 1919 1956 1971 νομίσῃ,
1988 1919 2213 1972 συνεχώρησε
2241 1934 2331 1958 καυ-

1306 1985 1406 2028 θῆναι
1432 1982 1510 2026 τοὺς
1535 1983 1752 2032 ἒμὸαλόντας
1775 1980 1917 2029 αὐτοὺς,
1946 1979 2079 2024 δεικνὺς
2105 1981 2158 2019 ὅτι
2176 1984 2247 2032 πῦρ
2266 1979 2330 2031 μὲν

1306 2039 1348 2091 ἦν
1380 2046 1517 2092 ἀληθῶς
1553 2045 1593 2082 τὸ
1629 2043 1822 2096 ὁρώμενον·
1858 2045 1896 2080 οὐ
1934 2042 2001 2094 γὰρ
2035 2042 2075 2080 ἂν
2107 2042 2239 2094 νάφθαν
2269 2041 2330 2080 καὶ

1306 2110 1320 2126 ¹¹
1332 2105 1504 2145 στύππιον
1518 2105 1576 2143 καὶ
1590 2105 1811 2155 κληματίδας
1827 2104 1886 2142 καὶ
1903 2107 2055 2142 τοσαῦτα
2069 2103 2245 2156 κατέφαγε
2261 2104 2331 2143 σώ·

1308 2182 1422 2217 ματα·
1447 2169 1511 2213 τῆς
1536 2166 1572 2206 δὲ
1601 2169 1706 2205 αὐτοῦ
1734 2167 1934 2218 προσταγῆς
1965 2164 2186 2218 ἰσχυρότερον
2211 2166 2330 2204 οὐδέν·

1308 2229 1386 2266 ἀλλ’
1399 2228 1522 2266 ἕπεται
1535 2231 1604 2267 τῶν
1619 2228 1729 2266 ὄντων
1744 2227 1909 2266 ἁπάντων
1927 2229 1949 2273 ἡ
1967 2226 2067 2275 φύσις
2081 2229 2132 2279 τῷ
2150 2228 2190 2265 ἐκ
2205 2231 2266 2265 τοῦ
2280 2227 2330 2278 μὴ

1306 2290 1402 2333 ὄντος
1432 2290 1540 2337 αὐτὴν
1560 2291 1606 2333 εἷς
1626 2290 1666 2328 τὸ
1692 2283 1780 2327 εἶναι
1799 2288 2059 2340 παραγαγόντι·
2080 2287 2165 2340 ὅπερ
2188 2281 2246 2326 οὖν
2272 2287 2334 2327 καὶ

1307 2351 1384 2389 τότε
1420 2351 1613 2390 ἐδείκνυτο·
1647 2349 1798 2400 σώματα
1827 2348 1896 2400 γὰρ
1930 2351 1951 2394 ἡ
1986 2347 2071 2400 φλὸξ
2105 2348 2333 2388 ἀπολαὸοῦσα

1307 2413 1456 2466 φθαρτὰ,
1472 2413 1630 2464 καθάπερ
1650 2411 1835 2463 ἀφθάρτων
1856 2409 2043 2462 ἀπέσχετο,
2069 2410 2129 2448 καὶ
2152 2409 2246 2449 σώαν
2268 2410 2332 2458 τὴν

1307 2474 1611 2526 παρακαταθήκην
1631 2474 1803 2520 ἀπέδωκε,
1823 2471 1882 2510 καὶ
1903 2470 1992 2521 μετὰ
2011 2472 2144 2516 πολλῆς
2160 2475 2222 2518 τῆς
2240 2473 2334 2522 λαμ-

1307 2539 1492 2590 πρότητος.
1516 2537 1654 2588 (Ὠσπερ
1675 2537 1743 2589 γὰρ
1762 2539 1801 2574 ἐκ
1824 2535 2010 2587 βασιλείων
2030 2537 2132 2573 τινῶν
2154 2537 2309 2586 βασιλεῖς
2322 2566 2334 2585 ,

1308 2608 1416 2647 οὕτως
1439 2604 1509 2643 ἀπὸ
1531 2607 1593 2650 τῆς
1617 2603 1765 2653 καμίνου
1785 2602 1962 2654 προῄεσαν
1989 2603 2020 2639 οἱ
2047 2603 2168 2646 παῖδες
2194 2605 2334 2653 ἐκεῖνοι,

1308 2672 1443 2715 οὐδενὸς
1460 2672 1507 2715 εἷς
1524 2670 1582 2709 τὸν
1601 2668 1748 2721 βασιλέα
1766 2667 1977 2719 ἀνεχομένου
1991 2668 2113 2706 λοιπὸν
2127 2671 2224 2720 δρᾷν,
2240 2670 2332 2709 ἀλλὰ

1308 2740 1448 2778 πάντων
1466 2737 1543 2781 τοὺς
1560 2735 1756 2790 ὀφθαλμοὺς
1775 2737 1836 2774 ἀπ’
1857 2736 1986 2774 ἐκείνου
1999 2735 2016 2756 ¹²
2037 2736 2254 2786 μεταθέντων
2273 2737 2333 2777 ἐπὶ

1310 2805 1371 2853 τὴν
1391 2803 1584 2856 παράδοξον
1605 2803 1765 2855 θεωρίαν,
1786 2801 1845 2839 καὶ
1865 2801 1943 2840 οὔτε
1961 2802 2001 2840 τὸ
2019 2803 2190 2854 διάδημα,
2211 2803 2290 2843 οὔτε
2307 2809 2332 2853 ἦ

1259 2876 1283 2906 C
1307 2871 1481 2924 ἁλουργὶς,
1513 2870 1591 2909 οὔτε
1620 2870 1706 2908 ἄλλο
1735 2885 1769 2907 τι
1799 2872 1860 2915 τῆς
1885 2870 2075 2922 φαντασίας
2103 2872 2166 2916 τῆς
2194 2872 2333 2921 βασιλι-

1308 2943 1388 2986 κῆς,
1410 2938 1502 2976 οὕτω
1521 2937 1601 2982 τοὺς
1622 2937 1745 2989 ὄχλους
1767 2937 1836 2973 τῶν
1858 2936 2014 2974 ἀπίστων
2040 2937 2265 2991 ἐπέστρεψεν,
2285 2940 2333 2982 ὡς

1307 3011 1329 3054 ἡ
1355 3007 1416 3046 θέα
1445 3009 1513 3044 τῶν
1540 3008 1674 3043 πιστῶν
1701 3003 1857 3049 ἐκείνων,
1887 3005 2162 3056 ἐγχρονισάντων
2191 3003 2253 3055 μὲν
2282 3007 2335 3057 τῷ

1308 3074 1403 3125 πυρὶ,
1424 3073 1515 3111 οὕτω
1542 3071 1577 3110 δὲ
1600 3071 1804 3116 ἐξελθόντων
1829 3072 1971 3115 ἐκεῖθεν,
1993 3074 2040 3114 ὡς
2059 3069 2136 3113 τοὺς
2156 3072 2191 3108 ἐν
2211 3071 2335 3123 ὀνείρῳ

1310 3146 1410 3179 τοῦτο
1430 3139 1604 3183 παθόντας
1622 3140 1711 3182 εἰκὸς
1733 3133 1787 3185 ἦν.
1806 3139 1875 3177 Καὶ
1894 3137 1960 3190 γὰρ
1984 3138 2002 3176 ὃ
2026 3137 2165 3176 πάντων
2185 3139 2335 3192 εὔθραυ-

1368 3274 1381 3288 ·
1406 3263 1507 3296 Suvil.
1525 3271 1558 3295 et
1572 3263 1698 3306 uliquot
1714 3263 1792 3295 Mss.
1811 3271 1978 3297 στυππεῖον.
1996 3261 2074 3293 Mox
2090 3259 2157 3293 duo
2169 3268 2332 3306 προταγῆς.

1371 3318 1387 3341 ¹·
1411 3316 1466 3348 Sic
1481 3314 1582 3349 Savil.
1601 3324 1765 3364 etlonines
1783 3314 1848 3347 scre
1866 3315 1944 3346 Mss,
1963 3311 2054 3346 Edit.
2073 3311 2187 3346 Morel.
2205 3327 2333 3356 μετατι-

1328 3373 1444 3401 (limma.
