2253 3830
76 285 152 316 χμν
701 280 743 307 n.
790 279 824 307 n.
868 278 924 307 nn
962 275 1266 308 §murram-lox
1306 277 1547 307 ruff-irio.

72 368 305 407 nmmum-s
326 367 505 403 Annuus
535 362 669 407 Lim,
685 360 747 410 qui
763 361 838 412 jam
858 358 1006 396 Lutetiae
1025 358 1111 410 agit.
1136 357 1196 396 Ex
1216 357 1435 397 bibliotheca
1455 357 1540 395 item
1559 357 1813 408 Ottoboniana,
1832 358 1972 398 favente
1992 360 2152 398 eminen-

71 429 211 468 tissimo
229 424 409 467 cardinali
431 425 559 464 Ρετιιο
573 424 802 472 Orroeoxm,
823 435 898 461 non
917 435 1030 474 pauca
1050 421 1206 461 mutuati
1222 435 1355 460 sumus.

126 493 167 530 In
188 489 319 541 Anglia
334 488 433 526 nulla
451 501 523 526 non
543 486 745 526 officiorum
762 499 887 538 genera
907 485 1014 524 nobis
1032 485 1188 538 praestita
1203 494 1284 524 snnt
1295 517 1306 535 ,
1321 485 1504 535 fateorque
1518 497 1576 522 me
1592 497 1768 536 nusquam
1784 485 1954 538 majorem
1968 493 2155 537 expertum

73 553 331 593 humanitatem
354 565 463 602 quam
482 550 581 604 apud
608 549 805 602 Anglorum
834 557 984 601 gentem.
1013 549 1120 588 Praeit
1148 549 1217 587 hoc
1247 549 1282 586 in
1311 560 1456 586 munere
1486 547 1545 585 vir
1569 547 1615 586 cl.
1637 559 1671 586 et
1699 548 1963 586 illustrissimus
1987 560 2156 586 maumas

73 618 297 665 pommus,
315 613 518 668 Episcopus
537 613 755 653 Oxoniensis
769 642 779 661 ‚
802 611 1003 652 eruditione
1022 626 1103 650 cum
1121 612 1249 664 primis
1268 608 1533 657 numerandus,
1551 609 1612 661 qui
1635 610 1779 648 eximiis
1795 610 1965 662 operibus
1980 622 2055 647 rem
2075 608 2159 647 lite-

73 679 205 717 rariam
224 677 455 730 locupletavit
474 693 482 715 :
507 677 537 715 is
551 676 654 716 nobis
674 675 884 728 apographa
904 689 1021 714 rerum
1036 675 1082 713 ad
1098 675 1303 713 institutum
1318 681 1481 712 nostrum
1497 673 1751 725 pertinentium
1769 681 1915 723 rogatus
1928 684 1998 709 non
2014 679 2159 722 rogatus

73 739 111 777 in
127 739 205 779 dies
222 739 351 788 mittit,
381 748 415 777 et
434 739 610 791 ingentem
629 737 727 789 illam
747 736 1012 776 commentariis
1032 737 1066 774 in
1090 736 1250 774 Psalmos
1263 764 1274 783 ‚
1300 743 1340 771 ut
1363 735 1440 786 jam
1465 733 1649 782 diximus,
1665 733 1901 773 accessionem
1919 732 2126 785 procuravit
2145 760 2158 782 ,

74 803 179 855 cujus
190 803 266 856 jam
292 811 431 855 partem
457 812 632 849 tenemus,
645 810 782 854 partem
802 810 1064 853 exspectamus.
1088 800 1214 850 Neque
1230 797 1399 837 tacendus
1418 796 1476 834 vir
1493 797 1731 835 amicissimus
1749 805 1783 834 et
1800 795 2066 834 eruditissimus
2086 797 2162 835 Τι-

75 878 260 904 uorutcs
282 865 517 910 Gonwmvs,
538 864 739 915 Episcopus
763 861 1033 911 Kilmoriensis,
1056 861 1117 912 qui
1138 860 1229 898 mihi
1246 868 1279 898 ct
1295 872 1400 911 opem
1419 867 1453 897 et
1468 858 1753 897 benevolentiam
1774 857 2005 897 illustrissimi
2026 856 2161 896 Potteri

75 927 300 974 conciliavit,
322 940 435 978 neque
450 934 559 977 cessat
579 924 777 964 commodis
793 925 881 963 meis
900 923 1115 975 advigilare.
1138 921 1382 973 Cantabrigiae
1401 920 1531 959 officiis
1561 921 1636 959 suis
1663 935 1727 959 nos
1757 920 1919 959 certatim
1950 919 2160 973 prosequuti

75 997 159 1027 sunt
178 989 237 1027 vir
254 989 300 1027 cl.
320 989 564 1035 Rem-nnius,
593 986 798 1040 reipublicae
819 986 987 1025 literaria:
1007 985 1116 1023 decus
1143 993 1177 1022 et
1202 992 1450 1022 ornamentum
1466 1012 1478 1033 ,
1491 991 1526 1021 et
1538 983 1597 1022 vir
1608 982 1837 1021 doctissimus
1854 980 2161 1032 amicissimusque

76 1049 226 1090 Pmms
245 1050 463 1098 Numnam,
483 1049 609 1087 multis
627 1048 831 1100 insignibus
850 1047 955 1086 editis
974 1047 1144 1100 operibus
1162 1046 1292 1084 clarus.

130 1112 171 1150 In
190 1112 384 1151 Germania
403 1111 506 1149 nobis
524 1124 663 1163 semper
682 1118 811 1163 praesto
829 1110 916 1158 fuit,
942 1118 972 1147 et
990 1107 1035 1146 ad
1057 1117 1183 1146 nutum
1203 1106 1377 1145 beneficia
1394 1106 1545 1145 contulit
1574 1106 1628 1144 vir
1652 1106 1873 1145 clarissimus
1890 1107 2057 1146 JmNM-:s
2082 1104 2161 1144 BE-

75 1189 266 1215 ntmcws
286 1175 562 1213 Genuum-rus
579 1187 624 1211 Au
643 1172 924 1220 Eunusmmu,
941 1170 1170 1209 bibliotheca:
1190 1170 1357 1208 Caesareae
1389 1169 1600 1221 praefectus,
1617 1169 1674 1208 vir
1695 1168 1894 1207 eruditione
1921 1166 2133 1220 conspicuus
2149 1194 2160 1214 ,

75 1236 298 1276 humanitate
316 1250 398 1274 cum
414 1235 541 1288 primis
558 1233 809 1283 celebrandus,
834 1233 989 1284 denique
1014 1232 1176 1271 omnium
1195 1245 1442 1270 numerorum.
1468 1231 1618 1271 Viennae
1638 1245 1780 1283 quoque
1806 1239 1839 1269 et
1861 1242 1966 1268 manu
1995 1237 2030 1267 et
2047 1236 2162 1281 opeet

75 1300 275 1339 amicorum
295 1298 493 1337 ministerio
512 1297 557 1336 ad
581 1297 691 1336 nostri
719 1295 950 1335 commodum
966 1310 1051 1333 usus
1069 1309 1208 1347 semper
1232 1304 1284 1333 est
1303 1296 1473 1334 Jommzs
1492 1296 1805 1334 Camsropuonus
1823 1295 2160 1334 Binum-umus

74 1375 192 1410 meus,
215 1359 537 1412 Argentoratensis,
567 1371 676 1397 saerae
701 1359 868 1396 Caesareae
888 1358 1069 1409 Majestati
1099 1371 1119 1394 a
1147 1357 1328 1395 Consiliis.
1352 1357 1552 1408 Hamburgi
1579 1358 1687 1395 etiam
1711 1357 1792 1410 pari
1819 1370 1884 1395 nos
1912 1354 2161 1394 benevolentia

74 1431 315 1476 prosequutus
335 1431 388 1460 est
403 1422 462 1461 vir
481 1420 746 1473 insignissimus
761 1428 794 1458 et
815 1419 1082 1457 eruditissimus
1107 1420 1281 1458 Joamuzs
1305 1422 1507 1457 ALnEnTus
1535 1420 1564 1458 F
1568 1433 1764 1468 annicius,
1791 1433 1898 1470 quem
1916 1418 1964 1456 ob
1990 1417 2161 1471 praeclara

73 1485 111 1524 in
143 1484 401 1538 rempublicam
422 1484 617 1522 literariam
643 1482 768 1522 collata
781 1482 955 1520 beneficia
972 1481 1113 1533 ignorat
1141 1494 1245 1519 nemo
1273 1482 1337 1532 qui
1366 1481 1487 1520 literas
1513 1482 1619 1520 norit.
1655 1482 1692 1520 Is
1724 1483 2010 1534 manuscriptum
2027 1480 2164 1534 episto-

72 1548 192 1587 larum
210 1549 250 1589 S.
272 1547 420 1588 Joannis
435 1546 683 1599 Chrysostomi
699 1559 781 1595 ‚nec
795 1555 938 1597 rogatus
950 1575 962 1595 ‚
983 1545 1192 1596 Hamburgo
1209 1546 1393 1583 Lutetiam
1412 1544 1510 1583 misit
1526 1574 1537 1593 ‚
1559 1554 1599 1583 ut
1614 1544 1728 1584 oculis
1745 1545 1823 1598 ipse
1843 1543 1932 1583 meis
1945 1545 2064 1583 varias
2079 1543 2162 1582 inde

71 1610 240 1649 lectiones
258 1609 433 1661 {excipere
461 1621 616 1661 possem.
647 1608 770 1658 Neque
799 1606 941 1645 silentio
969 1605 1292 1658 praetermittendus
1320 1606 1377 1645 vir
1403 1605 1449 1645 cl.
1483 1606 1690 1645 Counanus
1716 1607 1898 1655 Wmow,
1928 1605 1991 1657 qui
2018 1605 2160 1643 nullum

71 1671 231 1725 lapidem
245 1686 315 1710 non
331 1671 444 1710 movit
461 1680 500 1709 ut
516 1670 646 1709 nostris
662 1670 795 1710 faveret
813 1669 942 1708 studiis
961 1678 996 1707 et
1012 1669 1193 1722 operibus.
1215 1669 1271 1708 En
1291 1669 1423 1716 habes,
1455 1667 1608 1708 candide
1624 1669 1754 1720 lector,
1786 1669 1952 1707 festivam
1966 1667 2159 1721 praeclaro-

74 1748 154 1773 rum
170 1734 356 1773 hominum
372 1733 674 1772 enumerationem
687 1762 697 1780 ,
717 1746 872 1784 quorum
891 1731 1186 1771 commemoratio
1206 1732 1339 1769 nemini
1356 1732 1476 1770 literas
1494 1731 1626 1769 amanti
1643 1745 1713 1769 non
1731 1740 1830 1782 grata
1848 1739 1963 1782 potest
1977 1744 2064 1770 esse.

128 1798 253 1849 Neque
271 1797 411 1836 tacendi
430 1806 513 1836 sunt
528 1796 702 1836 carissimi
719 1796 857 1835 sodales
875 1796 946 1834 mei
975 1795 1046 1834 viri
1062 1795 1180 1841 docti,
1203 1795 1265 1845 qui
1289 1809 1431 1833 mecum
1455 1794 1490 1832 in
1517 1795 1585 1833 hoc
1611 1794 1747 1833 edendo
1777 1808 1883 1847 opere
1912 1793 2158 1843 desudarunt,

74 1860 121 1898 D.
143 1859 319 1897 Canours
338 1873 389 1898 nr.
412 1873 460 1897 LA
479 1860 579 1908 Rus,
600 1860 649 1898 D.
671 1859 882 1897 Man-rmus
901 1858 1113 1904 Bomum,
1134 1865 1167 1894 et
1184 1857 1231 1895 D.
1262 1858 1453 1896 Josrznuns
1477 1857 1666 1895 Doussor.
1688 1857 1815 1895 Caeteri
1833 1865 1953 1896 autem
1970 1857 2033 1908 qui
2048 1857 2161 1896 variis

76 1921 288 1961 lectionibus
305 1922 526 1975 excipiendis
541 1936 684 1975 operam
702 1922 792 1960 bene
808 1921 913 1959 multi
932 1920 1130 1970 dederunt,
1146 1929 1179 1958 et
1197 1919 1284 1958 dant
1308 1919 1507 1971 hodieque,
1526 1920 1562 1959 in
1581 1920 1705 1972 aliquo
1724 1929 1903 1960 tomorum
1931 1919 2157 1972 sequentium

75 1985 472 2026 commemorabuntur:
491 1999 574 2024 nam
592 1985 628 2023 in
647 1984 724 2023 dies
739 1984 823 2024 novi
844 1982 892 2022 ad
906 1983 944 2021 id
963 1984 1121 2021 muneris
1140 1995 1177 2021 se
1190 1982 1398 2029 conferunt,
1422 1991 1457 2021 et

812 2145 966 2155 .....
994 2132 1059 2154 uno
1075 2121 1189 2155 avulso
1205 2129 1274 2154 non
1289 2118 1401 2154 delicit
1417 2120 1512 2153 alter.
