2513 3871
172 2985 221 3009 nu
231 2980 278 3005 iii·

109 3033 197 3058 qvia-,1
208 3034 214 3046 ι
233 3021 295 3046 sur·-

112 3112 161 3132 hu.

114 3167 183 3193 latr.
196 3167 280 3202 itini

738 239 776 268 S.

295 229 390 293 896

295 331 424 368 horum
441 328 536 367 sint:
560 326 611 363 sic
629 337 711 362 sane
738 332 771 361 et
802 322 837 360 in
870 319 1036 373 praesenti
1066 318 1141 356 vita
1161 330 1251 369 pau-

295 398 412 441 pertas
440 401 482 425 ac
505 384 643 424 divitiae
676 382 766 421 nihi!
789 380 890 419 aliud
912 388 1019 427 sunt,
1037 391 1148 430 quam
1171 391 1251 429 per·

294 458 424 487 sonatae
443 448 563 485 larvae.
585 445 686 484 Sicut
705 443 818 495 igitur
834 441 870 479 in
887 440 1026 479 theatro
1046 438 1172 477 sedens
1189 467 1200 485 ‚
1221 438 1251 476 si

294 523 402 560 quem
431 506 564 545 videris
594 519 640 544 ex
660 504 705 542 iis
719 503 781 555 qui
799 503 948 541 interius
963 499 1117 547 ludunt,
1132 513 1252 551 perso·

295 584 377 607 nam
393 577 591 619 gestantem
608 566 702 618 regis
717 595 725 612 ,
742 577 810 603 non
825 562 969 616 judicas
985 575 1067 600 eum
1086 560 1248 606 beatum,

294 645 407 682 neque
428 643 544 681 regem
574 642 648 666 esse
679 626 796 667 credis
811 655 821 673 ,
839 625 912 663 imo
943 636 1006 662 nec
1023 624 1098 675 ipse
1116 621 1253 675 optaris

293 706 366 730 esse
385 690 489 729 tans:
509 689 571 728 sed
592 703 674 727 cum
694 687 784 726 scias
802 685 898 738 quod
928 684 974 722 sit
1000 682 1180 736 quispiam
1206 697 1253 722 ex

293 751 337 789 iis
355 751 416 802 qui
434 759 622 788 versantur
638 749 672 786 in
698 749 786 795 foro,
810 745 951 784 sunium
971 744 1091 797 opifex
1111 752 1172 781 aut
1193 743 1252 781 sa-

291 813 356 851 ber
375 812 523 850 aerarius
537 841 547 861 ,
562 820 622 849 aut
643 809 744 848 aliud
761 807 956 860 quidquam
973 806 1056 849 tale,
1074 805 1249 858 nonjudi-

293 889 352 912 cas
368 874 471 912 illum
490 873 633 912 beatum
653 871 700 909 ob
717 883 925 923 personam,
943 877 1005 906 aut
1024 867 1070 905 ob
1091 877 1223 905 vestem
1241 896 1251 912 ,

293 950 407 987 neque
434 949 477 973 ex
499 935 595 973 hisce
621 934 728 972 rebus
747 932 902 970 aestimas
930 930 1028 968 illius
1046 929 1171 976 vitam,
1191 928 1252 967 sed

293 996 439 1050 despuis
461 997 583 1049 potius
606 996 710 1034 illum
728 994 775 1032 ob
791 1002 940 1031 ceteram
970 991 1144 1029 vilitatem
1167 1007 1175 1027 :
1201 991 1252 1029 sic

296 1072 379 1096 sanc
399 1067 433 1095 et
456 1058 514 1095 hic
536 1057 632 1095 vetut
650 1056 683 1094 in
704 1055 856 1102 theatro,
874 1053 1040 1092 videlicet
1061 1054 1095 1090 in
1118 1051 1253 1091 mundo

296 1118 434 1167 sedens,
446 1128 479 1157 et
498 1119 532 1157 in
549 1132 652 1156 scena
666 1116 829 1156 tudcnies
848 1125 1022 1168 spectans,
1036 1114 1096 1152 ubi
1119 1114 1253 1152 videris

295 1180 498 1232 complures
516 1178 648 1217 divites
664 1208 672 1222 ,
703 1191 746 1215 nc
770 1186 872 1228 putes
893 1189 975 1213 vere
1005 1175 1137 1213 divites
1156 1188 1251 1221 esse,

295 1240 356 1278 sod
373 1240 530 1278 divitum
549 1239 706 1277 obtectos
726 1237 900 1291 personis.
916 1237 1007 1274 Nam
1026 1234 1254 1286 quemadmo-

294 1303 382 1338 dum
414 1299 567 1350 itte,qni
599 1298 634 1337 in
663 1311 764 1335 scena
786 1309 904 1347 regem
932 1303 994 1332 aut
1019 1293 1104 1332 betti
1124 1293 1252 1332 ducem

294 1360 382 1411 agit,
402 1361 601 1411 frequenter
614 1367 664 1396 est
683 1357 854 1399 famulus,
866 1365 926 1394 aut
947 1354 1076 1406 aliquis
1093 1355 1253 1392 ficusaut

294 1422 414 1459 botros
444 1419 674 1458 vendentium
694 1417 730 1456 in
749 1418 826 1455 soro
843 1432 851 1455 :
875 1416 999 1455 itidem
1023 1425 1057 1454 et
1074 1415 1134 1453 hic
1152 1414 1254 1453 dives

293 1483 419 1522 crebro
434 1482 623 1536 pauperior
635 1490 688 1520 est
705 1477 999 1526 omnibus.Quod
1014 1478 1044 1516 si
1056 1477 1254 1516 detraxeris

295 1543 347 1582 illi
364 1558 568 1597 personam,
589 1543 617 1581 si
632 1541 885 1581 conscientiam
903 1539 1062 1591 explices
1081 1548 1115 1577 et
1132 1539 1252 1590 ingre-

293 1604 407 1643 diaris
427 1605 588 1643 animum
604 1633 613 1650 ‚
634 1603 783 1642 multam
816 1602 892 1640 illic
925 1600 1084 1640 offendes
1109 1600 1255 1639 virtutis

296 1666 452 1719 inopiam
468 1696 477 1714 ,
493 1665 759 1718 comperiesque
775 1664 937 1702 omnium
957 1661 1145 1700 hominum
1161 1661 1258 1713 abje-

295 1728 509 1766 ctissimum.
534 1725 852 1773 Quemadmodum
881 1723 974 1762 enim
1008 1723 1162 1761 instante
1187 1736 1254 1760 ve-

296 1804 413 1843 spera,
429 1788 673 1842 digressisque
691 1787 754 1839 qui
773 1786 1022 1831 consederant,
1042 1783 1104 1821 ubi
1123 1783 1257 1822 suerint

297 1866 317 1889 e
337 1850 473 1889 theatro
504 1849 634 1902 egressi
665 1848 900 1898 habitumque
920 1845 1054 1885 sabulae
1074 1843 1255 1897 deposue-

299 1913 371 1950 rint
389 1942 399 1959 ,
423 1911 482 1963 qui
507 1911 608 1964 prius
627 1923 726 1961 reges
744 1923 785 1946 ac
806 1907 916 1946 duces
931 1920 1006 1945 esse
1023 1905 1254 1953 videbantur,

299 1982 379 2026 post
397 1981 570 2025 apparent
587 1971 653 2009 lioc
669 1970 766 2021 quod
787 1977 892 2007 sunt:
912 1968 958 2005 ita
980 1980 1063 2005 sane
1083 1975 1114 2004 et
1137 1980 1230 2004 nunc
1246 1996 1255 2013 ‚

299 2044 487 2087 postquam
509 2046 604 2070 mors
622 2030 826 2079 advenerit,
851 2029 1103 2078 theatrumque
1131 2027 1259 2065 dimis-

300 2109 379 2133 sum
402 2095 527 2141 suerit,
543 2107 624 2131 cum
638 2092 852 2130 divitiarum
870 2089 1159 2143 paupertatisque
1179 2103 1259 2142 per·

301 2170 403 2196 sonas
422 2155 671 2208 deposuerint,
690 2168 812 2192 omnes
835 2153 922 2190 illuc.
952 2151 1100 2204 profecti
1120 2184 1129 2199 ‚
1155 2159 1261 2201 atque

299 2231 343 2256 ex
377 2216 461 2254 solis
491 2214 661 2267 operibus
688 2213 863 2265 judicati,
884 2211 1066 2249 declarant
1084 2210 1146 2262 qui
1178 2224 1262 2248 vere

299 2279 370 2317 sint
386 2275 600 2328 divites‚qui
623 2289 706 2313 vere
726 2287 924 2328 pauperes;
946 2273 1008 2324 qui
1027 2272 1207 2322 honorati,
1225 2281 1258 2310 et

302 2339 363 2391 qui
387 2339 541 2377 obscuri.

353 2401 393 2440 b.
418 2401 539 2451 ltaque
557 2401 757 2450 frequenter
771 2398 825 2444 sit,
844 2406 882 2435 ut
901 2397 963 2448 qui
980 2396 1040 2435 hic
1053 2396 1087 2435 in
1105 2395 1261 2434 divitum

303 2475 450 2499 numero
470 2461 594 2507 suerit,
616 2461 691 2498 illic
711 2459 909 2512 reperiatur
929 2458 1089 2496 omnium
1105 2472 1261 2511 pauper-

303 2523 432 2569 rimus3
449 2521 484 2560 id
505 2522 601 2573 quod
623 2522 753 2561 accidit
774 2521 858 2559 huic
877 2520 1000 2559 diviti.
1020 2518 1113 2558 Nam
1132 2519 1262 2557 simut-

301 2594 406 2635 atque
426 2584 635 2622 incubuerat
674 2598 817 2636 vespera
833 2613 842 2630 ‚
866 2583 935 2621 hoc
956 2591 1011 2620 cst
1035 2596 1130 2620 mors
1147 2611 1155 2625 ,
1176 2595 1266 2632 eque

303 2646 485 2698 praesentis
501 2646 584 2684 vita}
601 2647 739 2684 theatro
753 2659 916 2697 egressus
929 2653 992 2689 est,
1008 2657 1266 2696 personamque

303 2707 490 2760 deposuit.
512 2708 611 2745 visus
630 2717 682 2746 est
700 2707 776 2746 illic
795 2706 958 2746 omnium
979 2719 1053 2743 esse
1075 2705 1267 2757 pauperri-

305 2782 410 2805 mus:
439 2767 526 2806 adeo
548 2781 630 2806 vero
650 2781 801 2820 pauper,
820 2776 858 2805 ut
887 2780 930 2804 ne
957 2774 1093 2816 guttam
1116 2764 1265 2815 quidem

305 2843 404 2879 aqua*
425 2829 568 2867 liaberet
589 2828 624 2866 in
645 2843 706 2866 sua
725 2836 920 2881 potestate,
942 2825 1003 2864 sed
1032 2840 1096 2878 pro
1123 2826 1190 2863 hac
1207 2839 1265 2864 ro-

309 2899 405 2938 garet
422 2920 431 2935 ,
453 2905 564 2942 neque
585 2889 681 2942 quod
712 2889 873 2943 petebat,
895 2887 1060 2939 consequi
1095 2888 1262 2941 potuerit.

311 2951 407 2996 Quid
421 2951 486 2989 hac
503 2960 711 3004 paupertate
724 2950 916 3003 pauperius
927 2964 1000 2988 esse
1014 2949 1156 3003 posset?
1171 2949 1266 2989 Sub-

314 3010 392 3048 tatis
411 3011 503 3049 enim
523 3012 635 3050 oculis
655 3012 747 3058 suis,
767 3011 816 3050 ait
835 3009 880 3049 ad
902 3010 1107 3049 Abraham:
1131 3011 1262 3056 Pater,

815 235 1004 268 JOANMS
1041 232 1287 263 CHRYSOST.
1329 231 1540 262 Attonitum

1278 370 1303 400 C

314 3142 503 3167 summum
516 3132 627 3182 digiti
647 3133 708 3168 sui
730 3134 768 3168 in
788 3144 935 3183 aquam
949 3159 959 3175 ,
975 3139 1010 3167 et
1026 3130 1191 3168 instillet
1208 3132 1267 3166 ori
1297 3125 1305 3140 ¹

315 3202 407 3226 meo.
428 3190 538 3228 Vides
554 3200 684 3241 quauta
707 3205 760 3229 res
773 3191 817 3228 sit
837 3189 1009 3228 afflictio?
1026 3190 1118 3227 Cum
1139 3189 1268 3242 proxi-

316 3264 392 3287 mus
407 3260 492 3287 esset
516 3252 681 3297 Lazarus,
695 3251 898 3304 prcrteribat
913 3267 920 3288 :
938 3266 1031 3290 nunc
1046 3265 1126 3289 cum
1142 3250 1267 3304 procul

315 3309 423 3355 absit,
450 3311 585 3348 invoa-u
606 3328 612 3347 ε
632 3327 735 3362 quem
767 3315 966 3363 frequenter
999 3311 1201 3364 ingrediens
1233 3321 1266 3349 et

365 3442 376 3455 ⁸
405 3432 630 3470 Aluan-,2215-

1581 231 1664 262 CON
1678 231 1758 261 STA
1766 230 1930 261 wrtuop
1937 250 1948 260 .

1333 315 1483 366 βασιλέα
1497 309 1586 354 εἶναι
1601 316 1769 367 νομίζεις,
1782 316 1854 354 οὐδ’
1876 315 1917 353 ἂν
1938 314 2054 360 εὔξαιο
2071 315 2234 368 γενέσθαι
2251 322 2363 358 totou-

1330 391 1401 421 τος·
1420 378 1501 415 ἀλλ’
1522 375 1646 425 εἰδὼς,
1667 377 1721 415 ὅτι
1753 379 1823 415 τῶν
1856 375 2032 430 ἀγοραίων
2062 377 2116 421 τίς
2139 379 2236 427 ἔστι,
2256 394 2362 432 σχοι-

1330 437 1517 491 νοστρόφος
1533 438 1657 490 τυχὸν,
1672 436 1695 484 ἢ
1714 436 1986 490 χαλκοτύπος,ἣ
2007 437 2124 491 ἕτερόν
2141 454 2176 477 τι
2194 442 2363 488 τοιοῦτον,

1330 499 1369 536 οὗ
1403 497 1611 551 μακαρίζεις
1642 497 1700 538 διὰ
1726 499 1768 537 τὸ
1799 504 2019 550 προσωπεῖον
2050 499 2111 538 καὶ
2129 499 2194 546 τὴν
2220 499 2363 550 στολὴν,

1330 560 1401 597 οὐδ’
1421 559 1492 598 ἀπὸ
1526 558 1657 598 τούτων
1676 560 1780 598 αὐτοῦ
1808 559 1937 612 κρίνεις
1962 559 2026 607 τὴν
2051 559 2247 605 πολιτείαν,
2269 560 2362 601 ἀλλὰ

1329 620 1567 665 “καταπτύεις
1594 623 1698 659 αὐτοῦ
1731 620 1790 660 διὰ
1819 621 1884 668 τὴν
1919 622 2029 668 ἄλλην
2064 622 2253 661 εὐτέλειαν·
2270 621 2362 661 οὕτω

1329 682 1372 728 δὴ
1395 681 1455 720 καὶ
1475 683 1642 729 ἐνταῦθα,
1662 683 1823 735 καθάπερ
1843 684 1878 721 ἐν
1897 682 2033 735 θεάτρῳ
2047 712 2058 730 ,
2076 685 2127 736 τῷ
2154 682 2278 736 κόσμῳ
2295 698 2363 722 κα-

1331 743 1478 794 θήμενος
1504 743 1565 782 καὶ
1585 743 1645 782 ἐπὶ
1673 747 1806 791 σκηνῆς
1828 743 2017 788 παίζοντας
2036 744 2200 795 βλέπων,
2218 745 2359 784 ἐπειδὰν

1330 803 1406 857 ἴδῃς
1443 805 1676 849 πλουτοῦντας
1710 804 1886 853 πολλοὺς,
1914 805 1963 857 μὴ
2002 805 2191 850 πλουσίους
2221 805 2360 853 ἀληθῶς

1330 860 1419 906 εἶναι
1439 867 1558 917 νόμιζε
1570 897 1580 914 ,
1600 866 1691 905 ἀλλὰ
1712 866 1887 905 πλουσίων
1903 870 2125 919 περικεῖσθαι
2142 873 2359 920 προσωπεῖα.

1330 929 1500 979 Καθάπερ
1521 928 1590 980 γὰρ
1621 930 1748 971 ἐκεῖνος
1777 931 1795 966 ὁ
1815 928 1872 967 ἐπὶ
1892 930 1956 974 τῆς
1984 931 2115 976 σκηνῆς
2133 929 2191 967 τὸν
2212 928 2359 978 βασιλέα

1329 988 1388 1027 καὶ
1419 990 1476 1028 τὸν
1497 988 1695 1041 στρατηγὸν
1715 989 2001 1041 ὑποκρινόμενος,
2023 989 2193 1033 πολλάκις
2223 988 2362 1038 οἰκέτης

1330 1049 1377 1088 ὢν
1397 1048 1579 1103 τυγχάνει,
1600 1050 1622 1097 ἢ
1645 1052 1714 1088 τῶν
1737 1055 1827 1089 σῦκα
1844 1051 1904 1088 καὶ
1923 1051 2048 1104 βότρυς
2072 1050 2281 1090 πωλούντων
2302 1051 2358 1090 ἐπ’

1331 1114 1483 1164 ἀγορᾶς·
1511 1111 1601 1150 οὕτω
1633 1111 1675 1157 δὴ
1708 1113 1766 1149 καὶ
1796 1107 1894 1156 οὗτος
1932 1116 1950 1151 ὁ
1984 1112 2150 1156 πλούσιος
2187 1112 2361 1156 πολλάκις

1331 1173 1472 1210 πάντων
1506 1172 1711 1226 πενέστερος
1731 1172 1779 1209 ὢν
1800 1173 1979 1225 τυγχάνει.
2000 1173 2062 1212 Ἂν
2094 1173 2164 1226 γὰρ
2192 1173 2358 1228 περιέλῃς

1332 1233 1435 1270 αὐτοῦ
1467 1233 1507 1271 τὸ
1540 1239 1780 1285 προσωπεῖον,
1801 1233 1861 1271 καὶ
1893 1234 1933 1272 τὸ
1961 1234 2114 1278 συνειδὸς
2135 1234 2358 1282 ἀναπτύξης,

1331 1293 1391 1331 καὶ
1411 1294 1459 1335 εἷς
1485 1292 1548 1340 τὴν
1567 1295 1723 1332 διάνοιαν
1753 1293 1924 1347 εἰσέλθῃς,
1940 1295 2074 1341 πολλὴν
2097 1294 2256 1348 εὑρήσεις
2275 1278 2361 1348 ἀρε-

1331 1356 1394 1399 τῆς
1424 1357 1496 1393 ἐκεῖ
1532 1354 1675 1401 πενίαν,
1694 1355 1755 1393 καὶ
1784 1355 1925 1393 πάντων
1947 1355 2153 1409 ἀτιμότερον
2177 1355 2261 1395 ὄντα
2290 1358 2361 1395 τῶν

1331 1415 1537 1468 ἀνθρώπων.
1553 1414 1696 1468 ’Ὠσπερ
1711 1415 1778 1467 γὰρ
1794 1416 1851 1455 ἐπὶ
1870 1418 1939 1454 τῶν
1959 1417 2114 1468 θεάτρων
2127 1420 2192 1464 τῆς
2210 1415 2362 1470 ἑσπέρας

1331 1476 1619 1524 καταλαὸούσης,
1649 1477 1709 1515 καὶ
1750 1480 1818 1515 τῶν
1855 1477 2132 1528 συγκαθημένων
2169 1481 2363 1532 ἀναχωρη-

1333 1537 1489 1585 σάντων,
1509 1538 1699 1583 ἐξελθόντες
1719 1538 1785 1582 ἔξω
1798 1569 1808 1586 ,
1828 1538 1887 1576 καὶ
1906 1539 1945 1578 τὸ
1964 1543 2090 1592 σχῆμα
2107 1538 2124 1561 ¹³
2136 1542 2199 1586 τῆς
2217 1539 2363 1593 ὑποκρί-

1333 1615 1420 1663 σεως
1446 1599 1676 1649 ἀποθέμενοι,
1696 1602 1727 1638 οἱ
1758 1602 1914 1651 βασιλεῖς
1945 1602 2005 1639 καὶ
2037 1600 2228 1654 στρατηγοὶ
2253 1607 2363 1640 πᾶσιν

1334 1665 1422 1699 εἰναι
1458 1662 1637 1705 δοκοῦντες
1669 1660 1851 1714 φαίνονται
1882 1663 2003 1702 λοιπὸν
2031 1663 2119 1714 ὅπερ
2149 1662 2250 1701 εἰσίν·
2271 1661 2363 1700 οὕτω

1333 1721 1375 1769 δὴ
1396 1722 1455 1760 καὶ
1475 1726 1534 1760 νῦν
1556 1727 1615 1762 τοῦ
1635 1723 1784 1761 θανάτου
1813 1724 2098 1775 παραγενομένου
2117 1724 2178 1762 καὶ
2195 1726 2257 1762 τοῦ
2277 1724 2362 1763 θεά-

1332 1798 1414 1835 τρου
1447 1784 1625 1831 λυθέντος,
1644 1784 1688 1822 τὰ
1715 1789 1774 1823 τοῦ
1805 1785 1956 1823 πλούτου
1988 1791 2194 1837 προσωπεῖα
2229 1784 2290 1823 καὶ
2317 1785 2362 1824 τὰ

1333 1847 1396 1891 τῆς
1425 1845 1547 1888 πενίας
1577 1844 1787 1896 ἀποθέμενοι
1818 1846 1968 1894 πάντες,
1995 1848 2153 1892 ἀπῆλθον
2186 1847 2279 1884 ἐκεῖ·
2300 1846 2362 1884 καὶ

1335 1906 1406 1944 ἀπὸ
1432 1909 1500 1944 τῶν
1533 1906 1644 1957 ἔργων
1674 1906 1779 1956 μόνον
1812 1907 2011 1960 κρινόμενοι
2044 1906 2244 1960 φαίνονται,
2271 1907 2364 1951 τίνες

1336 1966 1398 2017 μὲν
1434 1968 1573 2014 ἀληθῶς
1603 1966 1784 2015 πλούσιοι,
1805 1967 1894 2011 τίνες
1928 1968 1963 2008 δὲ
1999 1969 2166 2016 πένητες,
2185 1968 2246 2007 καὶ
2273 1967 2364 2013 τίνες

1337 2028 1399 2079 μὲν
1415 2029 1572 2080 ἔντιμοι,
1590 2028 1683 2073 τίνες
1709 2029 1745 2068 δὲ
1765 2028 1891 2074 ἄδοξοι.

1394 2389 1572 2433 Πολλάκις
1591 2392 1673 2439 γοῦν
1701 2391 1771 2428 τῶν
1803 2388 1951 2428 ἐνταῦθά
1972 2404 2025 2433 τις
2043 2388 2283 2429 πλουτούντων
2305 2390 2368 2428 εὗ-

1343 2451 1423 2503 ρέθη
1461 2451 1603 2490 πάντων
1632 2453 1703 2490 ἐκεῖ
1737 2451 1940 2503 πενέστερος
1968 2451 2031 2496 ὢν,
2050 2451 2210 2503 καθάπερ
2228 2444 2288 2489 οὖν
2307 2450 2369 2489 καὶ

1340 2517 1358 2551 ὁ
1376 2513 1542 2556 πλούσιος
1571 2506 1683 2556 οὗτος.
1706 2511 1853 2559 Ἐπειδὴ
1886 2513 1954 2564 γὰρ
1974 2516 1994 2560 ἡ
2016 2512 2147 2565 ἑσπέρα
2174 2511 2369 2559 κατέλαὸε,

1340 2574 1517 2613 τουτέστιν
1534 2577 1551 2612 ὃ
1567 2574 1730 2622 θάνατος,
1750 2573 1809 2612 καὶ
1830 2575 1871 2611 ἐκ
1900 2578 1959 2611 τοῦ
1980 2573 2123 2626 θεάτρου
2141 2577 2204 2620 τῆς
2231 2572 2369 2625 παρού-

1343 2652 1406 2682 σης
1434 2637 1524 2681 ζωῆς
1544 2635 1683 2682 ἐξῆλθε,
1703 2636 1762 2673 καὶ
1782 2635 1822 2673 τὸ
1841 2640 2060 2686 προσωπεῖον
2086 2634 2250 2680 ἀπέθετο,
2267 2633 2368 2686 ὤφθη

1343 2698 1484 2736 πάντων
1506 2697 1577 2734 ἐκεῖ
1596 2696 1799 2746 πενέστερος
1818 2695 1879 2742 ὧν,
1892 2695 1951 2732 καὶ
1969 2694 2060 2733 οὕτω
2079 2693 2202 2741 πένης,
2217 2696 2264 2737 ὡς
2279 2693 2371 2744 μηδὲ

1344 2757 1509 2808 σταγόνος
1524 2756 1648 2800 ὕδατος
1670 2749 1758 2794 εἶναι
1777 2755 1907 2808 κύριος,
1923 2757 2000 2793 ἀλλ’
2018 2756 2104 2808 ὑπὲρ
2120 2755 2250 2801 ταύτης
2265 2769 2371 2808 προσ·

1345 2824 1454 2857 αιτεῖν
1467 2848 1478 2867 ,
1513 2818 1573 2856 καὶ
1607 2819 1688 2869 μηδ’
1725 2819 1833 2865 αὐτῆς
1870 2819 2048 2869 ἐπιτυχεῖν
2082 2819 2144 2862 τῆς
2183 2816 2368 2864 αἰτήσεως.

1346 2880 1394 2919 Τί
1425 2879 1557 2928 ταύτης
1586 2882 1649 2926 τῆς
1680 2879 1801 2923 πενίας
1833 2878 2037 2931 πενέστερον
2066 2878 2192 2930 γένοιτ’
2212 2878 2279 2927 ἄν;
2302 2877 2373 2917 Καὶ

1346 2942 1450 2981 ἄκουε
1469 2945 1561 2985 πῶς·
1586 2941 1718 2994 ἐπάρας
1735 2940 1802 2992 γὰρ
1829 2939 1906 2983 τοὺς
1934 2939 2131 2992 ὀφθαλμοὺς
2148 2942 2267 2987 αὐτοῦ,
2286 2940 2373 2993 φησὶ

1347 3005 1433 3055 πρὸς
1452 3005 1510 3044 τὸν
1529 3003 1711 3055 ’ΛΕραοίμ·
1735 3004 1872 3054 Πάτερ,
1896 3001 2038 3049 ἐλέησόν
2059 3017 2125 3052 με,
2148 3001 2207 3041 καὶ
2233 3000 2373 3054 πέμψον

113 3071 148 3091 '⁹'
174 3075 296 3102 ¹·*''1''''·
312 3073 487 3109 miserere
509 3074 582 3110 mei
596 3101 606 3119 ,
627 3081 662 3110 et
679 3077 788 3110 mitte
810 3073 1017 3118 Lazarum,
1037 3080 1078 3109 ut
1096 3073 1266 3123 intingat
1283 3073 1331 3097 ⁷³²
1351 3067 1526 3119 Ᾰᾶζᾰρθν,
1553 3065 1611 3103 ‘t‘voe
1645 3064 1742 3116 {soi-,⁹125
1774 3064 1814 3102 τὸ
1848 3064 1954 3116 d'xpov
1986 3067 2046 3102 τοῦ
2067 3063 2238 3102 8211?de
2269 3063 2374 3101 αὐτοῦ

1348 3128 1492 3175 ὕδατος,
1509 3127 1568 3166 καὶ
1599 3125 1768 3177 ἐπιστάξῃ
1787 3127 1837 3176 τῷ
1857 3123 2006 3175 στόματί
2028 3139 2106 3175 μου.
2127 3122 2236 3177 Ὁρᾷς
2266 3122 2373 3163 πόσον

1349 3190 1442 3228 ἐστὶν
1457 3192 1478 3236 ἡ
1495 3190 1631 3240 θλῑψις;
1653 3186 1809 3233 Πλησίον
1828 3186 1910 3224 ὄντα
1937 3185 2131 3237 παρέτρεχε
2144 3212 2155 3232 ,
2174 3184 2235 3223 καὶ
2254 3182 2375 3236 πόῤῥω

1348 3267 1387 3301 γε
1406 3250 1488 3289 ὄντα
1510 3252 1610 3288 καλεῖ
1639 3251 1698 3286 νῦν
1711 3263 1718 3270 ·
1739 3246 1776 3285 ὃν
1797 3247 1966 3291 πολλάκις
1998 3245 2115 3284 εἰσιών
2139 3260 2177 3284 τι
2195 3243 2255 3283 καὶ
2273 3241 2374 3288 ἰξιὼν

1348 3315 1414 3363 οὐχ
1455 3310 1546 3362 ἑώρα
1559 3340 1568 3357 ,
1600 3314 1719 3348 τοῦτον
1753 3307 1926 3359 μακρόθεν
1966 3307 2048 3345 ὄντα
2084 3307 2160 3357 μετ’
2195 3303 2374 3357 σἰκριὸείας

1426 3446 1438 3458 ·
1466 3432 1529 3465 Atii
1548 3441 1601 3471 τῆς
1611 3435 1786 3470 ὺποθίσιως.
