2513 3871
50 742 123 770 Lac.
144 742 234 774 mo.

45 2428 118 2456 Luc.
139 2434 231 2457 1.·ιο.

256 247 349 295 556

666 262 707 293 S.
744 262 932 294 sommis
966 263 1212 295 cnnYSOS‘r.
1251 265 1460 297 Attcutm’.
1491 266 1855 300 CONSTANTINOP-

254 343 355 391 Quid
376 344 487 395 igitur
507 343 598 383 ille?
619 343 727 391 Quod
756 344 852 383 enim
882 345 1118 399 proponimus
1143 346 1214 386 tale
1234 350 1260 381 D
1283 348 1366 387 στόν
1391 351 1485 397 ἐστι,
1508 349 1571 394 τὰς
1602 349 1639 389 δὲ
1669 351 1862 403 ἀποφάσεις
1892 349 2009 390 πίστει
2040 351 2204 404 δέχεσθαι
2223 353 2307 406 χρή.

251 418 317 455 oet,
341 409 476 448 nullam
493 409 634 448 veniam
652 408 732 448 dari
750 411 816 460 eis,
836 410 899 462 qui
919 410 1069 450 modum
1084 425 1212 451 oracu—

252 478 371 517 lorum
389 477 599 515 divinorum
619 477 795 516 curiosius
814 487 1040 529 scrutantur-5
1067 478 1128 518 sed
1147 493 1211 519 eo-

254 559 335 583 rum
355 545 565 583 sententiam
586 544 658 583 fide
676 545 921 598 accipiendam
942 561 1028 588 esse.
1054 547 1212 587 Videbat

253 619 391 649 aetatem
407 625 524 658 suam,
546 611 726 658 canitiem,
745 626 875 665 corpus
893 613 1139 652 imbecillum:
1157 615 1212 653 vi—

252 675 361 715 debat
386 677 470 715 item
490 677 612 715 uxoris
631 678 853 717 sterilitatem
874 694 884 727 ;
905 680 1049 719 modum
1075 680 1212 720 discere

253 743 369 782 voluit
383 753 417 783 et
432 745 483 782 ait
501 776 505 780 .
526 745 638 783 Unde
650 746 723 784 hoc
735 748 858 784 sciam
871 751 888 785 Ρ
901 746 1097 795 Quomodo
1118 747 1212 786 illud

251 810 347 849 erit?
365 812 447 851 Jam
467 812 633 850 consenui
651 821 684 849 et
701 811 859 859 incanui,
881 821 915 851 et
935 827 1027 851 uxor
1047 828 1124 852 mea
1139 823 1211 852 ste-

251 877 346 925 rilis,
368 888 534 931 provecta
564 880 599 917 in
619 878 749 917 diebus
767 879 841 917 suis
854 908 864 927 ,
890 889 972 918 aetas
992 881 1126 934 inepta,
1148 895 1211 920 na-

253 955 334 984 tura
367 946 546 985 imbecilla
579 961 589 983 ε

252 1015 453 1067 promissa?
468 1029 533 1068 ego
551 1015 612 1067 qui
638 1030 752 1054 seram
774 1015 940 1054 infirmus
953 1046 964 1064 ‚
985 1030 1064 1067 qua:
1083 1017 1213 1056 seritur

250 1080 394 1120 sterilis.
428 1084 554 1120 Annon
586 1081 752 1120 videatur
774 1081 880 1120 venia
905 1081 1038 1133 dignus
1069 1083 1131 1134 qui
1153 1098 1213 1122 ro-
1235 1099 1259 1130 ε

620 961 690 998 qua
724 946 859 985 ratione
896 956 1044 1000 possunt
1074 947 1213 1001 expleri

250 1160 332 1184 rum
352 1148 664 1199 consequutionem
679 1156 828 1199 quaerat,
846 1162 927 1186 cum
946 1162 966 1187 e
982 1163 1020 1187 re
1034 1149 1132 1200 loqui
1152 1150 1211 1188 vi-

248 1213 404 1252 deatur?
423 1218 468 1253 At
489 1228 557 1253 non
583 1215 659 1253 Deo
677 1214 810 1265 dignus
834 1214 936 1252 venia
963 1215 1064 1253 visus
1082 1225 1157 1265 est;
1178 1227 1211 1256 et

250 1282 376 1320 merito
390 1281 547 1334 quidem.
560 1283 652 1320 Cum
665 1283 760 1320 enim
775 1282 872 1319 Deus
885 1282 1095 1321 seutentiam
1109 1283 1210 1334 dicit,

248 1363 318 1387 non
337 1358 459 1388 contra
480 1348 787 1397 ratiocinandum,
809 1362 923 1400 neque
942 1363 1062 1388 rerum
1081 1364 1208 1390 conse-

248 1417 375 1468 quutio
394 1416 451 1455 vel
478 1425 615 1454 naturae
633 1416 821 1455 necessitas
840 1415 1044 1469 objicienda
1061 1427 1127 1465 est,
1149 1432 1209 1457 ne-

247 1498 316 1535 que
336 1483 545 1536 hujusmodi
565 1482 754 1536 quidpiam
772 1482 981 1535 agendum:
999 1483 1056 1522 his
1074 1485 1209 1539 quippe

247 1550 414 1589 omnibus
431 1551 595 1604 superior
611 1559 661 1589 est
677 1549 812 1589 divinae
829 1551 1009 1589 sententiae
1028 1552 1095 1600 vis,
1115 1553 1250 1627 nulli&

245 1618 403 1656 obnoxia
429 1617 700 1671 impedimento.
722 1617 821 1665 Quid
842 1617 934 1669 agiS,
956 1617 1093 1657 homo?
1112 1600 1250 1659 Deus&
1231 1602 1268 1670 ΑΒ

245 1683 450 1736 pollicetur,
469 1693 503 1723 et
519 1683 566 1723 ad
583 1693 722 1722 aetatem
739 1684 922 1736 confugis,
941 1694 976 1723 et
994 1695 1210 1726 senectutem

245 1751 399 1804 objicis?
431 1766 517 1790 num
549 1751 727 1803 potentior
758 1761 919 1791 senectus
951 1753 1018 1792 Dei
1056 1755 1210 1806 promis-

245 1819 369 1858 sione?
394 1833 480 1858 num
503 1818 659 1858 validior
675 1827 800 1857 natura
819 1827 976 1858 creatore
987 1833 1052 1858 suo
1065 1820 1083 1857 ?
1099 1820 1210 1858 nescis

246 1887 350 1925 sortia
375 1901 449 1925 esse
473 1886 667 1925 verborum
695 1886 772 1937 ejus
799 1899 906 1939 opera
925 1886 944 1924 ‚⁹
963 1886 1114 1925 verbum
1134 1891 1210 1939 ejus

246 1955 372 1994 caelum
391 1953 572 1992 constituit
591 1983 600 1997 ‚
629 1952 779 1991 verbum
807 1953 883 2005 ejus
900 1961 1017 1992 creatu
1026 1968 1100 1992 ram
1122 1969 1210 2007 pro-

247 2017 375 2067 duxit,
404 2020 556 2058 verbum
579 2021 656 2073 ejus
675 2019 818 2071 angelos
838 2019 941 2069 fecit,
968 2030 1001 2058 et
1021 2030 1058 2059 tu
1077 2020 1122 2060 de
1142 2021 1210 2060 filii

250 2087 496 2140 procreatione
513 2087 687 2126 dubitas?
707 2087 790 2124 ldeo
808 2086 1013 2138 indignatus
1032 2096 1083 2126 est
1098 2103 1209 2140 ange-

249 2152 323 2202 lus,
347 2167 460 2204 neque
487 2153 674 2191 sacerdotii
694 2167 799 2191 causa
821 2154 1000 2207 pepercit;
1031 2155 1103 2194 imo
1125 2170 1210 2194 vero

250 2219 299 2258 ob
333 2218 491 2272 idipsum
523 2219 726 2271 graviorem
762 2219 883 2259 intulit
916 2234 1072 2273 poenam.
1118 2223 1208 2260 Nam

247 2299 346 2334 eum,
367 2287 428 2338 qui
448 2287 527 2339 plus·
542 2286 678 2325 canteris
694 2285 879 2326 obtinebat
899 2287 1057 2336 honoris,
1077 2290 1212 2341 majore

249 2366 355 2403 quam
375 2353 436 2391 alii
461 2353 530 2391 side
553 2353 763 2392 instructum
792 2368 867 2392 esse
892 2355 1094 2407 oportebat.
1119 2356 1212 2405 Quis

249 2429 365 2458 autem
383 2435 493 2473 poenae
514 2420 672 2459 modus?
690 2422 792 2460 Ecce
810 2425 884 2460 eris
906 2430 1055 2471 tacens,
1077 2433 1114 2462 et
1133 2438 1212 2462 non

246 2491 389 2538 poteris
406 2489 528 2540 loqui.
546 2488 687 2539 Lingua
702 2497 776 2537 tua,
794 2488 929 2539 inquit,
950 2489 1211 2530 incredulitatis

248 2563 321 2591 tuce
339 2553 499 2592 ministra
517 2554 600 2601 suit,
618 2554 694 2607 ipsa
709 2554 968 2594 incredulitatis
982 2570 1103 2608 poenas
1117 2558 1209 2597 luet:

249 2621 353 2658 Ecce
372 2623 447 2658 eris
468 2629 616 2668 tacens,
645 2631 682 2660 et
703 2635 782 2659 non
803 2622 973 2675 loqueris
993 2624 1114 2663 donec
1137 2626 1213 2663 illa

238 2687 365 2739 fiant.
390 2688 640 2727 Animadverte
659 2689 916 2742 benignitatem
938 2690 1097 2728 Domini.
1131 2692 1210 2730 Non

249 2752 364 2791 credis
383 2754 487 2801 mihi,
511 2755 649 2806 inquit,
669 2770 763 2794 nunc
779 2770 919 2808 poenain
940 2756 1084 2810 accipc;
1104 2772 1213 2796 cum-

251 2831 319 2867 que
344 2819 449 2856 rebus
470 2820 556 2872 ipsis
581 2821 768 2860 veritatem
797 2823 1097 2876 comprobavero,
1129 2833 1214 2864 tunc

253 2885 340 2923 iram
373 2887 509 2925 solvam
543 2904 550 2925 :
576 2904 657 2927 cum
690 2889 860 2928 didiceris
894 2900 927 2928 te
953 2892 1035 2943 jure
1066 2893 1213 2946 plexum

252 2952 379 2999 fuisse,
411 2963 494 2991 tunc
515 2969 532 2992 a
563 2969 663 3006 ,ια-ηπ
686 2965 718 2993 te
737 2956 908 2994 liberabo.
934 2957 1091 2996 Audiant
1118 2961 1214 2997 Ano·

254 3018 352 3062 moei,
367 3027 540 3068 quantum
567 3018 738 3057 irascatur
754 3020 864 3065 Deus,
885 3034 965 3057 cum
981 3019 1026 3057 dc
1041 3034 1076 3058 sc
1091 3021 1214 3059 curio-

253 3083 327 3120 sius
345 3083 547 3135 inquiritur.
577 3086 683 3130 Quod
707 3086 735 3124 si
753 3086 824 3129 illc.
842 3086 926 3138 quia
945 3088 1087 3126 mortali
1110 3103 1216 3140 gene-

255 3150 380 3187 rationi
397 3165 464 3189 uon
485 3151 660 3201 crederet,
685 3153 853 3204 plectitur
875 3173 881 3191 z
907 3163 943 3192 tu
964 3156 1025 3206 qui
1047 3171 1215 3195 arcanam

256 3214 354 3252 illam
382 3225 414 3252 ct
435 3231 623 3268 supernam
644 3220 899 3269 perscrutaris,
924 3221 1105 3272 quomodo
1126 3238 1214 3276 sup-

253 3281 402 3333 plicium
420 3283 589 3334 effugies,
609 3283 669 3321 dic
690 3285 778 3323 mihi
791 3287 809 3324 ?
831 3287 897 3326 llle
916 3289 1008 3328 nihil
1028 3291 1181 3329 asseruit

1285 410 1387 455 Εἶδεν
1406 418 1454 461 εἷς
1483 417 1546 465 τὴν
1578 418 1719 465 ἡλικίαν
1744 419 1808 465 τὴν
1836 420 1980 466 ἑαυτοῦ,
1997 419 2046 463 είς
2072 419 2138 466 τὴν
2163 419 2310 467 πολιὰν,

1283 486 1331 528 εἰς
1359 484 1400 523 τὸ
1429 487 1532 535 σῶμα
1558 485 1598 524 τὸ
1637 485 1887 533 ἔξησθενηκός·
1919 479 2007 524 εἶδεν
2038 487 2086 530 εἰς
2117 487 2183 533 τὴν
2211 486 2309 525 στεί-

1286 569 1390 606 ρωσιν
1420 555 1483 599 τῆς
1509 553 1691 605 γυναικὸς,
1711 555 1770 593 καὶ
1801 553 2029 602 διηπίστησε,
2055 553 2115 592 καὶ
2140 553 2200 592 τὸν
2226 555 2311 606 τρό-

1283 637 1348 660 πον
1382 621 1529 668 ἐζήτησε
1563 624 1712 671 μαθεῖν,
1748 621 1810 658 καὶ
1843 614 1938 659 εἷπε·
1975 620 2077 659 Κατὰ
2108 620 2143 658 τί
2174 620 2310 672 γνώσο-

1285 704 1348 739 μαι
1380 692 1498 735 roffi-:03
1528 688 1632 735 Πῶς,
1659 689 1784 741 φησὶν,
1814 687 1915 727 ἔσται
1956 692 2078 735 τοῦτος
2109 686 2201 725 Ἰδοὺ
2239 686 2310 736 ἐγὼ

1283 753 1465 804 γεγήρακα
1494 753 1554 791 καὶ
1572 754 1819 803 πεπολίωμαι,
1851 751 1911 790 καὶ
1932 755 1955 801 ἡ
1982 751 2068 804 γυνή
2093 766 2158 803 μου
2188 756 2311 805 στεῖρα

1282 820 1523 873 προὸεὸηκυῑα
1543 823 1578 860 ἐν
1611 826 1687 866 ταῖς
1714 819 1864 872 ἡμέραις
1891 820 2017 866 αὐτῆς·
2038 822 2061 866 ἡ
2085 818 2206 866 ἡλικία
2236 817 2311 857 ἄω-

1286 905 1362 942 ρος,
1394 892 1415 935 ἡ
1445 888 1545 940 φύσις
1577 890 1772 941 ἄχρηστος·

1284 957 1455 1008 γελμένα,
1476 956 1545 1009 ἐγὼ
1564 960 1583 996 ὁ
1608 957 1760 1008 σπείρων
1791 956 1956 1002 ἀσθενής·
1979 959 2000 1002 ἠ
2023 956 2154 1007 ἄρουρα
2173 955 2307 1003 ἄγονος.

1283 1016 1358 1075 '‘Ap·
1377 1026 1415 1062 οὗ
1437 1024 1530 1063 δοκεῖ
1562 1039 1634 1062 τισι
1664 1022 1872 1074 συγγνώμης
1894 1023 1987 1068 ἄξιος
2017 1016 2105 1061 εἶναι
2135 1019 2308 1075 πραγμά-

1283 1107 1352 1129 των
1369 1091 1575 1130 ἀκολουθίαν
1595 1092 1788 1138 ἐπιζητῶν,
1804 1091 1864 1129 καὶ
1884 1092 1995 1129 δοκῶν
2017 1106 2052 1128 τι
2068 1089 2182 1141 λε’γειν
2199 1087 2308 1135 εἰκόςς

1806 891 1881 932 πῶς
1902 887 1977 940 ἔχει
1996 888 2097 938 λόγον
2121 886 2165 925 τὰ
2197 888 2311 938 ἐπηγ-

1283 1159 1374 1195 'An'
1389 1160 1427 1195 οὗ
1444 1160 1493 1211 τῷ
1506 1160 1590 1209 Θεῷ
1605 1157 1716 1202 ἔδοξεν
1733 1158 1824 1202 ἄξιος
1838 1153 1925 1196 εἶναι
1937 1174 1945 1182 ·
1961 1159 2020 1196 καὶ
2037 1158 2134 1208 μάλα
2149 1157 2306 1201 εἰκότως.

1281 1223 1396 1262 θΟταν
1412 1225 1480 1276 γὰρ
1499 1227 1517 1262 ὁ
1535 1224 1625 1267 Θεὸς
1654 1225 1915 1276 ἀποφαίνηται,
1933 1224 2122 1275 λογισμοὺς
2139 1230 2248 1262 κινεῖν
2268 1225 2307 1262 οὗ

1282 1293 1352 1346 χρὴ
1363 1322 1373 1339 ,
1389 1293 1466 1331 οὐδὲ
1481 1293 1701 1344 πραγμάτων
1725 1293 1944 1340 ἀκολουθίαν,
1959 1293 2036 1331 οὐδὲ
2052 1292 2185 1345 φύσεως
2199 1292 2309 1343 ἀνάγ·

1282 1377 1348 1409 κην
1367 1360 1629 1412 προίῗάλλεσθαι
1642 1390 1653 1404 ,
1671 1359 1748 1398 οὐδὲ
1771 1361 1857 1398 ἄλλο
1876 1375 1911 1398 τι
1929 1362 1999 1398 τῶν
2019 1358 2182 1398 τοιούτων
2196 1360 2306 1399 οὐδέν·

1281 1429 1422 1467 πάντων
1442 1427 1511 1480 γὰρ
1527 1427 1657 1466 τούτων
1683 1428 1841 1480 ἀνωτέρα
1865 1431 1928 1475 τῆς
1945 1428 2154 1481 ἀποφάσεως
2170 1431 2193 1475 ἡ
2209 1428 2312 1467 ὅύνα·

1283 1513 1341 1549 μις
1373 1496 1486 1536 οὐδενὶ
1514 1495 1774 1546 διακοπτομένη
1804 1495 1999 1547 κωλύματι.
2026 1496 2074 1535 Τί
2103 1501 2227 1545 ποιεῖς,
2251 1495 2310 1534 ἄν·

1252 1569 1420 1626 5θρωττε;
1449 1567 1468 1603 ὁ
1495 1565 1587 1608 Θεὸς
1618 1564 1892 1616 ἐπαγγέλλεται,
1914 1580 1972 1603 και
1999 1564 2058 1604 ἐπὶ
2077 1564 2216 1611 ἡλικίαν
2247 1579 2310 1603 κα-

1280 1631 1483 1684 ταφεύγεις,
1519 1631 1578 1670 καὶ
1611 1633 1722 1683 γῆρας
1751 1631 1964 1683 προὸάλλῃ;
1986 1631 2036 1682 μὴ
2065 1630 2135 1683 γὰρ
2166 1629 2310 1684 ἰσχυρό-

1280 1714 1380 1752 τερον
1407 1698 1448 1736 τὸ
1477 1713 1587 1750 γηρας
1612 1701 1674 1745 τ’ἧς
1704 1698 1916 1750 ἐπαγγελίας
1938 1702 1998 1737 τοῦ
2031 1701 2143 1747 Θεοῦ,
2164 1699 2213 1750 μὴ
2241 1698 2311 1750 γὰρ

1282 1766 1504 1817 δυνατωτέρα
1535 1769 1557 1813 ἡ
1589 1764 1689 1818 φύσις
1718 1770 1779 1804 τοῦ
1811 1767 2024 1820 δημιουργοῦ
2053 1769 2116 1813 τῆς
2148 1766 2305 1819 φύσεως;

1282 1836 1343 1872 οὐκ
1371 1827 1465 1878 οἶδας
1491 1834 1545 1872 ὅτι
1567 1834 1694 1886 ἰσχυρὰ
1726 1833 1812 1885 ἔργα
1838 1833 1950 1886 λόγων
1985 1836 2109 1882 αὐτοῦ,
2137 1833 2183 1873 Ὁ
2209 1834 2311 1886 λόγος

1283 1902 1388 1940 αὐτοῦ
1408 1901 1466 1940 τὸν
1487 1902 1630 1954 οὐρανὸν
1649 1901 1794 1948 ἔστησεν
1808 1915 1816 1924 ·
1837 1905 1855 1940 ὁ
1871 1902 1972 1954 λόγος
1992 1903 2095 1941 αὐτοῦ
2115 1901 2179 1949 τὴν
2196 1902 2311 1942 κτίσιν

1282 1968 1487 2022 παρήγαγεν
1504 1982 1512 1990 ·
1529 1972 1547 2008 ὃ
1565 1969 1664 2020 λόγος
1684 1969 1790 2007 αὐτοῦ
1807 1969 1974 2021 ἀγγέλους
1995 1968 2176 2016 ἐποίησεν,
2191 1969 2251 2008 καὶ
2268 1968 2311 2008 σὺ

1282 2037 1363 2091 περὶ
1380 2036 1573 2089 γεννήσεως
1592 2037 1844 2089 ἀμφιῧάλλεις;
1859 2036 1927 2074 Διὰ
1943 2040 2052 2074 ταῦτα
2066 2035 2310 2087 ἠγανάκτησεν

1283 2108 1301 2144 δ
1321 2104 1487 2157 ἄγγελος,
1506 2104 1566 2143 καὶ
1585 2104 1660 2143 οὐδὲ
1687 2103 1745 2142 διὰ
1771 2102 1834 2151 τὴν
1855 2102 2045 2154 ἱερωσύνην
2065 2102 2235 2154 συνέγνω·
2253 2102 2311 2142 διὰ

1283 2171 1414 2219 ταύτην
1430 2171 1492 2222 μὲν
1506 2165 1562 2210 οὖν
1584 2170 1643 2208 καὶ
1653 2171 1836 2215 ἐκολάζετο
1847 2170 2023 2220 μειζόνως.
2041 2169 2112 2209 Τὸν
2126 2169 2194 2222 γὰρ
2205 2170 2310 2209 πλέον

1283 2241 1352 2277 τῶν
1369 2239 1485 2278 ἄλλων
1499 2241 1546 2282 εἷς
1557 2240 1663 2288 τιμῆς
1676 2237 1802 2290 ἔχοντα
1821 2238 1921 2289 λόγον
1936 2238 1995 2276 καὶ
2015 2237 2098 2289 περὶ
2110 2237 2173 2284 τὴν
2193 2237 2311 2276 πίστιν

1282 2310 1353 2346 τῶν
1371 2308 1487 2346 ἄλλων
1508 2309 1727 2345 πλεονεκτεῖν
1744 2306 1825 2344 ἔδει.
1848 2306 1918 2345 Καὶ
1937 2305 1988 2349 τίς
2008 2308 2026 2344 ὁ
2041 2305 2167 2357 τρόπος
2179 2308 2243 2352 τῆς
2258 2321 2314 2344 κο·

1284 2374 1435 2421 λάσεως,
1453 2373 1543 2413 Ἰδοὺ
1562 2375 1624 2426 ἔσῃ
1660 2375 1824 2421 σιωπῶν,
1851 2372 1935 2411 ’καὶ
1959 2371 2008 2423 μὴ
2028 2372 2215 2423 δυνάμενος
2243 2373 2311 2411 λα-

1283 2442 1369 2479 λεῖν.
1387 2440 1432 2479 ‘ll
1448 2440 1592 2492 γλῶσσά
1605 2455 1685 2488 σου,
1702 2441 1808 2492 φησὶ,
1822 2440 1844 2487 ἣ
1861 2439 2044 2487 διηκόνησε
2062 2440 2149 2492 πρὸς
2166 2439 2231 2486 τὴν
2242 2442 2313 2478 τῶν

1286 2507 1455 2560 ῥημάτων
1465 2507 1645 2553 ἀπιστίαν,
1658 2507 1747 2554 αὕτη
1761 2507 1961 2552 ὃὲξεταικαὶ
1969 2506 2099 2553 τηνέπὶ
2109 2508 2152 2558 τῇ
2165 2506 2314 2559 ἀπιστία

1283 2574 1472 2626 τιμωρίαν·
1492 2573 1584 2612 Ἰδοὺ
1604 2574 1666 2625 ἔσῃ
1692 2577 1855 2622 σιωπῶν,
1875 2574 1935 2612 καὶ
1955 2573 2004 2624 μὴ
2027 2575 2144 2613 λαλῶν
2157 2603 2167 2620 ,
2186 2574 2252 2619 ἕως
2270 2574 2311 2613 ἂν

1284 2640 1429 2692 γένηται
1457 2644 1579 2679 ταῦτα.
1611 2640 1798 2688 Ἰἰννόησον
1828 2641 2090 2693 φιλανθρωπίαν
2111 2641 2311 2681 Δεσπότου·

1285 2710 1444 2751 ἀπιστεῖς
1460 2723 1540 2758 μοι,
1555 2707 1659 2759 φησί·
1684 2711 1742 2745 νῦν
1763 2708 1865 2760 δέχου
1888 2708 1951 2755 τὴν
1968 2710 2130 2756 κολασιν,
2150 2710 2210 2747 καὶ
2229 2710 2312 2749 ὅταν

1287 2776 1344 2815 διὰ
1372 2779 1441 2814 τῶν
1474 2775 1694 2827 πραγμάτων
1726 2775 1901 2828 παράσχω
1921 2775 1984 2822 τὴν
2015 2776 2212 2823 ἀπόδειξιν,
2236 2777 2314 2817 τότε

1286 2840 1360 2879 λύω
1376 2840 1438 2887 τὴν
1456 2841 1561 2892 ὀργήν
1575 2856 1583 2863 ·
1603 2839 1685 2878 ὅταν
1706 2841 1818 2892 μάθῃς
1830 2870 1839 2886 ,
1861 2843 1913 2879 ὅτι
1936 2841 2079 2885 δικαίως
2098 2842 2312 2890 ἐκολάσθης,

1288 2908 1366 2946 τότε
1395 2907 1434 2947 σὲ
1460 2907 1677 2946 ἀπαλλάττω
1707 2910 1769 2954 τῆς
1798 2907 1981 2959 τιμωρίας.
2016 2909 2254 2948 ’Λκουὲτωσαν
2281 2912 2314 2949 οἱ

1289 2971 1463 3022 ’Λνόμοιοι
1476 2974 1550 3013 πῶς
1565 2972 1754 3020 ἀγανακτεῖ
1769 2974 2170 3023 πολυπραγμονούμενος
2179 2976 2198 3012 ὁ
2211 2972 2312 3016 Θεός.

1294 3035 1393 3074 1”.ὶδὶ
1421 3037 1550 3078 ἐκεῖνος
1570 3037 1768 3082 ἀπιστήσας
1788 3039 1830 3086 τῇ
1854 3039 1961 3087 θνητῇ
1987 3038 2148 3087 γεννήσει
2172 3038 2318 3082 κολάζι·

1291 3115 1366 3146 ται,
1383 3099 1425 3137 σὺ
1441 3102 1459 3137 ὁ
1476 3099 1540 3145 τὴν
1561 3100 1757 3151 ἀπόρρητον
1787 3101 1847 3138 καὶ
1865 3100 1927 3146 τὴν
1947 3103 2018 3140 ἅνω
2039 3104 2316 3156 περιεργαζόμε-

1292 3180 1348 3206 νος
1369 3168 1442 3207 πῶς
1471 3164 1634 3216 διαφεύξῃ
1655 3165 1848 3215 τιμωρίαν,
1878 3165 1955 3204 εἶπέ
1985 3183 2064 3217 μοι,
2086 3167 2240 3211 Ἐκεῖνος
2256 3170 2319 3207 οὐκ

1295 3228 1519 3281 ἀπεφήνατο,
1550 3229 1641 3267 ἀλλὰ
1675 3232 1796 3279 μαθεῖν
1825 3229 1997 3278 ἠθέλησε,
2030 3231 2089 3269 καὶ
2123 3234 2185 3270 οὐκ
2215 3231 2317 3284 (wls

1197 3321 1208 3340 ‚
1245 3299 1272 3332 C
1296 3291 1527 3344 συγγνώμης”
1552 3291 1594 3331 σὺ
1614 3293 1651 3332 δὶ
1673 3295 1692 3331 ὁ
1719 3293 1780 3331 καὶ
1798 3294 1927 3333 εἰδέναι
1959 3296 2255 3348 διισχυριζόμενος
2273 3295 2318 3335 nh

298 3443 311 3463 ⁴
339 3443 432 3483 thee,
452 3448 498 3476 12⁴1
523 3460 567 3485 μ»,
590 3446 746 3485 ὅηύμιιος
763 3449 881 3484 hicn,
902 3447 1021 3482 destini
1039 3450 1071 3483 in
1086 3451 1286 3493 quibudam
1300 3452 1376 3486 Mss.
1395 3461 1427 3485 et
1443 3452 1579 3486 Susino.
