2513 3871
137 443 212 472 lui.
235 440 281 478 14.

139 1111 234 1139 Len-ie.
273 1121 320 1140 ε’),

135 1165 185 1197 Νη
189 1178 216 1193 m
221 1188 227 1194 .

145 1970 168 1988 ι.
186 1961 253 1987 Cor.
274 1960 303 1989 3.

143 2009 190 2037 ις).

141 2047 212 2073 dub.
231 2043 260 2072 5.
283 2042 329 2070 13.

771 282 809 311 S.
848 277 1034 310 JOANMS
1067 274 1310 307 cnnYSOS'r.

343 287 434 333 790

340 368 419 407 fieri
435 377 658 418 nequaquam
672 376 785 416 posse,
801 371 841 400 ut
862 375 942 413 quae
961 362 1058 399 Deus
1075 358 1294 406 decreverat,

342 441 513 480 umquam
527 433 700 465 everteret
717 423 873 462 humana
892 422 1063 475 potentia.
1086 421 1194 459 Num
1208 433 1295 470 quoe

341 490 449 527 Deus
460 495 632 531 sanctus,
651 483 779 536 inquit,
794 485 948 530 statuit,
963 484 1051 534 quis
1065 481 1268 532 dissipabit
1278 483 1295 517 Ρ

339 562 388 587 ae
406 561 563 586 manum
578 547 688 585 illius
700 546 894 585 excelsam
916 547 1002 597 quis
1027 552 1171 582 avertet
1185 548 1203 581 ?
1215 543 1295 581 Sio-

340 618 379 647 ut
405 609 501 646 enim
531 621 765 659 quaecumque
783 606 843 644 ille
858 604 1048 643 stabilierit
1072 604 1296 655 volueritque

339 683 493 715 manere,
512 669 633 707 nullus
652 668 760 706 homo
777 675 890 719 potest
907 665 1073 704 demoliri
1091 680 1100 701 :
1122 665 1170 702 ita
1189 678 1294 715 quae-

340 743 492 782 cumque
517 729 735 767 destruxerit
757 727 980 778 volueritque
999 739 1141 764 manere
1155 725 1295 772 diruta,

340 805 442 830 nemo
462 791 592 843 poterit
612 791 822 828 instaurare.
851 790 991 828 Verum
1009 796 1085 826 esto
1103 801 1202 832 sane,
1221 787 1295 826 Ju-

339 851 424 900 daei,
457 866 521 890 rex
551 851 724 903 templum
755 848 982 897 reddiderit,
1017 861 1115 886 aram
1148 861 1295 900 prorsus

339 914 504 958 erexerit,
516 911 817 964 quemadmodum
833 924 897 948 vus
907 910 1039 948 frustra
1051 909 1208 961 potuisse
1219 908 1294 946 lieri

338 974 571 1027 suspicamini
593 988 602 1012 z
625 987 710 1011 num
725 982 759 1010 et
779 972 897 1023 ignem
921 970 1095 1008 caelestem
1112 983 1131 1007 e
1146 967 1294 1007 sublimi

341 1045 476 1088 poterat
505 1035 608 1073 vobis
631 1033 843 1072 demittere?
861 1031 933 1079 Qui
958 1031 987 1069 si
1012 1030 1196 1075 defuisset,
1225 1029 1291 1067 im·

340 1097 441 1149 pium
470 1106 504 1135 et
530 1096 712 1148 impurum
737 1095 860 1132 fuisset
885 1091 1117 1131 sacrificium.
1145 1091 1204 1129 Ob
1228 1090 1296 1128 boc

293 1188 299 1194 .
338 1158 434 1195 enim
454 1157 634 1209 perierunt
649 1155 717 1193 filii
738 1157 869 1199 Aaron,
887 1152 985 1203 quod
1002 1153 1120 1203 ignem
1139 1151 1296 1189 alienum

339 1216 560 1255 induxerint.
601 1214 845 1253 Nihilominus
875 1213 923 1250 ad
958 1211 1077 1250 omnia
1107 1210 1293 1258 obcaecati,

337 1277 570 1316 obsecrabant
589 1290 629 1314 ac
647 1274 900 1327 supplicabant
916 1302 926 1321 ,
944 1281 983 1311 ut
1004 1287 1087 1311 cum
1106 1271 1194 1324 ipsis
1213 1285 1296 1309 sus-

337 1339 470 1391 ciperet
494 1346 528 1375 et
554 1335 807 1387 aggrederetur
829 1333 1123 1372 instaurationem
1157 1331 1294 1384 templi.

337 1403 383 1438 At
410 1398 471 1437 ille
487 1407 522 1436 et
541 1396 710 1450 pecunias
732 1393 923 1447 impendit,
945 1403 979 1432 et
996 1393 1177 1446 praefectos
1197 1391 1296 1430 misit

337 1460 432 1498 vims
451 1460 644 1512 primates,
665 1466 699 1495 et
723 1456 878 1495 artifices
906 1454 1141 1506 undiquaque
1163 1453 1294 1492 accersi

332 1520 457 1573 jussit,
473 1519 564 1557 nihil
583 1532 651 1557 non
668 1518 764 1565 fecit,
784 1516 875 1555 nihil
897 1529 966 1554 non
984 1515 1150 1561 tentavit,
1173 1514 1295 1568 paula·

337 1582 403 1620 tim
423 1595 465 1619 ac
486 1580 615 1619 sensim
641 1579 709 1618 hoc
729 1592 836 1630 agens
849 1608 859 1625 ‚
880 1591 1096 1631 speransque
1129 1577 1295 1614 futurum

339 1651 377 1681 ut
392 1643 422 1681 si
440 1650 555 1695 posset
576 1641 657 1679 illos
677 1639 724 1678 ad
742 1637 1019 1678 sacrificandum
1038 1637 1220 1683 inducere,
1243 1637 1295 1674 sa-

338 1703 404 1741 cile
425 1702 506 1740 illos
520 1709 702 1739 revocaret
716 1699 763 1739 ad
778 1700 916 1738 cultum
924 1698 1218 1739 simulacrorum,
1231 1698 1295 1737 Si·-

339 1763 416 1802 mul
428 1773 462 1801 et
479 1761 569 1801 illud
585 1762 660 1800 fore
679 1761 844 1814 sperabat
862 1760 1005 1798 insanus
1022 1759 1084 1798 ille
1102 1772 1143 1796 ac
1157 1771 1295 1806 vecors,

342 1833 380 1862 ut
397 1823 533 1862 Christi
551 1822 760 1861 senteutiam
779 1822 1023 1864 frustraretur,
1042 1833 1121 1871 qua:
1140 1833 1209 1858 non
1232 1833 1297 1872 pa-

343 1884 431 1922 titur
456 1884 629 1936 templum
656 1881 750 1921 illud
775 1881 978 1920 instaurari.
999 1881 1137 1920 Verum
1164 1880 1214 1927 is,
1234 1880 1297 1931 qui

345 1944 614 1998 comprehendit
628 1944 802 1997 sapientes
822 1943 857 1981 in
877 1943 1036 1995 ipsorum
1051 1942 1197 1990 astutia,
1215 1956 1296 1994 pro-

346 2006 442 2045 tinus
464 2006 551 2057 ipsis
576 2006 677 2043 sactis
702 2003 897 2042 declaravit
918 2003 994 2051 illi,
1027 2004 1092 2041 Dei
1115 2003 1298 2041 decretum

346 2066 512 2106 omnibus
543 2080 617 2104 esse
651 2065 851 2117 potentius,
876 2063 1068 2115 validaque
1093 2077 1167 2102 esse
1191 2077 1299 2117 opera

347 2141 547 2167 sermonum
570 2126 647 2164 Dei.
665 2127 754 2164 Nam
770 2124 985 2175 simulatque
1000 2134 1190 2163 tentassent
1204 2125 1300 2162 hunc

349 2189 500 2242 impium
514 2197 694 2231 conatum,
706 2186 892 2238 coepissent
906 2185 1042 2223 nudare
1057 2184 1300 2233 fundamenta,

351 2250 499 2288 multam
519 2259 648 2287 terram
668 2246 927 2296 exhausisseut,
945 2255 1162 2297 restaretque
1178 2247 1302 2298 utjam

351 2320 570 2350 structuram
587 2307 865 2360 aggrederentur
885 2323 892 2344 ε
910 2307 1075 2360 protinus
1097 2307 1190 2359 ignis
1203 2308 1305 2345 exsi-

353 2372 440 2409 liens
468 2386 486 2408 c
518 2369 758 2408 fundamentis
796 2368 933 2406 exussit
962 2368 1093 2406 multos
1106 2398 1116 2415 ,
1150 2368 1332 2430 itemquc‘⁵

1335 2405 1364 2431 '47

1350 273 1539 303 Ancum?
1548 291 1557 302 .
1595 269 1955 302 ΟΟΝδἸἌΝΤΙΝΟΡ.

1365 355 1464 395 ποτέ.
1484 355 1523 393 Ἃ
1541 354 1611 407 γὰρ
1630 358 1649 394 ὁ
1666 354 1758 397 Θεὸς
1775 356 1794 392 ὁ
1812 354 1910 404 ἅγιος
1942 351 2190 404 βεὸούλευται,
2206 351 2315 404 φησὶ,
2337 350 2389 393 τίς

1366 416 1607 463 διασκεδάσει;
1625 416 1686 454 καὶ
1718 414 1782 462 τὴν
1809 419 1912 467 χεῖρα
1942 414 2049 452 αὑτοῦ
2079 412 2146 459 τὴν
2174 410 2313 465 ὑψηλὴν
2337 412 2392 455 τίς

1366 477 1597 531 ἀποστρέψει;
1616 476 1761 529 Ὥσπερ
1779 476 1847 527 γὰρ
1869 475 1892 515 ἃ
1907 474 1948 513 ἂν
1967 474 2148 526 ἀναστήσῃ
2162 473 2222 512 καὶ
2238 474 2391 524 βουληθῇ

1367 538 1507 590 με’νειν,
1537 539 1698 576 καθελεῖν
1726 537 1895 576 ἀδύνατον
1921 535 2137 588 ἀνθρώποις·
2165 534 2273 578 οὕτως
2301 534 2393 587 ὅπερ

1366 598 1409 637 ἂν
1423 599 1555 651 καθέλῃ
1577 599 1637 638 καὶ
1654 598 1825 650 βούληται
1840 597 1955 648 μένειν
1977 594 2221 649 καθῃρημίνα,
2238 596 2394 641 ἀναστῆ·

1366 675 1427 698 σαι
1441 659 1548 699 πάλιν
1570 661 1634 697 οὐκ
1653 659 1715 698 ἔνι.
1737 658 1859 698 Ἔστω
1884 658 1920 697 δὲ
1934 688 1945 706 ,
1961 659 2143 705 Ἰουδαῖοι,
2162 656 2217 696 ὅτι
2234 654 2393 708 βασιλεὺς

1366 722 1424 760 τὸν
1452 721 1534 759 ναὸν
1565 721 1701 767 ἐδίδου,
1729 720 1790 758 καὶ
1822 719 1880 758 τὸν
1914 720 2034 771 βωμὸν
2065 718 2211 766 ἀνίστα,
2233 717 2392 768 καθάπερ

1365 784 1466 833 ὑμεῖς
1495 781 1709 821 ὑποπτεύετε
1733 780 1871 831 μάτην·
1908 781 1957 831 μὴ
2001 780 2062 819 καὶ
2091 779 2132 818 τὸ
2163 782 2233 831 πῦρ
2263 778 2393 816 ἀνωθεν

1365 846 1448 894 ὑμῖν
1470 845 1609 896 ἀφεῖναι
1627 845 1666 881 ἐκ
1681 844 1750 880 τῶν
1777 843 1932 894 οὐρανῶν
1962 841 2105 884 δυνατὸς
2128 834 2191 888 ἦη
2208 839 2333 879 τούτου
2356 837 2392 877 δέ

1366 908 1430 943 οὐκ
1450 904 1569 951 ὄντος,
1596 902 1722 954 ἐναγὴς
1754 902 1814 941 καὶ
1843 902 2039 954 ἀκάθαρτος
2057 896 2100 950 ἦν
2120 904 2144 948 ἡ
2160 899 2263 940 θυσία
2280 901 2392 950 ὑμῶν.

1365 966 1434 1005 Διὰ
1462 970 1564 1004 τοῦτο
1582 968 1665 1017 γοῦν
1684 967 1716 1002 οἱ
1740 965 1862 1008 παῖδες
1884 963 2019 1015 Ἀαρὼν
2042 962 2250 1008 ἀπώλοντο,
2271 959 2393 1006 ἐπειδὴ

1368 1031 1437 1079 πῦρ
1470 1027 1653 1077 ἀλλότριον
1686 1025 1903 1076 εἰσήνεγκαν.
1927 1025 2018 1064 Ἀλλ’
2036 1025 2133 1076 ὅμως
2147 1023 2235 1076 πρὸς
2251 1022 2393 1062 ἅπαντα

1367 1087 1625 1140 τυφλώττοντες
1643 1087 1866 1140 παρεκάλουν
1893 1087 2017 1135 αὐτὸν,
2050 1086 2111 1125 καὶ
2136 1085 2290 1124 ἱκέτευον
2312 1098 2393 1121 συν·

1368 1149 1521 1200 α’ρασθαι
1546 1149 1606 1187 καὶ
1632 1148 1896 1200 συνεφάψασθαι
1915 1150 1977 1194 τῆς
1995 1147 2183 1197 οἰκοδομῆς
2209 1148 2270 1184 τοῦ
2298 1147 2393 1183 ναοῦ-

1367 1209 1414 1248 ‘0
1447 1208 1484 1247 δὲ
1516 1209 1576 1248 καὶ
1606 1209 1778 1261 χρήματα
1808 1209 1993 1256 ἀνήλωσε,
2023 1209 2085 1247 καὶ
2115 1206 2307 1249 ἐπιστάτας
2333 1207 2395 1244 τοῦ

1368 1269 1469 1320 ἔργου
1489 1269 1626 1321 ἔπεμψε
1654 1269 1732 1313 τοὺς
1748 1269 1819 1308 ἀπὸ
1838 1271 1901 1314 τῆς
1921 1269 2078 1319 μεγάλης
2096 1269 2232 1320 ἀρχῆς,
2253 1266 2315 1305 καὶ
2333 1281 2396 1304 τε-

1366 1329 1490 1382 χνίτας
1531 1330 1702 1368 πάντοθεν
1743 1329 1906 1377 ἐκίνησε,
1941 1329 2002 1367 καὶ
2035 1328 2152 1367 πάντα
2194 1327 2305 1367 ἐποίει
2335 1325 2397 1364 καὶ

1366 1391 1674 1443 ἐπραγματεύετο,
1695 1391 1813 1445 ἠρέμα
1828 1391 1993 1430 καὶκατὰ
2013 1389 2138 1441 μικρὸν
2154 1389 2257 1442 ἄχρις
2272 1386 2396 1431 αὐτοὺς

1367 1454 1417 1495 εἰς
1435 1452 1476 1491 τὸ
1494 1453 1586 1492 θύειν
1612 1452 1751 1505 ἐμὸάλῃ
1767 1481 1777 1499 ,
1798 1453 2004 1505 προσδοκῶν
2021 1453 2153 1490 ἐκεῖθεν
2172 1451 2233 1489 ἐπὶ
2245 1449 2311 1497 τὴν
2326 1450 2397 1488 τῶν

1367 1514 1522 1552 εἰδώλων
1549 1513 1735 1566 θεραπείαν
1754 1513 1847 1561 ἥξειν
1869 1513 2015 1568 ῥαδίως,
2044 1515 2133 1564 ὁμοῦ
2160 1527 2199 1551 τε
2214 1510 2365 1556 ἐλπίζων
2380 1513 2400 1549 ὁ

1369 1574 1538 1625 μεμηνὼς
1556 1575 1617 1613 καὶ
1644 1574 1791 1618 ἀνόητος
1813 1578 1873 1613 τοῦ
1902 1575 2056 1627 Χριστοῦ
2079 1573 2309 1627 περιγράφειν
2333 1570 2422 1619 τὴν”

1367 1635 1565 1689 ἀπόφασιν,
1582 1635 1645 1683 τὴν
1665 1637 1727 1674 οὖκ
1743 1637 1856 1674 ἐῶσαν
1872 1637 2067 1682 ἀναστῆναι
2085 1635 2145 1674 τὸν
2160 1634 2243 1673 ναὸν
2256 1635 2398 1673 ἐκεῖνον.

1367 1698 1464 1736 Ἀλλ’
1487 1700 1506 1736 ὁ
1533 1697 1770 1749 δρασσόμενος
1798 1696 1878 1740 τοὺς
1908 1697 2034 1749 σοφοὺς
2059 1698 2094 1735 ἐν
2127 1699 2171 1748 τῇ
2203 1694 2399 1748 πανουργίᾳ

1370 1760 1508 1807 αὐτῶν,
1540 1757 1666 1802 εὐθέως
1696 1758 1753 1796 διὰ
1786 1760 1857 1796 τῶν
1887 1758 1997 1811 ἔργων
2023 1757 2169 1806 ἐδήλου,
2195 1757 2251 1796 ὅτι
2277 1759 2314 1795 αἱ
2337 1759 2399 1795 τοῦ

1319 1832 1345 1863 E
1369 1823 1463 1861 Θεοῦ
1476 1823 1587 1873 &aaz
1605 1820 1747 1859 πάντων
1764 1820 1831 1858 εἰσὶ
1854 1819 2113 1872 δυνατώτεραι,
2132 1818 2193 1858 καὶ
2211 1817 2338 1871 ἰσχυρὰ
2353 1817 2398 1857 τὰ

1369 1882 1455 1935 ἔργα
1471 1883 1541 1920 τῶν
1554 1880 1667 1933 λόγων
1683 1885 1744 1919 τοῦ
1763 1883 1868 1920 Θεοῦ.
1891 1880 1954 1925 Ὡς
1973 1882 2042 1934 γὰρ
2055 1880 2192 1933 ἥψαντο
2206 1883 2269 1927 τῆς
2286 1894 2399 1931 παρα·

1370 1943 1476 1994 νόμου
1516 1943 1645 1989 ταύτης
1684 1943 1857 1989 σπουδῆς,
1890 1942 1950 1981 καὶ
1983 1946 2134 1995 γυμνοῦν
2172 1940 2322 1995 ἤρξαντο
2351 1939 2398 1979 τὰ

1372 2004 1536 2056 θεμέλια,
1557 2004 1617 2042 καὶ
1645 2004 1754 2042 πολὺν
1775 2003 1949 2042 ἐκένωσαν
1968 2007 2053 2057 χοῦν
2065 2034 2075 2051 ,
2101 2003 2161 2041 καὶ
2179 2005 2242 2049 τῆς
2260 2003 2397 2043 οἰκοδο·

1375 2069 1443 2118 μῆς
1476 2066 1648 2104 ἅπτεσθαι
1677 2066 1797 2104 λοιπὸν
1830 2065 2004 2115 ἤμελλον·
2036 2068 2108 2116 πῦρ
2135 2065 2339 2111 ἐκπηδῆσαν
2358 2064 2399 2102 ἐκ

1373 2129 1442 2166 τῶν
1457 2126 1628 2178 θεμελίων
1642 2126 1766 2170 εὐθέως
1775 2126 1962 2178 κατέφλεξέ
1974 2142 2013 2166 τε
2022 2125 2172 2170 πολλοὺς
2184 2126 2401 2180 ἀνθρώπους,

1376 2191 1414 2227 οὐ
1437 2190 1507 2240 μὴν
1531 2187 1623 2227 ἀλλὰ
1649 2188 1709 2226 καὶ
1736 2187 1816 2231 τοὺς
1834 2188 1948 2232 λίθους
1966 2192 2027 2227 τοῦ
2045 2187 2153 2227 τόπου
2177 2189 2326 2236 ἐκείνου,
2341 2189 2403 2227 καὶ

1376 2253 1439 2297 τῆς
1464 2250 1612 2303 ἀκαίρου
1641 2249 1854 2302 φιλονεικίας
1884 2250 2029 2298 ἔστησεν
2048 2251 2110 2289 ”οὗ
2138 2250 2242 2301 μόνον
2260 2249 2340 2294 τοὺς
2363 2250 2405 2289 τὸ

1380 2313 1480 2364 ἔργον
1520 2311 1835 2364 ἐπιχειρήσαντας,
1868 2311 1961 2350 ἀλλὰ
1990 2313 2051 2351 καὶ
2081 2313 2243 2352 Ἰουδαῖοι
2280 2310 2405 2351 πολλοί

1379 2377 1482 2412 τοῦτο
1500 2374 1710 2423 θεασάμενοι
1730 2372 1919 2419 ἐξέστησαν
1939 2373 1998 2411 καὶ
2024 2373 2263 2427 ᾐσχύνθησαν.
2282 2373 2408 2412 Ταῦτα

354 2432 491 2485 lapides·
522 2446 563 2470 eo
595 2432 630 2469 in
662 2431 740 2469 loco
771 2430 926 2482 positos,
956 2439 990 2468 et
1018 2430 1306 2483 intempestivam
1331 2443 1357 2472 Λ
1380 2434 1533 2478 ἀκούσας
1548 2437 1566 2472 ὁ
1583 2433 1747 2485 βασιλεὺς
1764 2433 1976 2481 Ἰουλιανὸς,
1999 2435 2115 2474 καίτοι
2140 2434 2317 2482 τοσαύτην
2337 2449 2407 2485 μα-

356 2494 583 2547 pertinaciam
605 2491 807 2543 interrupit.
827 2491 899 2529 Nec
916 2490 1033 2528 solum
1051 2491 1113 2541 qui
1130 2491 1230 2543 operi
1250 2491 1308 2529 in-

356 2556 515 2602 stabant,
539 2554 598 2591 sed
621 2553 727 2590 etiam
751 2551 959 2591 Judaeorum
980 2551 1083 2589 multi
1107 2560 1252 2603 stupore
1267 2567 1309 2591 ac

358 2618 485 2655 rubore
518 2615 642 2667 repleti
681 2622 775 2651 sunt.
805 2612 949 2660 Quibus
979 2611 1114 2650 auditis
1143 2613 1310 2651 Julianus

359 2680 564 2730 lmperator‚
578 2688 796 2726 quamquam
813 2682 908 2712 tanta
922 2672 1063 2712 vesania
1079 2672 1224 2711 deditus
1236 2683 1311 2712 erat

360 2741 411 2778 illi
433 2739 594 2789 negotio,
621 2736 756 2775 veritus
780 2745 894 2773 tamen
916 2748 960 2772 ne
987 2735 1079 2772 ultra
1103 2749 1311 2788 progressus

362 2800 394 2837 in
418 2815 521 2838 suum
546 2799 660 2852 ipsius
679 2806 785 2849 caput
807 2796 924 2846 ignem
942 2805 1155 2843 accerseret,
1175 2796 1312 2835 destitit

363 2861 475 2899 victus
495 2875 576 2898 cum
600 2868 671 2897 tota
696 2866 808 2909 gente.
836 2857 881 2896 Et
906 2871 1000 2895 nunc
1018 2857 1047 2894 si
1069 2857 1189 2895 venias.
1208 2859 1311 2897 Jero-

362 2921 551 2973 solymam,
571 2919 767 2972 conspicies
784 2917 879 2956 nuda
898 2916 1128 2956 fundamenta
1149 2935 1155 2956 :
1172 2918 1270 2970 quod
1282 2920 1311 2958 si

362 2997 501 3020 eausam
515 2995 741 3033 qua·ras‚non
752 2980 858 3018 aliam
869 2993 976 3030 quam
988 2979 1078 3017 hanc
1087 2979 1224 3019 audies.
1236 2979 1311 3018 llu-

359 3043 418 3092 jus
432 3043 478 3080 rei
494 3057 556 3080 nos
569 3056 689 3080 omnes
703 3050 804 3080 testes
818 3053 957 3077 sumus:
974 3049 1092 3078 nostra
1103 3041 1197 3078 enim
1212 3049 1313 3079 :etate

365 3103 438 3140 liare
459 3118 525 3141 non
551 3104 596 3140 ita
623 3102 761 3155 pridem
785 3100 1003 3140 acciderunt.
1026 3103 1105 3140 Jam
1129 3101 1312 3141 considera

367 3164 550 3202 victoriam
575 3165 762 3213 insignem.
786 3164 864 3201 Non
886 3163 981 3201 enim
1002 3161 1069 3200 linc
1084 3162 1216 3201 accidit
1245 3163 1313 3201 sub

1382 2494 1459 2533 νίαν
1489 2495 1580 2546 ἔχων
1614 2495 1694 2547 περὶ
1721 2494 1784 2541 τὴν
1821 2496 1976 2543 σπουδὴν
2010 2496 2169 2544 ἐκείνην,
2200 2494 2319 2539 δείσας
2356 2494 2407 2545 μὴ

1381 2556 1579 2608 περαιτέρω
1596 2555 1774 2608 προελθὼν
1798 2557 1855 2596 ἐπὶ
1873 2556 1935 2603 τὴν
1955 2559 2079 2595 ἑαυτοῦ
2104 2556 2258 2609 κεφαλὴν
2274 2555 2409 2608 καλέσῃ

1382 2618 1422 2656 τὸ
1441 2620 1531 2669 πῦρ,
1555 2617 1691 2663 ἀπέστη
1722 2618 1885 2664 ἡττηθεὶς
1921 2617 2011 2668 μετὰ
2042 2621 2102 2656 τοῦ
2133 2618 2250 2661 ἔθνους
2267 2617 2408 2660 παντός.

1386 2678 1455 2717 Καὶ
1475 2681 1533 2715 νῦν
1560 2677 1619 2716 ἐὰν
1645 2678 1747 2730 ἔλθῃς
1777 2679 1824 2721 είς
1851 2678 2096 2729 Ἱεροσόλυμα,
2126 2678 2242 2728 γυμνὰ
2269 2679 2346 2731 ὄψει
2365 2678 2409 2716 τὰ

1385 2738 1549 2789 θεμέλια·
1579 2739 1643 2776 κᾶν
1675 2740 1738 2785 τὴν
1759 2740 1875 2778 αἰτίαν
1904 2741 2079 2792 ζητήσῃς,
2102 2739 2266 2791 οὐδεμίαν
2292 2739 2409 2785 ἀλλ’ἢ

1383 2800 1514 2846 ταύτην
1534 2799 1702 2844 ἀκούσεις.
1723 2801 1791 2839 Καὶ
1820 2799 1942 2838 τούτου
1955 2801 2126 2852 μάρτυρες
2142 2804 2244 2851 ἡμεῖς
2260 2801 2388 2845 πάντες
2401 2817 2408 2825 ·

1385 2860 1553 2913 ἐφ’ἠμῶν
1573 2860 1660 2913 γὰρ,
1683 2863 1722 2899 οὐ
1749 2861 1818 2911 πρὸ
1836 2862 1966 2900 πολλοῦ
1986 2865 2097 2899 ταῦτα
2122 2861 2241 2913 γέγονε
2265 2860 2407 2915 χρόνον.

1387 2922 1456 2962 Καὶ
1481 2923 1606 2960 σκόπει
1637 2921 1735 2969 νίκης
1767 2924 2006 2974 περιφάνειαν.
2029 2923 2084 2961 Οὐ
2109 2923 2178 2976 γὰρ
2203 2925 2240 2962 ἐν
2273 2922 2410 2976 χρόνοις

1389 2983 1562 3034 βασιλέων
1592 2983 1745 3021 εὐσεὸὦν
1771 2986 1872 3021 τοῦτο
1903 2983 2050 3030 συνίίη,
2076 2983 2133 3023 ἵνα
2158 2983 2208 3035 μή
2234 2999 2326 3028 τινες
2350 2983 2410 3022 λί-

1387 3059 1495 3096 γωσιν
1506 3074 1516 3091 ,
1535 3043 1589 3081 ὅτι
1610 3044 1815 3094 Χριστιανοὶ
1832 3049 1942 3082 ταῦτα
1958 3045 2159 3089 ἐπελθόντες
2176 3043 2390 3083 διεκώλυσαν
2402 3065 2411 3082 2

1388 3107 1466 3144 ἀλλ’
1496 3104 1600 3152 ἡνίκα
1629 3105 1673 3143 τὰ
1701 3105 1856 3158 ἡμέτερα
1886 3106 2079 3154 ἠλαύνετο,
2109 3105 2213 3153 ἡνίκα
2242 3105 2324 3159 περὶ
2349 3108 2410 3143 τοῦ

1390 3169 1452 3216 ζῇν
1470 3166 1596 3209 πάντες
1616 3165 1897 3214 ἐκινδυνεύομεν,
1924 3167 1983 3204 καὶ
2002 3165 2183 3219 παρρησία
2208 3165 2410 3218 ἀνθρωπίνη

367 3223 1314 3277 piisimperatoribus,nequidicerepossint,Cln·isti-
1341 3241 1363 3271 B
1390 3234 1487 3265 πᾶσα
1522 3231 1732 3279 παρῃρεῖτο,
1767 3226 1826 3264 καὶ
1847 3226 1891 3264 τὰ
1910 3226 2104 3274 Ἑλληνικὰ
2122 3227 2236 3274 ἤνθει,
2260 3227 2322 3266 καί
2342 3230 2410 3266 τῶν

368 3299 448 3320 anns
463 3300 552 3335 opus
562 3286 682 3336 perlici
695 3285 846 3322 vetuisse
856 3300 864 3331 ;
874 3284 932 3323 sed
943 3294 1017 3323 tum
1028 3299 1108 3323 cum
1119 3300 1173 3324 res
1186 3296 1312 3327 nostr-1,-

1391 3291 1524 3327 πιστῶν
1541 3290 1573 3327 οἰ
1592 3287 1654 3337 μὲν
1672 3289 1707 3326 ἰν
1728 3293 1799 3330 τοῖς
1827 3288 1932 3331 οἴκοις
1961 3288 2193 3340 ἐκρύπτοντο,
2213 3290 2244 3327 οἱ
2270 3289 2307 3327 δί
2328 3289 2412 3340 πρὸς

412 3427 418 3436 ·
446 3415 498 3444 ltu
521 3414 669 3455 quadam
689 3414 804 3445 clv-unt
825 3426 856 3446 un
877 3415 950 3445 ⁸¹2«.
967 3414 1105 3457 aliquot,
1126 3427 1196 3458 qua·
1214 3416 1365 3457 leguntur
1403 3419 1552 3461 lto-mque
1570 3418 1632 3449 alm
1652 3418 1735 3450 mal«-
1756 3421 1888 3453 fimena,
1908 3419 2108 3453 roi-tamam·-
2126 3420 2239 3453 §milii
2257 3419 2410 3453 Editione·

365 3480 394 3499 Η,
425 3465 551 3499 §iun-tl„
579 3465 677 3496 Suil.
709 3464 816 3507 [al-ml
847 3464 923 3498 hun«
961 3468 1043 3498 iuter
1075 3467 1199 3511 uncos]
1223 3475 1256 3502 et
1283 3467 1364 3501 aliis.
1402 3469 1624 3513 omnibu-qur
1643 3470 1914 3514 Wss.‚r=p·1nrta
1937 3479 2024 3503 sunt.
