2513 3871
129 1786 172 1813 Al.
188 1787 290 1812 obter-

102 1876 184 1896 tuum
231 1869 288 1896 Ju-

101 1912 250 1937 duitor-uu·-

101 1952 241 1979 deterret.

306 227 397 289 750

300 332 402 362 catur
423 320 543 360 dicens
563 336 571 357 :
596 322 645 357 In
671 331 769 370 pace
797 318 981 356 discedite
1002 332 1016 357 .·
1034 324 1068 355 et
1093 315 1185 355 nihil
1213 316 1249 354 in

301 383 508 422 universum
527 388 642 433 potest
661 379 717 417 vel
734 378 807 417 dici
823 378 879 416 vel
899 377 977 416 fieri
998 377 1074 416 sine
1093 377 1173 416 ista.
1186 377 1251 416 Est

298 444 392 482 enim
422 443 496 480 liaec
522 441 645 479 nutrix
667 453 710 478 ac
732 448 845 478 mater
865 448 982 478 nostra
997 468 1008 485 ‚
1027 451 1109 490 quae
1137 438 1251 477 multo

296 517 379 542 cum
395 501 513 541 studio
526 515 567 539 ac
581 500 769 552 diligentia
789 513 852 539 nos
868 500 978 539 fovet.
1001 501 1125 538 Pacem
1144 513 1252 552 porro

298 563 381 601 dico
401 576 469 600 non
491 561 582 599 banc
599 574 617 599 a
640 561 714 599 sola
731 560 972 613 appellatione
986 589 996 608 ,
1018 573 1131 611 neque
1150 559 1251 599 illam

298 636 376 674 quae
395 622 430 660 in
450 635 579 660 mensae
595 621 843 661 communione
857 620 1034 667 consistit,
1049 619 1112 659 sed
1129 634 1252 672 pacem

298 682 495 722 secundum
519 684 651 731 Deum,
671 696 750 734 quae
780 695 825 721 ex
850 681 1030 735 spirituali
1059 681 1253 721 concordia

299 745 472 792 nascitur,
489 758 598 796 quam
619 744 724 784 multi
750 758 845 783 nunc
866 744 1062 796 dissipant,
1080 757 1100 781 a
1121 743 1254 794 quibus

299 820 355 846 ταῦ
370 814 498 845 nosti-:e
518 805 763 857 intempestiva
779 805 934 857 quadam
953 805 1176 843 contentione
1193 804 1255 842 de·

296 876 498 914 struuntur,
519 876 552 906 et
575 881 629 905 res
646 866 855 906 „ludaeorum
874 875 1069 917 augentur,
1087 863 1176 903 dum
1194 879 1253 904 eos

297 929 368 968 fide
386 929 569 980 digniores
586 927 747 967 doctores
766 943 876 979 quam
897 942 980 967 suos
1000 929 1123 967 Patres
1148 928 1251 965 arbi·
1293 929 1299 935 ’

296 999 449 1035 uantur.
469 999 502 1028 ct
530 989 666 1029 Christi
696 989 889 1042 parricidis
912 989 958 1027 de
986 990 1148 1041 passione
1179 1003 1252 1028 cre·

295 1049 386 1088 dunt
410 1064 418 1087 :
442 1063 514 1101 quo
529 1048 619 1101 quid
638 1049 833 1088 absurdius
851 1049 928 1087 fieri
948 1048 1084 1101 possit?
1099 1049 1252 1088 Nescitis

295 1109 387 1148 illud
408 1111 577 1161 figuram,
595 1110 662 1148 hoc
681 1111 866 1148 veritatem
881 1109 1019 1148 fuisse?
1037 1109 1132 1149 Vide
1151 1125 1253 1148 nam-

295 1184 365 1221 que
395 1179 568 1220 quantum
592 1170 638 1207 sit
668 1169 872 1208 discrimen.
897 1169 997 1208 Illud
1029 1171 1253 1222 corporalem

295 1239 444 1269 mortem
465 1229 700 1282 prohibebat,
717 1229 784 1268 hoc
803 1230 892 1268 iram
911 1229 1050 1268 sedavit
1063 1259 1071 1275 ,
1091 1243 1171 1280 quae
1186 1230 1254 1269 ad-

294 1306 417 1329 versus
450 1290 659 1329 universum
687 1299 865 1329 terrarum
891 1291 1015 1329 orbem
1043 1291 1249 1329 serebatur:

295 1351 388 1390 illud
405 1352 452 1390 ab
473 1351 633 1404 AEgypto
651 1351 876 1399 vindicavit,
897 1351 966 1390 hoc
982 1352 1029 1390 ab
1048 1351 1250 1390 idololatria

293 1412 459 1453 liberavit
476 1429 487 1451 ε
503 1412 594 1451 illud
607 1412 842 1458 Pharaonem,
858 1413 926 1452 hoc
942 1412 1131 1452 diabolum
1144 1414 1253 1452 suffo-

752 237 791 267 S.
830 236 1020 267 JOANMS
1056 234 1302 265 cttnvsosr.
1341 233 1551 264 Ancurae.
1589 232 1952 266 consrAuTtNOP.

1323 316 1402 362 λῆς,
1420 315 1496 355 οὐδὲ
1509 315 1573 362 τὴν
1593 317 1665 356 ἀπὸ
1678 319 1742 364 τῆς
1762 317 1943 360 κοινωνίας
1959 318 2028 354 τῶν
2042 318 2240 370 τραπεζῶν,
2257 321 2348 362 ἀλλὰ

1323 375 1387 422 τὴν
1417 376 1510 414 κατὰ
1530 376 1622 416 Θεὸν
1639 377 1798 430 εἰρήνην,
1825 377 1890 424 τὴν
1913 378 1954 415 ἐκ
1974 379 2038 423 τ’ἧς
2064 379 2268 431 συμφωνίας
2285 384 2350 428 τῆς

1322 439 1577 488 πνευματικῆς,
1596 438 1639 484 ἢν
1657 438 1782 477 πολλοὶ
1799 439 1978 478 διασπῶσι
1991 441 2051 477 νῦν
2063 468 2073 485 ,
2095 439 2184 492 ὑπὲρ
2203 440 2352 492 ἀκαίρου

1323 497 1533 550 φιλονεικίας
1559 498 1605 537 τὰ
1625 498 1780 550 ἡμέτερα
1809 503 2070 551 καθαιροῦντες,
2096 501 2158 539 καὶ
2187 500 2232 540 τὰ
2263 500 2352 542 Ἰου-

1326 560 1432 599 δαίων
1452 559 1785 606 αὗξοντες,ἐκείνους
1801 560 2103 614 ἀξιοπιστοτέρους
2121 562 2353 609 διδασκάλους

1325 624 1394 660 τῶν
1414 621 1550 660 οἰκείων
1572 621 1734 674 πατέριον
1754 621 1955 674 ἡγούμενοι,
1976 622 2122 666 καὶτοῖς
2139 624 2351 676 χριστοκτό-

1326 697 1396 727 νοις
1418 682 1499 734 περὶ
1523 685 1584 722 τοῦ
1611 683 1740 726 πάθους
1766 681 2005 727 πιστεύοντες·
2034 676 2073 722 οὗ
2099 682 2134 722 τί
2162 683 2351 735 γίνομ’ἂν

1328 745 1565 796 ἀλογώτερον;
1581 744 1660 783 Οὐκ
1687 737 1782 788 οἶδας
1806 743 1859 783 ὅτι
1892 745 2005 783 ἐκεῖνο
2035 745 2164 793 τύπος,
2181 750 2286 788 τοῦτο
2314 745 2351 786 δὲ

1328 807 1495 852 ἀλήθεια;
1515 804 1612 856 “Opta
1632 803 1701 858 γὰρ
1721 804 1828 844 πόσον
1857 807 1898 843 τὸ
1929 805 2104 858 διάφορον.
2124 808 2265 847 Ἐκεῖνο
2283 807 2351 847 θά-

1326 882 1429 905 νατον
1458 866 1589 905 ἐκώλυε
1622 866 1847 917 σωματικὸν,
1885 871 1986 906 τοῦτο
2016 867 2124 920 ὀργὴν
2157 868 2257 908 ἔλυσε
2285 868 2351 916 τὴν

1326 928 1418 966 κατὰ
1459 931 1521 975 τῆς
1563 927 1769 977 οἰκουμένης
1814 927 2010 979 φερομένην
2044 928 2207 976 ἁπάσης·
2241 930 2354 969 ἐκεῖνο

1325 990 1505 1039 Αἰγύπτου
1524 989 1601 1027 τότε
1621 987 1814 1036 ἀπήλλαξε,
1828 992 1929 1028 τοῦτο
1942 990 2230 1042 εἷδωλολατρείας
2243 993 2352 1038 ἠλευ-

1327 1044 1506 1102 θέρωσεν(
1529 1053 1642 1089 ἐκεῖνο
1676 1050 1736 1089 τὸν
1768 1050 1933 1103 Φαραὼ,
1957 1055 2058 1090 τοῦτο
2093 1052 2151 1091 τὸν
2190 1051 2351 1091 διάὸολον

1327 1111 1515 1156 ἀπέπνιξε·
1545 1111 1622 1162 μετ’
1643 1113 1754 1150 ἐκεῖνο
1783 1112 2026 1159 Παλαιστίνη,
2047 1112 2136 1163 μετὰ
2167 1117 2267 1152 τοῦτο
2297 1114 2352 1153 οὗ·

1329 1173 1442 1224 ρανός.
1460 1173 1508 1212 Τί
1526 1173 1639 1211 τοίνυν
1663 1176 1715 1225 τῷ
1744 1173 1863 1225 λύχνῳ
1889 1173 2147 1227 προσεδρεύεις,
2163 1179 2225 1215 τοῦ
2250 1176 2352 1222 ἡλίου

1328 1233 1516 1284 φανέντος,
1547 1232 1582 1270 τί
1620 1233 1656 1271 δὲ
1694 1235 1747 1285 τῷ
1781 1233 1936 1283 γάλακτι
1970 1233 2158 1286 τρέφεσθαι
2205 1235 2322 1287 βούλει
2340 1266 2351 1281 .

1327 1300 1471 1344 στερεᾶς
1499 1309 1554 1332 σοι
1581 1293 1766 1344 διδομένης
1797 1294 2036 1347 τροφῆςςΔιὰ
2067 1298 2171 1335 τοῦτο
2201 1296 2353 1349 ἰτράφης

1325 1356 1494 1405 γάλακτι,
1514 1355 1573 1394 ἵνα
1601 1353 1651 1405 μὴ
1684 1355 1791 1406 μένῃς
1823 1357 1858 1394 ἐν
1891 1357 1942 1408 τῷ
1971 1355 2148 1406 γάλακτι·
2168 1356 2226 1397 διὰ
2251 1359 2354 1397 τοῦτό

1325 1431 1381 1455 σοι
1399 1418 1417 1454 ὁ
1438 1416 1564 1468 λύχνος
1582 1416 1707 1467 ἐφάνη,
1726 1416 1784 1453 ἵνα
1817 1415 1904 1467 πρὸς
1924 1416 1981 1455 τὸν
2011 1417 2109 1464 ἥλιον
2128 1433 2354 1471 χειραγωγη-

294 1473 389 1512 cavit
412 1488 421 1510 τ
449 1482 528 1526 post
557 1472 650 1511 illud
679 1473 866 1512 Palaestina
879 1504 891 1521 ,
911 1482 991 1526 post
1017 1473 1084 1513 lioc
1110 1474 1251 1513 coelum.
1266 1507 1314 1532 m
1326 1479 1401 1528 θῇς.
1415 1477 1478 1524 Μὴ
1492 1477 1622 1525 τοίνυν,
1636 1480 1704 1516 τῶν
1718 1478 1941 1529 τελειοτέρων
1953 1478 2249 1530 παραγενομένων
2261 1495 2355 1534 πρα·

296 1533 396 1583 Quid
416 1534 528 1586 igitur
546 1535 699 1573 lucernae
718 1534 852 1574 assides
866 1565 877 1585 ,
899 1549 982 1574 cum
1001 1535 1054 1574 sol
1074 1549 1252 1588 apparue-
1277 1545 1302 1574 Λ
1325 1537 1487 1590 γμάτων,
1525 1538 1612 1591 πρὸς
1646 1538 1691 1577 τὰ
1722 1539 1877 1592 πρότερα
1911 1539 2222 1592 ἐπανατρέχωμεν,
2261 1540 2352 1592 μηδᾶ

296 1597 367 1635 rit?
381 1597 467 1643 Cur,
482 1611 614 1648 quaeso,
630 1596 719 1635 lacte
734 1597 790 1635 vis
810 1597 954 1644 nutriri,
971 1611 1053 1636 cum
1070 1597 1187 1636 cibust
1201 1597 1252 1635 ibi

297 1657 435 1697 solidus
455 1658 680 1710 praebeatur?
695 1658 884 1711 Propterea
904 1658 995 1696 lacte
1015 1658 1174 1696 nutritus
1192 1671 1251 1704 es,

299 1732 342 1757 ne
361 1719 450 1757 lacte
468 1727 652 1757 contentus
671 1733 763 1758 esses
785 1737 795 1758 ι
814 1728 1002 1772 propterea
1020 1719 1086 1757 tibi
1110 1719 1253 1758 lucerna

299 1779 530 1832 apparuit,ut
541 1778 586 1818 ad
602 1779 710 1818 solem
723 1779 962 1818 deducereris.
973 1780 1066 1818 Cum
1077 1779 1188 1832 igitur
1201 1793 1257 1818 res

302 1841 527 1893 perfectiores
544 1840 783 1889 advenerint,
803 1840 846 1879 ad
868 1841 1004 1894 priores
1023 1855 1066 1880 ne
1085 1855 1257 1880 recurra-

299 1916 394 1952 mus,
410 1915 522 1953 neque
535 1901 614 1940 dies
625 1911 659 1940 et
675 1911 832 1955 tempora
846 1911 879 1941 et
890 1917 1000 1941 annos
1011 1903 1257 1951 observemus,

299 1963 360 2002 sod
392 1963 525 2014 ubique
553 1963 745 2015 diligenter
770 1963 967 2003 Ecclesiam
996 1978 1201 2016 sequamur,
1223 1974 1258 2004 et

299 2024 482 2064 caritatem
501 2039 542 2063 ac
560 2039 684 2077 pacem
702 2025 870 2063 omnibus
890 2026 1134 2078 prael'eramuS.
1160 2026 1257 2066 Licet

299 2085 394 2124 enim
423 2085 580 2124 Ecclesia
609 2087 802 2134 falleretur,
823 2100 890 2124 non
912 2095 1051 2125 tantum
1079 2086 1197 2125 laudis
1215 2101 1256 2126 ac

301 2145 389 2184 lucri
404 2160 448 2185 ex
463 2155 663 2198 temporum
677 2155 801 2184 exacta
816 2146 1147 2198 ratione,quantum
1163 2148 1256 2186 vitu-

301 2207 390 2259 perii
408 2221 452 2245 ex
468 2206 646 2245 divisione
663 2222 704 2245 :ic
722 2208 914 2246 schismate
933 2218 1136 2247 nasceretur
1154 2224 1163 2248 ε
1179 2210 1255 2262 jam

299 2282 385 2306 vero
402 2268 535 2306 nullam
551 2282 616 2319 ego
628 2270 796 2321 temporis
813 2270 987 2308 rationem
1004 2271 1132 2315 habeo,
1143 2285 1256 2322 quan-

299 2328 490 2379 doquidem
525 2343 639 2380 neque
671 2330 776 2368 habet
805 2332 920 2381 Deus,
949 2333 1254 2383 quemadmodum

299 2389 650 2439 demonstravimus,
676 2392 837 2443 alioquin
861 2402 896 2432 et
917 2393 982 2432 hac
1003 2393 1050 2432 de
1066 2408 1103 2432 re
1123 2396 1255 2434 multos

301 2451 466 2489 haberem
484 2465 687 2490 sermones:
708 2452 769 2491 sed
795 2467 904 2492 unum
931 2453 968 2493 id
991 2470 1128 2506 quaero,
1151 2465 1190 2494 ut
1220 2457 1255 2496 in

300 2526 384 2563 pace
400 2512 660 2565 concordiaque
678 2524 803 2553 cuncta
821 2515 1012 2564 faciamus,
1030 2531 1072 2555 ne
1085 2517 1174 2556 dum
1195 2532 1258 2557 nos

300 2574 503 2625 jejunamus
515 2604 524 2620 ,
542 2589 583 2612 ac
604 2575 757 2628 populus
771 2577 904 2626 omnis,
921 2586 955 2615 et
972 2592 1091 2630 preces
1110 2594 1174 2631 pro
1190 2589 1257 2618 ter-

303 2650 422 2675 rarum
436 2637 521 2675 orbe
532 2637 685 2676 fundunt
702 2638 914 2686 sacerdotes,
933 2649 971 2678 tu
986 2640 1148 2679 ebrietati
1159 2641 1258 2681 domi

303 2710 414 2736 vaces
428 2699 551 2747 Cogita
565 2713 671 2751 quam
687 2700 754 2738 lioc
769 2701 815 2738 sit
826 2702 1042 2753 operationis
1057 2701 1258 2752 diabolicae,

304 2773 365 2796 nec
386 2774 493 2798 unum
511 2760 648 2807 solum,
669 2775 732 2799 nec
751 2762 824 2799 duo
837 2791 846 2806 ‚
866 2776 928 2801 nec
952 2762 1017 2801 trin
1031 2793 1041 2810 ‚
1060 2763 1123 2802 scd
1147 2764 1259 2803 multo

307 2820 407 2871 plura
429 2832 567 2874 peccata
587 2837 708 2862 secum
729 2823 860 2862 trahat.
882 2827 908 2861 Α
931 2839 1036 2876 grege
1055 2834 1087 2864 te
1104 2825 1260 2873 divellit,

306 2889 338 2918 et
359 2882 467 2920 efficit
498 2892 535 2921 ut
567 2892 637 2921 tam
666 2884 798 2922 multos
829 2894 947 2938 patres
969 2886 1203 2934 condemnes,
1225 2888 1259 2926 iu

305 2943 543 2982 contentiones
572 2945 791 2997 praecipitat,
824 2946 870 2984 :id
905 2945 1051 2985 Jndavos
1087 2948 1258 3000 expellit,

308 3003 510 3043 „carmalum
527 3014 560 3043 te
574 3021 698 3044 rursus
716 3015 750 3044 ct
766 3006 974 3046 domesticis
987 3017 1021 3046 et
1037 3009 1163 3047 alienis
1180 3024 1262 3062 pro-

310 3064 417 3114 ponit.
430 3066 501 3111 Qui
518 3081 668 3117 numque
683 3068 879 3119 poterimus
897 3069 976 3107 illos
991 3070 1260 3122 reprehendere,

310 3123 336 3160 si
354 3123 449 3162 <lumi
470 3135 646 3172 maneant,
663 3141 744 3164 eum
762 3137 798 3164 tu
816 3127 860 3165 nd
880 3129 961 3166 illos
980 3131 1126 3168 curras?
1143 3132 1264 3181 Neque

314 3197 394 3219 vero
409 3183 481 3221 lime
499 3185 611 3222 solum
631 3195 768 3237 peccat-”i
788 3197 882 3233 sunt,
899 3188 957 3226 sed
975 3189 1071 3239 quod
1092 3204 1262 3239 magnum

311 3242 559 3283 detrimentum
572 3247 744 3297 rapiatur,
756 3262 835 3285 rum
854 3263 967 3299 neque
977 3250 1188 3303 Scripturis,
1205 3266 1263 3290 no·

315 3316 381 3351 qur
416 3306 644 3342 concionibus
658 3336 666 3347 ,
703 3321 812 3357 neque
849 3309 1114 3358 benedictione,
1153 3326 1264 3363 neque

318 3368 565 3406 communibus
587 3371 751 3419 precihus
780 3373 813 3410 in
839 3374 985 3425 jejuniis
1013 3375 1084 3413 illis
1114 3377 1265 3422 fruaris.

321 3432 378 3471 sed
402 3448 481 3471 rum
507 3448 614 3484 prava
642 3437 850 3475 conscientia
878 3449 990 3478 totum
1013 3441 1102 3479 illud
1128 3452 1265 3495 tenipus

1325 1600 1462 1651 ἡμέρας
1491 1600 1554 1639 καὶ
1586 1598 1727 1652 καιροὺς
1758 1600 1819 1638 καὶ
1851 1599 2030 1644 ἐνιαυτοὺς
2066 1603 2351 1654 παρατηρῶμεν,

1327 1661 1418 1700 ἀλλὰ
1437 1664 1619 1713 πανταχοῦ
1650 1663 1694 1712 τῇ
1713 1661 1912 1715 Ἐκκλησία
1947 1663 2023 1712 μετ’
2054 1662 2235 1714 ἀκριὸείας
2255 1663 2354 1703 ἑπώ-

1330 1725 1435 1768 μεθα,
1469 1721 1533 1767 τὴν
1565 1721 1707 1772 ἀγάπην
1741 1722 1800 1759 καὶ
1840 1722 1904 1768 τὴν
1944 1723 2083 1775 εἰρήνην
2115 1727 2354 1776 προτιμῶντες

1329 1782 1506 1821 ἁπάντων.
1528 1783 1571 1821 Εἰ
1597 1782 1667 1836 γὰρ
1698 1783 1760 1822 καὶ
1798 1783 1990 1835 ἐσφάλλετο
2020 1788 2042 1831 ἡ
2078 1783 2290 1833 Ἐκκλησία,
2315 1786 2354 1824 οὐ

1330 1848 1493 1883 τοσοῦτον
1513 1845 1725 1897 κατόρθωμα
1746 1844 1816 1883 ἀπὸ
1834 1848 1896 1891 τῆς
1929 1848 1998 1883 τῶν
2019 1846 2154 1898 χρόνων
2175 1846 2355 1899 ἀκριὸείας

1330 1901 1390 1953 ἦν,
1410 1905 1491 1945 ὅσον
1510 1905 1674 1957 ἔγκλημα
1704 1905 1775 1944 ἀπὸ
1804 1909 1866 1952 τῆς
1885 1906 2088 1958 διαιρέσεως
2111 1907 2172 1946 καὶ
2190 1911 2252 1947 τοῦ
2271 1909 2354 1961 σχί-

1329 1982 1462 2019 σματος
1475 1967 1618 2007 τούτου·
1638 1967 1713 2005 νυνὶ
1733 1966 1769 2006 δὲ
1784 1968 1892 2011 οὐδείς
1913 1984 1972 2018 μοι
1996 1969 2077 2021 περὶ
2096 1973 2218 2021 καιροῦ
2237 1970 2355 2022 λόγος,

1328 2029 1450 2076 ἐπειδὴ
1480 2029 1559 2068 οὐδὲ
1590 2032 1641 2081 τῷ
1671 2031 1770 2082 Θεῷ,
1802 2030 1961 2082 καθάπερ
1993 2030 2241 2081 ἀπεδείξαμεν,
2278 2032 2355 2070 ἐπεὶ

1329 2090 1389 2127 καὶ
1405 2090 1495 2141 ὑπὲρ
1524 2090 1646 2128 τούτου
1664 2089 1812 2134 πολλοὺς
1832 2090 1999 2137 ἀνήλωσα
2026 2091 2149 2143 λόγους
2165 2105 2174 2114 ·
2193 2091 2286 2131 ἀλλὰ
2318 2092 2356 2130 ἓν

1330 2152 1434 2201 μόνον
1467 2155 1584 2199 ζητῶ,
1607 2151 1702 2195 ὅπως
1729 2154 1764 2191 ἐν
1794 2152 1915 2204 εἰρήνῃ
1943 2152 2003 2191 καὶ
2036 2153 2180 2205 ὁμονοίᾳ
2214 2154 2355 2193 ἅπαντα

1328 2214 1504 2262 ποιῶμεν,
1537 2212 1630 2256 ὅπως
1677 2212 1749 2263 μὴ,
1787 2212 2024 2260 νηστευόντων
2058 2216 2160 2263 ἡμῶν
2198 2214 2259 2253 καὶ
2298 2218 2357 2253 τοῦ

1329 2273 1442 2323 δήμου
1461 2273 1605 2322 παντὸς,
1627 2274 1686 2312 καὶ
1705 2276 1774 2312 τῶν
1793 2273 1913 2326 ἱερέων
1930 2273 1993 2317 τὰς
2011 2274 2128 2319 κοινὰς
2141 2274 2358 2326 ποιουμένων

1296 2356 1304 2370 ›
1329 2335 1418 2387 ὑπὲρ
1446 2337 1508 2380 τῆς
1541 2334 1748 2384 οἰκουμένης
1765 2334 1943 2387 ἱκετηρίας
1961 2364 1971 2381 ,
2003 2333 2046 2373 σὺ
2080 2335 2188 2387 μένῃς
2221 2336 2357 2386 μεθύων

1329 2397 1387 2435 ἐπὶ
1429 2400 1490 2443 τῆς
1523 2396 1647 2440 οἰκίας.
1682 2396 1871 2443 Ἐννόησον
1907 2398 1982 2440 πῶς
2024 2397 2228 2443 διαὸολικῆς
2257 2397 2360 2437 τοῦτό

1330 2461 1423 2497 ἐστιν
1455 2457 1648 2510 ἐνεργείας,
1679 2458 1740 2496 καὶ
1771 2459 1818 2501 ὡς
1851 2459 1916 2509 οὐχ
1948 2456 1984 2495 ἓν
2017 2457 2138 2508 μόνον,
2174 2457 2250 2498 ohel
2283 2457 2358 2504 δύο,

1330 2519 1409 2558 οὐδὲ
1429 2521 1509 2570 τρία
1528 2519 1602 2558 ἐστὶ
1623 2518 1666 2558 τὰ
1689 2519 1954 2571 ἁμαρτήματα,
1973 2518 2064 2557 ἀλλὰ
2082 2521 2204 2572 πολλῷ
2229 2520 2354 2559 πλείω.

1333 2581 1531 2632 ’Axon-{Ka
1559 2596 1598 2619 σε
1626 2583 1688 2626 τ’ἧς
1717 2580 1867 2631 ἀγέλης,
1899 2579 1959 2618 καὶ
2002 2579 2279 2630 καταγινώσκειν
2319 2595 2358 2619 σε

1331 2643 1590 2695 παρασκευάζει
1624 2643 1786 2693 πατέρων
1820 2642 2020 2690 τοσούτων,
2059 2642 2108 2685 είς
2144 2642 2358 2693 φιλονεικίαν

1331 2704 1628 2755 {occinunt-po<
1661 2703 1849 2747 Ἰουδαίους
1882 2704 1987 2750 ὠθεῖ,
2020 2703 2214 2742 σκάνδαλόν
2247 2719 2286 2743 σε
2315 2698 2360 2742 αὖ

1331 2768 1438 2806 πάλιν
1449 2766 1637 2818 προτίθησι
1655 2765 1714 2803 καὶ
1733 2771 1803 2807 τοῖς
1825 2765 1964 2806 οἰκείοις
1982 2763 2040 2801 καί
2056 2770 2127 2808 τοῖς
2147 2765 2357 2816 ἀλλοτρίοις.

1332 2830 1417 2871 Πῶς
1435 2827 1502 2880 γὰρ
1519 2826 1738 2876 δυνησόμεθα
1767 2827 1927 2877 ἐγκαλεῖν
1948 2825 2091 2869 ἐκείνοις
2111 2825 2271 2876 μένουσιν
2301 2827 2361 2867 ἐπὶ

1331 2894 1394 2937 τῆς
1438 2889 1579 2935 οἰκίας,
1607 2888 1690 2927 ὅταν
1733 2886 1775 2925 σὺ
1810 2888 1895 2939 πρὸς
1930 2886 2080 2930 ἐκείνους
2123 2887 2276 2940 cpi-[3353
2306 2890 2360 2929 Οὗ

1332 2957 1441 2990 ταῦτα
1464 2950 1499 2990 δὲ
1528 2950 1631 3000 μόνον
1659 2949 1732 2988 ἐστὶ
1758 2948 1802 2987 τὰ
1832 2948 2100 2999 ἁμαρτήματα,
2122 2950 2199 2988 ἀλλ’
2228 2950 2282 2989 ὅτι
2300 2950 2361 2990 καὶ

1334 3013 1471 3066 μεγάλη
1499 3012 1614 3063 βλάίίη
1635 3011 1758 3063 γένοιτ’
1778 3010 1818 3048 ἂν
1831 3039 1840 3055 ,
1857 3010 1940 3048 ὅταν
1965 3010 2054 3060 μήτε
2074 3012 2246 3063 Γραφῶν,
2268 3011 2359 3062 μήτε

1333 3076 1508 3122 συνόδων,
1542 3074 1632 3123 μήτε
1668 3072 1845 3122 εὐλογίας,
1871 3071 1961 3122 μήτε
1984 3075 2107 3110 κοινῶν
2130 3074 2242 3125 εὐχῶν
2269 3074 2360 3113 ἀπο·

1301 3148 1312 3177 3
1334 3136 1444 3187 λαύῃς
1464 3137 1500 3173 ἐν
1514 3140 1591 3177 ταῖς
1607 3133 1783 3179 νηστείαις
1803 3133 1950 3176 ἐκείναις
1963 3163 1972 3178 ,
1991 3133 2083 3172 ἀλλὰ
2099 3133 2188 3183 μετὰ
2206 3136 2360 3187 πονηροῦ

1335 3198 1525 3240 συνειδότος
1538 3197 1676 3234 ἅπαντα
1692 3198 1811 3233 τοῦτον
1828 3194 1949 3245 διάγῃς
1966 3195 2024 3231 τὸν
2042 3195 2180 3246 χρόνον,
2197 3194 2361 3239 δεδοικὼς

1336 3262 1396 3298 καὶ
1416 3260 1554 3312 τρέμων
1576 3257 1625 3308 μὴ
1642 3257 1726 3308 γίνῃ
1759 3257 1984 3308 κατάφωρος,
2005 3257 2165 3309 καθάπερ
2179 3272 2232 3301 τις
2247 3255 2359 3296 ἀλλό-

1335 3324 1438 3373 φυλος
1472 3320 1531 3358 καὶ
1560 3317 1771 3370 ἀλλογενὴς.
1798 3317 1873 3355 δίον
1907 3316 1995 3367 μετὰ
2030 3317 2247 3370 παρρησίας,
2279 3317 2358 3368 μεθ’

1335 3385 1482 3429 ἡδονῆς,
1513 3381 1601 3430 μετὰ
1633 3379 1868 3431 εὐφροσύνης,
1899 3380 1975 3428 μετ’
2003 3379 2196 3432 ἐλευθερίας
2220 3379 2360 3425 ἁπάσης

1330 3447 1427 3492 κοινῆ
1450 3443 1539 3493 μετὰ
1569 3446 1630 3488 τ’ἧς
1652 3441 1869 3487 Ἐκκλησίας
1892 3440 2010 3479 πάντα
2046 3442 2228 3480 ἐπιτελεῖν.
2267 3441 2359 3480 θῦδὶ
