2549 3825
663 261 718 290 DE
755 260 1202 292 INCOMPREHENSIBILI
1241 261 1312 291 DEt

123 353 213 387 τεῖαι
247 345 602 399 καταργηθήσονται,
631 344 699 382 εἴτε
730 345 888 396 γλῶσσαι
925 344 1142 391 παύσονται,

124 418 194 455 εἴτε
212 419 337 468 γνῶσις
355 413 680 466 καταργηθήσεται·
704 413 798 464 μένει
817 413 853 451 δὲ
871 413 1006 461 πίστις,
1023 414 1121 456 ἐλπὶς
1135 443 1144 461 ,

124 486 258 537 ἀγάπη,
279 484 323 523 τὰ
350 484 430 536 τρία
457 488 590 522 ταῦτα’
608 483 733 534 μείζων
762 481 797 520 δὲ
831 482 974 521 πάντων
1010 482 1101 520 ἐστὶν
1121 485 1142 527 ἠ

126 557 260 607 ἀγάπη.
282 556 388 594 Ἀλλὰ
407 555 474 608 γὰρ
497 556 534 593 οὔ
553 555 592 593 τὸ
619 554 723 607 τυχὸν
752 557 837 604 ἡμῖν
860 554 999 604 ζήτημα
1022 557 1040 592 ὃ
1066 553 1147 605 περὶ

124 628 188 671 τῆς
209 626 350 677 ἀγάπης
369 625 581 677 ἐπεισήγαγε
600 624 711 676 λόγος.
735 624 787 662 Τὸ
817 622 878 674 μὲν
911 623 978 674 γὰρ
1007 638 1147 676 προφη-

125 694 220 733 τείαν
247 696 511 746 καταργηθῆναι
528 694 588 732 καὶ
605 693 807 732 παύσασθαι
832 691 1009 743 γλώσσας,
1039 693 1148 745 χαλε-

126 763 191 802 πὸν
210 763 306 802 οὐδέν
323 779 331 787 ·
352 765 398 806 εἷς
429 763 549 815 καιρὸν
568 762 637 814 γὰρ
662 762 706 800 τὰ
731 761 938 814 χαρίσματα
956 765 1067 799 ταῦτα
1086 760 1148 806 τὴν

128 835 261 870 ἑαυτῶν
300 832 422 885 χρείαν
450 830 681 884 παρασχόντα
717 833 816 881 ἡμῖν,
853 830 911 868 καὶ
942 829 1153 879 παυσάμενα

129 901 363 954 παραὸλάψαι
382 902 440 940 τὸν
471 900 572 952 λόγον
592 900 688 938 οὐδὲν
721 899 931 945 δυνήσεται·
964 896 1035 936 ἰδοὺ
1071 901 1152 948 γοῦν

132 975 193 1010 νῦν
227 970 424 1023 προφητεία
451 971 514 1007 οὐκ
542 968 651 1014 ἔστιν,
683 966 759 1006 οὐδὲ
786 969 956 1016 γλωσσῶν
974 966 1152 1019 χάρισμα,

134 1041 227 1078 καὶὸ
251 1042 312 1085 τῆς
338 1037 515 1080 εὐσεὸείας
543 1035 875 1084 οὐδὲνενεποδίσθη
908 1035 1030 1086 λόγος·
1060 1035 1100 1073 τὸ
1120 1035 1156 1073 δὲ

134 1108 195 1147 καὶ
215 1111 342 1160 γνῶσιν
373 1105 589 1154 παύσασθαι,
624 1108 726 1143 τοῦτο
757 1104 832 1142 ἔστι
866 1104 905 1143 τὸ
935 1104 1157 1156 ζητούμενον.

135 1177 256 1218 Εἰπὼν
275 1177 366 1231 γάρ·
391 1177 472 1215 Εἴτε
498 1181 710 1228 προφητεῖαι
729 1175 1071 1227 καταργηθήσονται,
1091 1175 1160 1214 εἴτε

136 1314 342 1366 γηθήσεται.
366 1313 410 1351 Εἰ
430 1311 466 1350 δὲ
489 1311 610 1362 μέλλει
627 1315 650 1358 ἡ
671 1313 798 1363 γνῶσις
816 1311 1003 1360 παύεσθαι,
1024 1315 1084 1351 οὐκ
1104 1313 1163 1351 ἐπὶ

138 1381 179 1419 τὸ
205 1381 354 1432 βέλτιον,
387 1381 463 1418 ἀλλ’
485 1379 543 1417 ἐπὶ
577 1377 618 1416 τὸ
648 1384 765 1431 χεῖρον
800 1383 886 1430 ἡμῖν
918 1380 1089 1432 προκόψει
1118 1379 1164 1418 τὰ

139 1448 357 1501 πράγματα·
380 1447 458 1485 ἄνευ
485 1445 554 1497 γὰρ
574 1445 706 1491 ταύτης
728 1445 789 1483 καὶ
809 1446 849 1484 τὸ
872 1440 960 1484 εἶναι
988 1446 1166 1499 ἄνθρωποι

141 1516 322 1558 παντελῶς
341 1515 558 1564 ἀπολοῦμεν·
577 1512 648 1551 Τὸν
676 1512 744 1564 γὰρ
773 1513 863 1551 Θεὸν
876 1542 888 1562 ,
907 1513 1008 1565 φησὶ,
1031 1514 1139 1566 φοὸοῧ
1156 1543 1166 1562 ,

142 1579 202 1618 καὶ
233 1578 297 1622 τὰς
323 1577 463 1620 ἐντολὰς
497 1579 600 1615 αὐτοῦ
639 1576 823 1629 φύλασσε,
855 1575 910 1615 ὅτι
953 1581 1054 1616 τοῦτο
1099 1585 1168 1622 πᾶς

144 1647 340 1698 ἄνθρωπος.
363 1646 408 1683 Εἰ
429 1643 544 1682 τοίνυν
564 1644 665 1682 τοῦτό
688 1645 782 1681 ἐστιν
810 1643 1003 1696 ἄνθρωπος,
1030 1644 1070 1683 τὸ
1102 1660 1168 1697 φο-

147 1713 283 1752 ὅεῖσθαι
316 1712 375 1750 τὸν
423 1711 514 1750 Θεὸν
536 1741 546 1759 ,
589 1711 630 1749 τὸ
668 1709 704 1748 δὲ
755 1710 939 1762 φοὸεῖσθαι
980 1711 1038 1750 τὸν
1080 1711 1170 1750 Θεὸν

146 1780 217 1818 ἀπὸ
251 1778 411 1830 γνώσεως
438 1777 598 1830 γίνεται,
641 1781 663 1824 ἡ
702 1777 737 1816 δὲ
775 1781 903 1830 γνῶσις
938 1779 1059 1830 μέλλει
1101 1796 1171 1818 κα-

147 1849 368 1899 ταργεῒσθαι,
397 1845 512 1890 καθὼς
530 1849 548 1884 ὁ
572 1845 714 1889 Παῧλός
749 1861 847 1898 φησι,
882 1845 960 1885 τότε
992 1849 1173 1891 παντελῶς

148 1914 385 1965 ἀπολούμεθα,
401 1913 562 1965 γνώσεως
581 1917 642 1952 οὐκ
656 1913 774 1963 οὔσης,
787 1914 847 1952 καὶ
865 1914 911 1953 τὰ
927 1917 1004 1954 καθ’
1021 1919 1117 1966 ἡμᾶς
1138 1914 1173 1953 δὲ

149 1981 269 2020 πάντα
307 1982 503 2032 οἰχήσεται,
538 1980 598 2019 καὶ
635 1984 704 2019 τῶν
735 1981 871 2032 ἀλόγων
905 1981 1000 2021 οὐδὲν
1034 1982 1175 2033 ἄμεινον

151 2046 420 2097 διακεισόμεθα,
454 2047 545 2086 ἀλλὰ
576 2047 698 2098 πολλῷ
728 2054 859 2101 χεῖρον.
880 2049 941 2088 Ἐν
971 2049 1082 2102 τούτῳ
1108 2049 1177 2101 γὰρ

153 2117 426 2165 πλεονεκτοῦμεν
447 2116 583 2163 αὐτῶν,
603 2118 650 2159 ὡς
667 2121 740 2159 τοῖς
759 2131 798 2167 γε
818 2116 936 2160 ἄλλοις
967 2117 1079 2155 ἅπασι
1107 2123 1179 2159 τοῖς

155 2187 370 2232 σωματικοῖς
386 2183 425 2220 ἐκ
439 2183 570 2220 πολλοῦ
584 2186 644 2221 τοῦ
656 2182 836 2234 περιόντος
856 2186 972 2226 αὐτοῖς
987 2183 1177 2235 νικώμεθα.

156 2248 206 2288 Τί
224 2242 282 2287 οὖν
311 2248 403 2288 ἔστιν
427 2249 447 2287 ὅ
465 2264 570 2300 φησιν
602 2253 620 2288 ὃ
640 2251 792 2297 Παῦλος,
822 2250 882 2288 καὶ
901 2250 982 2302 περὶ
1003 2251 1106 2299 τίνος,
1127 2252 1180 2289 ὅτι

157 2314 203 2354 ‘H
224 2320 352 2367 γνῶσις
371 2317 680 2369 καταργηθήσεται
698 2334 706 2363 ;
728 2319 782 2355 Οὐ
799 2318 878 2370 περὶ
896 2320 959 2364 τ’ἧς
978 2321 1181 2366 παντελοῦς,

158 2383 249 2421 ἀλλὰ
268 2383 348 2435 περὶ
368 2386 430 2430 τ’ἧς
449 2387 596 2434 μερικῆς
620 2384 720 2422 τοῦτό
756 2400 856 2436 φησι,
878 2384 1096 2437 κατάργησιν
1119 2386 1181 2431 τὴν

160 2451 219 2489 ἐπὶ
250 2450 289 2488 τὸ
323 2450 459 2501 βέλτιον
489 2454 502 2470 ²
521 2451 667 2503 πρόοδον
702 2451 837 2502 λέγων,
859 2454 906 2496 ὡς
933 2451 997 2499 τὴν
1034 2453 1181 2504 μερικὴν

161 2517 451 2570 καταργουμένην
475 2517 602 2568 μηκέτι
622 2511 709 2556 εἶναι
731 2517 900 2570 μερικὴνῖ,
925 2519 1014 2557 ἀλλὰ
1034 2519 1180 2558 τελείαν.

161 2585 332 2637 Καθάπερ
348 2584 416 2638 γὰρ
435 2588 456 2632 ἡ
476 2585 598 2632 ἡλικία
617 2589 676 2624 τοῦ
696 2585 836 2624 παιδίου
861 2592 1102 2638 καταργεῖται,
1123 2588 1184 2626 οὐκ

161 2653 415 2706 ἀφανιζομένης
449 2655 510 2699 τῆς
557 2652 673 2696 οὐσίας
689 2684 698 2700 ,
744 2655 822 2692 ἀλλ’
856 2653 1090 2705 αὐξανομένης
1123 2659 1185 2701 τῆς

161 2720 317 2768 ἡλικίας,
337 2719 398 2758 καὶ
417 2720 463 2762 εἷς
480 2719 589 2772 ἄνδρα
605 2720 736 2758 τέλειον
754 2721 982 2768 ἔκὸαινούσης
994 2738 1001 2745 ·
1018 2723 1108 2761 οὕτω
1126 2724 1184 2761 καὶ

163 2787 222 2826 ἐπὶ
233 2790 295 2833 τῆς
314 2785 474 2838 γνώσεως
493 2786 640 2837 γίνεται.
656 2786 701 2826 ‘ll
725 2788 847 2839 μικρὰ,
866 2790 984 2841 φησὶν,
1005 2790 1094 2836 αὕτη
1112 2792 1188 2828 οὐκ·

166 2854 217 2892 έτι
244 2852 284 2890 ἂν
305 2852 358 2898 εἴη
381 2851 512 2904 μικρὰ,
541 2852 598 2892 διὰ
621 2857 689 2893 τῶν
710 2855 787 2902 ἑξῆς
820 2856 989 2906 γενομένη
1020 2858 1158 2909 μεγάλη
1177 2872 1186 2882 ·

163 2924 267 2958 ‘welto
278 2919 351 2958 ἔστι
362 2919 414 2966 τὸ,
427 2927 674 2972 καταργεῖται·
691 2922 750 2960 καὶ
762 2927 861 2961 τοῦτο
878 2923 936 2961 διὰ
953 2926 1021 2962 τῶν
1038 2927 1114 2970 ἑξῆς
1128 2942 1187 2963 σα-

165 2985 330 3039 φέστερον
348 2988 433 3035 ἡμῖν
455 2985 641 3031 ἐδήλωσεν.
659 2987 737 3027 Ἵνα
769 2990 836 3042 γὰρ
867 2991 1018 3035 ἀκούσας
1044 2992 1097 3030 ὅτι
1124 3009 1187 3031 κα-

166 3059 359 3106 ταργεῖται,
374 3051 422 3102 μὴ
444 3053 635 3092 κατάλυσιν
654 3059 810 3103 παντελῆ
825 3058 972 3109 νομίσῃς
989 3054 1088 3107 εἶναι,
1110 3062 1187 3098 ἀλλ’

170 3120 312 3166 αὔξησίν
336 3135 412 3157 τινα
443 3120 502 3158 καὶ
529 3121 614 3173 πρὸς
644 3123 684 3161 τὸ
713 3124 848 3174 βέλτιον
879 3125 1054 3172 ἐπίδοσιν,
1082 3126 1187 3164 εἰπὼν

170 3193 409 3240 καταργεῖται,
430 3187 626 3240 ἐπήγαγεν·
646 3189 711 3228 'Ex
733 3191 856 3243 μέρους
872 3191 938 3244 γὰρ
958 3193 1189 3244 γινιῖνῖκομεν,

170 3257 230 3296 καὶ
259 3260 298 3296 ἐκ
327 3258 451 3310 μέρους
470 3260 755 3313 προφητεύομεν·
775 3263 857 3301 ὅταν
891 3263 926 3300 δὲ
953 3264 1036 3315 ἔλθῃ
1069 3265 1107 3302 τὸ
1135 3265 1192 3303 τέ·-

167 3329 275 3376 λειον,
293 3327 370 3366 τότε
388 3328 428 3366 τὸ
447 3330 486 3367 ἐκ
507 3330 630 3381 μέρους
650 3333 981 3385 καταργηθήσεται·
1002 3336 1048 3377 ὡς
1065 3335 1192 3384 μηκέτι

1172 1224 1202 1248 [tlt

1353 262 1549 293 NATURA.
1591 259 1623 289 1.
2071 235 2162 294 545

1214 359 1295 383 rum
1313 359 1387 384 esse
1406 352 1512 397 caput
1531 340 1686 382 ostendit
1700 339 1822 378 dicens
1849 353 1856 373 :

1886 337 1973 375 Sive
1996 335 2160 387 prophe-
2189 372 2211 390 ,,
2224 358 2350 388 c0m3.

1217 408 1280 444 tiae
1309 407 1625 451 evacuabuntur,
1656 406 1735 440 sive
1770 401 1913 452 linguoe
1940 398 2166 438 cessabunt.
2183 403 2215 433 8.

1216 469 1296 504 εἱνε
1309 469 1469 504 scientia
1485 467 1714 503 destruetur.
1734 463 1899 499 ,Manent
1915 467 2044 496 autem
2054 457 2168 510 fides,
2189 487 2233 514 lb.
2253 497 2280 513 v·
2304 483 2352 512 ¹3·

1218 540 1301 577 spes
1318 535 1353 564 et
1367 529 1528 573 caritas,
1544 526 1619 563 tria
1635 525 1738 564 Izaec;
1756 523 1880 573 major
1896 528 2026 558 autem
2043 520 2169 556 omni-

1221 588 1290 623 bus
1307 595 1363 624 est
1379 590 1537 623 caritas.
1560 584 1632 624 Sed
1656 597 1725 620 non
1749 581 1928 621 modicam
1946 580 2049 618 nobis
2069 593 2171 630 quae-

1220 645 1370 683 stionem
1378 645 1453 683 haec
1461 645 1505 683 de
1516 645 1660 682 caritate
1671 643 1768 681 dicta
1781 641 1970 679 inducunt:
1983 654 2064 678 nam
2074 639 2171 691 quod

1220 705 1417 757 prophetiae
1446 713 1662 743 evacuentur
1688 712 1721 741 et
1751 703 1882 753 linguae
1904 710 2051 750 cessent,
2079 700 2171 738 niliil

1222 765 1304 804 inde
1322 766 1479 814 durum;
1500 780 1582 803 cum
1599 765 1695 803 enim
1712 764 1790 801 haec
1808 776 1967 809 munera,
1984 770 2171 813 postquam

1223 841 1329 865 suum
1358 826 1589 878 pra‘stiterint
1624 839 1748 871 usum,
1773 833 1891 876 postea
1920 832 2076 867 cessant,
2111 822 2171 859 ni·

1224 888 1277 925 hil
1297 888 1405 925 verbo
1427 886 1630 924 nocumenti
1651 886 1778 923 afferre
1797 892 1974 936 poterunt,
1998 882 2174 933 siquidem

1222 950 1298 1001 jam
1316 947 1503 1001 prophetia
1523 961 1592 984 non
1619 955 1684 991 est,
1713 959 1781 983 non
1802 945 2008 996 linguarum
2028 956 2173 988 munus,

1227 1018 1261 1048 et
1284 1019 1400 1047 tamen
1423 1008 1566 1061 pietatis
1584 1007 1735 1045 verbum
1751 1019 1820 1043 non
1842 1004 2047 1057 impeditur.
2067 1002 2175 1052 Quod

2225 1032 2383 1069 Quomodo

1229 1079 1347 1108 autem
1363 1070 1509 1107 scicntia
1524 1068 1740 1116 destruatur,
1755 1066 1800 1104 de
1815 1067 1877 1104 illo
1890 1065 2038 1116 quaestio
2053 1078 2179 1102 move·
2209 1075 2386 1111 intelligitur

1229 1141 1300 1169 tur.
1330 1132 1422 1169 Cum
1447 1129 1541 1167 enim
1565 1128 1738 1175 dixisset,
1759 1128 1844 1166 Sive
1860 1127 2072 1178 prophetia?
2091 1139 2181 1163 eva-

2197 1115 2282 1146 illud,
2293 1119 2388 1143 scien-

2197 1159 2242 1187 tia
2268 1159 2390 1185 destru-

1205 1194 1476 1246 6ειιαῖηιηῑιιν,
1505 1194 1586 1229 sive
1616 1190 1760 1241 linguae
1790 1187 2014 1231 cessabunt,
2047 1186 2181 1234 intulit,
2198 1206 2276 1229 aar.

135 1249 294 1299 γλῶσσαι
312 1245 505 1285 παύσονται
521 1274 532 1291 ›
559 1244 735 1296 ἐπήγαγεν
748 1259 758 1267 “
779 1243 859 1282 Εἴτε
881 1248 1007 1293 γνῶσίς
1026 1261 1159 1297 καταρ·
1183 1260 1208 1288 Α
1231 1254 1318 1292 Sive
1338 1255 1501 1292 scientia
1518 1253 1745 1289 destruetur.
1761 1250 1800 1289 Si
1821 1258 1938 1286 autem
1955 1249 2114 1286 futurum
2133 1256 2186 1285 est

1233 1324 1274 1352 ut
1293 1313 1440 1352 scientia
1468 1321 1592 1359 cesset,
1614 1325 1683 1348 non
1711 1310 1747 1348 in
1767 1311 1912 1358 melius,
1935 1308 1995 1346 sed
2021 1308 2057 1346 in
2084 1309 2187 1360 pejus

1234 1389 1289 1414 res
1308 1383 1436 1412 nostrae
1458 1372 1585 1411 cedent
1609 1388 1617 1412 ε
1648 1371 1723 1409 sine
1749 1371 1811 1408 illa
1831 1370 1964 1422 quippe
1988 1368 2026 1407 id
2048 1382 2189 1419 quoque

1235 1436 1330 1488 quod
1350 1436 1511 1473 homines
1532 1436 1662 1479 simus,
1681 1432 1884 1470 amittemus
1904 1447 1912 1468 ε
1937 1432 2063 1468 Deum
2083 1430 2189 1476 enim,

1237 1497 1367 1548 inquit,
1389 1499 1494 1544 time,
1516 1504 1553 1533 et
1582 1495 1769 1531 mandata
1791 1495 1874 1544 ejus
1897 1494 2058 1530 observa
2079 1506 2090 1525 .-
2118 1492 2191 1529 hoc
2209 1500 2305 1529 Ecclt.
2337 1505 2384 1525 η.

1240 1566 1295 1597 est
1322 1560 1426 1594 enim
1457 1559 1580 1593 omnis
1603 1556 1730 1592 homo.
1761 1554 1799 1592 Si
1833 1554 1952 1603 itaque
1982 1552 2090 1590 homo
2119 1565 2193 1590 esse

1241 1618 1337 1656 idem
1360 1617 1406 1655 sit
1433 1616 1532 1668 quod
1560 1617 1677 1653 Deum
1698 1615 1835 1660 timere,
1856 1614 1964 1652 timor
1983 1622 2100 1651 autem
2127 1613 2195 1651 Dei

1242 1692 1285 1716 ex
1306 1677 1452 1716 scientia
1478 1675 1643 1728 prodeat,
1665 1675 1881 1726 scientiaque
1904 1674 2126 1722 destruatur,
2157 1682 2196 1711 ut

1243 1739 1293 1777 ait
1326 1738 1452 1776 beatus
1481 1737 1615 1774 Paulus
1640 1752 1647 1772 :
1671 1746 1754 1774 tunc
1783 1735 1944 1773 funditus
1975 1735 2196 1787 peribimus,

1245 1813 1327 1838 cum
1347 1797 1493 1836 scientia
1508 1811 1578 1835 non
1594 1797 1676 1842 erit,
1694 1797 1882 1847 omniaque
1897 1805 2014 1833 nostra
2031 1795 2199 1842 defluent,

1246 1876 1287 1900 ac
1305 1860 1424 1899 brutis
1443 1859 1558 1897 nihilo
1579 1859 1737 1896 melioris
1758 1858 1902 1905 erimus,
1919 1857 1991 1895 imo
2011 1857 2124 1895 multo
2143 1871 2202 1909 pe-

1243 1922 1334 1975 joris
1349 1919 1578 1959 conditionis.
1594 1920 1668 1957 Hac
1683 1919 1778 1958 enim
1802 1933 1839 1956 re
1865 1932 1935 1956 una
1962 1918 2034 1955 illis
2060 1928 2203 1970 praesta-

1249 1996 1329 2021 mus
1343 2013 1353 2028 ,
1373 1991 1412 2019 ut
1430 1982 1467 2019 in
1489 1981 1569 2019 aliis
1588 1981 1756 2019 omnibus
1784 1982 1962 2032 corporeis
1995 1979 2041 2018 ab
2060 1980 2103 2016 iis
2122 1979 2204 2016 lon-

1202 2056 1224 2086 Β
1249 2057 1292 2095 ge
1310 2056 1532 2095 superamur.
1555 2040 1654 2090 Quid
1680 2042 1792 2093 igitur
1816 2050 1866 2078 est
1892 2040 2023 2091 dequo
2046 2040 2206 2090 loquitur

1250 2104 1400 2150 Paulus,
1418 2117 1500 2141 cum
1526 2102 1590 2148 ait,
1615 2102 1785 2141 scientia
1803 2103 2045 2139 destruetur?
2061 2101 2144 2140 Non
2163 2100 2207 2138 de

1253 2163 1460 2211 universali,
1489 2162 1548 2201 sed
1569 2162 1614 2200 de
1636 2162 1847 2214 particulari
1876 2161 2030 2212 quadam
2061 2161 2207 2199 scientia

1252 2227 1427 2276 loquitur,
1455 2224 1731 2262 destructionem
1755 2236 1886 2260 vocans
1914 2237 2141 2274 progressum
2172 2222 2208 2259 in

1257 2286 1386 2325 melius
1408 2300 1416 2321 ε
1446 2285 1495 2322 ita
1516 2293 1554 2321 ut
1575 2283 1802 2336 particularis
1833 2284 1895 2320 itta
1914 2283 2093 2320 destructa
2107 2312 2117 2327 ‚
2140 2297 2208 2320 non

1253 2346 1411 2398 amplius
1433 2344 1478 2382 sit
1498 2344 1738 2396 particularis,
1758 2344 1818 2380 sed
1841 2344 2006 2394 perfectu.
2029 2344 2209 2391 Quemad-

1259 2407 1406 2445 modum
1435 2405 1528 2442 cniut
1553 2404 1701 2456 puerilis
1720 2413 1804 2440 aetas
1823 2404 2032 2445 destruitur.
2054 2417 2121 2441 non
2141 2404 2210 2440 de·

1254 2469 1322 2506 leta
1350 2467 1563 2510 substantia,
1592 2466 1653 2502 sed
1675 2475 1778 2502 anicla
1806 2474 1937 2502 statura
1965 2474 1996 2502 et
2027 2465 2061 2501 in
2093 2465 2208 2501 virum

1257 2533 1450 2585 perfectum
1479 2530 1650 2568 evadente
1673 2545 1680 2565 :
1710 2529 1761 2566 sic
1782 2539 1815 2566 vt
1848 2530 1882 2566 in
1905 2529 2049 2566 scicntia
2075 2529 2206 2566 evenit.

1258 2602 1387 2649 Parva,
1407 2599 1535 2648 inquit,
1554 2598 1628 2634 lure
1647 2610 1714 2633 non
1735 2596 1825 2632 ultra
1845 2610 1952 2648 parva
1971 2596 2049 2638 erit,
2069 2595 2211 2646 quando

1258 2667 1426 2717 deinceps
1457 2677 1583 2713 inagna
1613 2663 1786 2700 ostii-ictu·-
1812 2678 1818 2698 :
1851 2663 1900 2698 sic
1938 2662 2210 2712 intelligendum

1260 2733 1366 2777 illud,
1390 2734 1632 2769 deseruetur:
1655 2730 1752 2780 quud
1775 2729 1905 2766 clarius
1930 2729 1963 2767 iu
1984 2730 2212 2780 sapientibus

1259 2801 1468 2853 explicavit.
1485 2800 1533 2837 Ut
1552 2798 1662 2839 enini,
1678 2812 1759 2834 cuin
1775 2797 1878 2833 audis
1896 2798 2125 2840 destruetur,
2144 2812 2212 2835 non

1260 2865 1501 2906 οιιιιιίιιιυιί.ιιιι
1520 2864 1795 2901 ιίι·είι·ιιι“ῐίυιιι·ιιι
1815 2879 1887 2900 css(-
1910 2872 2062 2915 putares.
2083 2864 2142 2901 sul
2161 2865 2213 2901 iu·

1212 2944 1235 2972 t:
1259 2943 1475 2972 cretiivntutn
1497 2930 1692 2981 quoddam.
1713 2940 1743 2966 vt
1768 2944 1992 2981 progrvssuui
2016 2931 2048 2967 iti
2070 2930 2210 2972 tut-lius,

1260 3010 1446 3053 postquam
1473 2998 1629 3039 dixerat,
1663 2999 1894 3037 destructur.
1928 2996 2068 3033 addidit
2101 3013 2107 3032 :
2151 2999 2215 3034 Ex

1261 3078 1371 3121 parte
1386 3070 1486 3104 enim
1510 3068 1789 3116 cognoscimus,
1806 3073 1840 3100 v!
1859 3078 1904 3100 αι·
1924 3074 2036 3114 parte·
2053 3066 2215 3116 prophe·-

1265 3146 1392 3174 tamus
1419 3150 1432 3170 .-
1455 3148 1535 3170 sttm
1559 3142 1686 3169 ‹tute-m
1717 3134 1860 3168 venerit
1879 3132 1984 3180 quod
2002 3133 2216 3183 perfectum

1265 3213 1319 3241 est
1335 3234 1343 3247 ,
1367 3211 1457 3239 tum·
1479 3201 1732 3236 evacuabatur
1752 3200 1855 3248 ιμιιιιί
1873 3213 1911 3234 τι
1941 3209 2053 3249 parte
2069 3209 2148 3240 est:
2170 3200 2217 3237 ita

1267 3278 1305 3306 ut
1332 3282 1399 3305 ιιυιι
1431 3268 1521 3303 ιιΙϊ.ἰ
1544 3279 1586 3302 vx
1617 3274 1715 3316 parti·
1737 3264 1794 3306 sit.
1822 3263 1880 3300 ml
1907 3266 2111 3316 perfectum.
2143 3266 2217 3304 lt-t-

1267 3349 1335 3385 qtu·
1353 3333 1571 3385 iniprt‘scctio
1588 3332 1662 3381 rjus
1679 3330 1886 3374 ‹tt-struitur,
1913 3340 1948 3369 ut
1975 3345 2043 3369 uun
2065 3333 2156 3370 ultra
2177 3334 2222 3370 sit

215 3442 227 3456 ⁸
255 3432 346 3465 Ufflffl
368 3432 482 3465 coast!
503 3438 629 3479 πρόοδον
645 3440 762 3476 καλῶν,
775 3441 811 3474 ὡς
829 3446 879 3475 τῆς
893 3448 1015 3482 μερικῶς
1032 3446 1274 3484 κιταργοαμένης
1293 3465 1299 3475 ,
1316 3446 1422 3480 μηκέτι
1441 3441 1510 3471 εἶναι
1529 3451 1665 3481 ¹tufnnw.
1685 3434 1800 3477 [savii.
1822 3441 1858 3472 ⁸1.-
1873 3441 1906 3469 τὸ
1923 3439 2051 3478 ¹urrant]

392 3492 470 3516 Tum
480 3509 486 3516 .
523 3493 550 3516 Ι.

1833 3482 1880 3517 :313

2213 1544 2260 1572 13.
