2549 3825
626 249 686 278 AD
722 247 965 278 STAGlRlUM
1001 249 1027 277 Α
1066 248 1261 278 ΒΕΜΟΝΕ
1301 248 1533 278 ΥΕΧΑΊἨΜ.

185 332 300 384 ἰατρὸς
318 329 665 384 παραμυθησόμενος,
686 332 788 368 τοῦτο
808 328 870 379 μὲν
901 330 958 367 διὰ
978 329 1041 377 τὴν
1063 330 1197 375 πενίαν,

183 396 284 430 τοῦτο
314 391 349 429 δὲ
374 391 431 429 διὰ
461 391 500 429 τὸ
525 390 588 437 τὴν
617 389 743 442 τέχνην
774 390 889 432 αὐτοῖς
915 391 1122 441 ἐλεγχθῆναι
1149 392 1200 442 τῷ

183 451 304 489 πάθει·
323 450 437 489 πολλὰ
453 450 520 502 γὰρ
539 450 664 489 πολλοὶ
685 448 883 500 ι’καμόντες
906 449 993 497 (καὶ
1012 449 1079 502 γὰρ
1098 450 1198 501 ἔτυχε

183 511 251 562 πρὸ
278 510 400 550 τούτου
425 510 540 549 πολλὰ
564 510 732 563 χρήματα
760 510 849 562 ἔχων
880 511 1034 559 ἐκεῖνος)
1059 510 1198 557 ὤνησαν

2193 231 2211 245 fl

1574 248 1657 278 LlB.
1700 249 1763 278 111.
2130 249 2217 295 273

1273 329 1435 369 addictus
1451 339 1514 377 est,
1532 344 1644 381 neque
1654 343 1776 369 servus
1793 329 1888 367 ullus
1899 328 2009 378 adest,
2024 330 2085 380 qui
2100 343 2222 368 curam

1272 391 1349 442 ejus
1367 391 1495 429 habeat
1508 421 1518 441 ,
1544 405 1657 441 neque
1673 391 1848 439 medicus,
1867 392 1928 441 qui
1946 390 2144 428 consoletur
2160 406 2168 426 ε
2183 390 2223 427 id

1274 460 1418 503 propter
1448 452 1602 502 inopiam
1623 481 1632 497 ‚
1666 451 1764 489 istud
1794 451 1877 501 quia
1911 459 2054 502 superat
2081 464 2223 488 omnem

1275 512 1360 548 artis
1380 511 1591 549 industriam
1613 511 1641 548 is
1660 511 1817 549 morbus.
1842 511 2005 549 Plurima
2023 512 2118 549 enim
2136 511 2223 563 plu-

181 570 291 609 οὐδέν.
312 571 381 610 Καὶ
400 571 438 610 τὸ
460 571 501 618 δὴ
527 571 729 625 δεινότερον,
749 571 824 609 οὐδὲ
845 573 914 609 τῶν
936 571 1043 623 φίλων
1064 587 1116 614 τις
1136 571 1199 608 αὖ·
1211 594 1260 618 223
1277 571 1359 609 rimi
1379 587 1462 611 cum
1483 573 1620 623 egerint
1637 575 1726 619 (erat
1746 572 1839 609 enim
1857 581 1954 609 antea
1971 572 2131 623 pecuniis
2151 572 2225 608 fre-

182 630 239 668 τὸν
260 633 343 683 ὁρᾷν
365 632 474 670 ἐθέλει
493 632 625 680 λοιπὸν,
653 631 743 670 ἀλλὰ
763 629 890 675 πάντες
918 631 1020 670 αὐτὸν
1050 630 1200 682 ἐγκατέ-
1223 629 1250 660 Α
1275 636 1370 681 tus),
1392 633 1483 670 nihil
1513 633 1748 685 profecerunt.
1781 632 1960 682 Quodque
1984 632 2039 670 his
2059 632 2226 670 omnibus

182 692 284 729 λιπον
314 691 375 730 καὶ
392 695 460 730 τῶν
479 691 593 731 πολλὰ
614 694 780 744 πρότερον
800 691 1091 744 εὐεργετηθέντων
1117 693 1201 744 παρ’

185 753 300 790 αὐτοῦ.
330 754 374 791 Εἰ
396 753 433 791 δέ
457 769 509 797 τις
537 753 596 792 καὶ
615 753 764 792 εἰσέλθοι
778 752 883 803 ποτὲ,
913 753 1039 796 εὐθέως
1067 752 1204 800 ἀπεπή-

185 814 270 859 δησε
283 828 291 836 ·
307 814 481 860 τοσαύτης
505 813 673 857 δυσωδίας
687 814 726 852 τὸ
748 814 922 864 δωμάτιον
945 812 1205 863 ἐμπέπλησται,

185 877 236 926 τῷ
255 874 387 924 μηδένα
415 875 474 913 τὸν
497 874 771 925 ἐπιμελούμενον
803 868 902 913 εἶναι.
922 875 1001 913 Μία
1020 873 1088 925 γὰρ
1111 874 1206 924 αὐτῷ

185 934 354 982 παιδίσκη
388 935 636 986 παρακάθηται
672 934 760 985 μόνη
799 939 952 973 τοσαῦτα
981 935 1207 980 διακονοῦσα,

185 996 250 1034 ὅσα
270 995 358 1040 εἰκὸς
378 996 542 1034 δύνασθαι
561 995 707 1047 γυναῖκά
725 1011 762 1033 τε
790 990 908 1044 οῧσαν,
930 995 989 1034 καὶ
1010 995 1132 1046 μόνην,
1147 994 1208 1032 καὶ

187 1059 226 1095 ἐκ
244 1058 306 1102 τῆς
335 1056 499 1109 ἐργασίας
521 1056 791 1108 διατρεφομένην
821 1058 890 1094 τῶν
910 1058 1053 1108 χειρῶν.
1080 1055 1207 1094 Πόσων

187 1111 244 1156 οὖν
260 1117 433 1168 δαιμόνων
459 1117 691 1170 χαλεπώτερα
717 1117 761 1156 τὰ
790 1117 921 1156 ἐκείνου
941 1116 1054 1164 κακά;
1076 1118 1120 1155 Εἰ
1141 1116 1208 1170 γὰρ

187 1178 248 1216 καὶ
268 1178 375 1229 μηδὲν
395 1182 409 1199 ³
426 1180 520 1232 αὐτῷ
546 1177 700 1229 ἠνώχλει
718 1177 862 1227 τούτων,
882 1178 916 1216 τί
938 1178 999 1216 οὒκ
1019 1179 1059 1215 ἂν
1082 1177 1207 1216 ἔπαθεν

188 1241 311 1278 ἐννοῶν
331 1238 388 1277 τὸν
406 1239 530 1292 χρόνον
548 1239 605 1277 τὸν
627 1239 778 1292 μακρὸν,
793 1240 828 1279 ὃν
847 1239 906 1279 ἐπὶ
920 1241 983 1286 τῆς
1003 1238 1122 1286 κλίνης
1145 1254 1210 1276 κα·

188 1299 361 1346 τάκειται,
387 1300 451 1347 τὴν
477 1299 633 1346 δαπάνην
653 1299 717 1347 τὴν
739 1300 872 1347 πολλὴν
896 1301 956 1339 καὶ
980 1301 1026 1344 εἷς
1056 1300 1210 1352 ἐσχάτην

191 1360 291 1399 αὐτὸν
311 1360 532 1411 ἐμὸαλοῧσαν
551 1359 689 1407 πενίαν,
717 1361 786 1399 τῶν
808 1361 916 1413 φίλων
941 1360 1005 1408 τὴν
1032 1359 1212 1412 καταφρό-

191 1436 304 1468 νησιν,
329 1422 398 1458 τῶν
418 1420 702 1472 θεραπευσόντων
730 1421 793 1468 τὴν
814 1421 978 1474 ἐρημίαν,
999 1421 1039 1459 τὸ
1059 1421 1149 1471 μηδὲ
1183 1424 1213 1459 εἷ

192 1481 360 1528 στήσεταί
378 1497 462 1520 ποτε
481 1481 526 1520 τὰ
554 1481 650 1520 δεινὰ
679 1487 789 1521 ταῦτα
814 1482 954 1530 εἰδέναι,
982 1482 1067 1534 ὅπερ
1089 1483 1142 1521 ἀεὶ
1173 1482 1213 1521 σὺ

191 1546 341 1591 πενθεῖς,
364 1544 496 1593 μᾶλλον
523 1542 559 1581 δὲ
589 1542 628 1581 τὸ
655 1547 842 1581 πεπεῖσθαι
861 1543 1029 1595 ἀκριὸῶς,
1052 1542 1108 1582 ὅτι
1136 1542 1214 1581 οὐδὲ

194 1603 361 1650 στήσεταί
379 1617 478 1650 ποτε,
504 1604 629 1646 ζῶντος
652 1605 755 1641 αὐτοῦ
781 1603 840 1642 καὶ
867 1604 1056 1653 ἐμπέοντος
1075 1603 1148 1651 ἔτι;
1168 1603 1215 1641 ‘H

193 1663 262 1715 γὰρ
293 1663 453 1707 ἐπίτασις
483 1666 544 1701 τοῦ
575 1663 775 1711 νοσήματος
799 1663 861 1701 καὶ
891 1664 930 1702 τὸ
959 1665 1037 1702 καθ’
1064 1664 1215 1711 ἑκάστην

195 1723 330 1776 ἡμέραν
360 1723 418 1760 ἐπὶ
448 1722 488 1761 τὸ
515 1727 632 1776 χεῖρον
668 1725 762 1777 αὐτῷ
790 1723 994 1776 προὸαίνειν
1023 1724 1063 1762 τὸ
1095 1723 1217 1772 δεινὸν,

193 1784 295 1822 τοῦτό
315 1800 432 1836 φησιν.

249 1968 330 2012 Ἵνα
361 1973 397 2013 δὲ
428 1971 477 2024 μὴ
505 1976 583 2012 καθ’
616 1974 766 2014 ἕκαστον
796 1973 874 2019 τοὺς
902 1975 947 2013 τὰ
985 1979 1130 2014 τοιαῦτα
1162 1976 1218 2013 δε-

197 2033 456 2087 δυστυχηκότας
508 2037 717 2087 ἀπαριθμῶν
751 2035 848 2080 ’δόξω
903 2035 982 2080 τοὺς
1033 2036 1221 2080 ἀκούοντας

195 2095 423 2147 ἀποκναίειν,
456 2096 555 2135 ἄπιθι
583 2097 670 2150 πρὸς
702 2097 760 2135 τὸν
790 2097 1030 2148 ἐπιτραπέντα
1063 2096 1127 2143 τὴν
1159 2102 1220 2136 τοῦ

196 2156 336 2200 ’ξενῶνος
353 2156 575 2206 ἐπιστασίαν,
597 2158 655 2195 καὶ
673 2157 835 2196 κέλευσον
857 2160 1057 2209 εἰσαγαγεῖν
1079 2174 1117 2196 σε
1133 2157 1221 2207 πρὸς

194 2217 272 2261 τοὺς
303 2217 573 2269 κατακειμένους
609 2221 699 2266 ἐκεῖ,
737 2218 796 2256 ἵνα
841 2226 958 2256 πᾶσαν
1002 2219 1099 2270 ῥίζαν
1144 2218 1219 2270 ἴδῃς

193 2279 398 2326 παθῶν,καὶ
418 2278 529 2323 ξένους
548 2280 756 2330 νοσημάτων
777 2280 938 2332 τρόπους,
963 2281 1023 2318 καὶ
1039 2281 1218 2318 παντοδα-

194 2340 263 2383 πὰς
282 2339 429 2390 ἀθυμίας
459 2339 649 2383 ὑποθέσεις.
672 2340 826 2379 Ἐκεῖθεν
847 2343 896 2384 εἷς
914 2341 954 2379 τὸ
982 2340 1220 2392 δεσμωτήριον

196 2399 317 2446 ἐλθὼν,
336 2399 395 2438 καὶ
416 2399 533 2438 πάντα
551 2400 595 2438 τὰ
615 2403 649 2438 ἐν
669 2403 719 2453 τῷ
738 2401 906 2451 οἰκήματι
925 2401 1039 2452 τούτῳ
1058 2416 1220 2451 καταμα-

196 2459 278 2508 θὼν,
297 2460 438 2511 βάδισον
459 2461 516 2498 ἐπὶ
534 2461 578 2499 τὰ
596 2461 795 2513 προπύλαια
813 2465 882 2499 τῶν
904 2461 1111 2512 βαλανείων,
1137 2461 1217 2499 ἔνθα

195 2521 256 2558 καὶ
277 2521 396 2573 κόπρῳ
421 2522 480 2560 καὶ
500 2522 644 2575 καλάμῃ
667 2522 743 2560 ἀντὶ
768 2522 918 2573 ἱματίων
943 2523 1003 2561 καὶ
1030 2522 1133 2561 οἴκων
1156 2539 1218 2561 κε-

194 2582 365 2635 χρημένοι
379 2582 467 2626 τινὲς
481 2583 706 2622 κατάκεινται
721 2583 861 2634 γυμνοὶ,
886 2586 1010 2636 κρυμῷ
1044 2583 1103 2621 καὶ
1129 2583 1220 2636 νόσῳ

196 2644 255 2682 καὶ
272 2646 366 2697 λιμῷ
385 2643 671 2696 πολιορκούμενοι
691 2646 853 2691 διηνεκεῖ,
878 2648 921 2696 τῇ
950 2645 1026 2696 ὄψει
1047 2644 1135 2696 μόνῃ
1158 2645 1217 2682 καὶ

195 2708 246 2758 τῷ
265 2705 384 2758 τρόμῳ
408 2710 468 2744 τοῦ
494 2705 656 2757 σώματος
692 2705 752 2744 καὶ
773 2708 823 2757 τῷ
842 2704 943 2758 ψόφῳ
959 2709 1027 2743 τῶν
1049 2721 1217 2756 συγκρου-

197 2766 303 2804 όντων
332 2765 478 2804 ὀδόντων
508 2768 791 2818 παρακαλοῦντες
821 2766 898 2809 τοὺς
926 2767 1131 2818 παριόντας,
1159 2767 1217 2804 καὶ

197 2827 273 2866 οὔτε
301 2826 417 2880 φωνὴν
444 2830 593 2879 ἀφεῖναι,
615 2826 693 2866 οὔτε
712 2833 833 2880 χεῖρας
861 2829 1011 2866 ἐκτεῖναι
1035 2828 1216 2877 δυνάμενοι

196 2890 246 2941 τῷ
273 2888 405 2940 σφόδρα
435 2888 503 2935 ἤδη
535 2895 606 2932 τοῖς
637 2888 812 2933 τοσούτοις
842 2891 1050 2941 ἐκτετῆχθαι
1081 2895 1214 2931 κακοῖς.

196 2949 301 2988 Ἀλλὰ
326 2949 414 2996 μηδὲ
440 2949 544 3001 μέχρι
564 2949 699 2988 τούτων’
718 2953 822 3002 στῇς,
848 2950 938 2988 ἀλλὰ
970 2951 1029 2989 καὶ
1060 2951 1145 3002 πρὸς
1179 2951 1217 2988 τὸ

197 3011 265 3047 τῶν
286 3012 438 3062 πτωχῶν
467 3009 686 3062 καταγώγιον
714 3011 754 3049 τὸ
778 3011 846 3063 πρὸ
871 3013 933 3056 τῆς
962 3012 1095 3055 πόλεως
1119 3012 1216 3056 ἔξιθι,

198 3070 255 3109 καὶ
274 3070 350 3108 τότε
367 3071 443 3122 ὄψει
461 3073 588 3116 καλῶς,
604 3071 658 3110 ὅτι
678 3075 700 3118 ἡ
718 3072 867 3111 δοκοῦσά
890 3088 927 3110 σε
948 3073 1103 3124 συνέχειν
1132 3076 1218 3111 ἀθυ-

199 3131 261 3180 μία
290 3135 348 3169 νῧν
367 3132 474 3183 λιμήν
505 3136 596 3171 ἐστιν
629 3133 752 3177 εὔδιος.
788 3134 836 3171 Τί
869 3134 938 3187 γὰρ
972 3135 1012 3172 ἄν
1041 3150 1092 3178 τις
1127 3136 1217 3173 εἴποι

196 3191 274 3236 τοὺς
293 3193 475 3245 ἐλεφαντίᾳ
495 3194 585 3232 κατὰ
610 3194 734 3246 μικρὸν
759 3195 1051 3245 ἀναλισκομένους
1071 3197 1215 3249 ἄνδρας,

198 3252 259 3296 τὰς
285 3254 440 3306 καρκίνῳ
479 3256 748 3306 κατεσθιομένας
776 3263 961 3308 γυναῖκας,
990 3259 1114 3297 Ταῦτα
1150 3259 1218 3311 γὰρ

245 3394 261 3418 b
283 3393 386 3427 szufit.
409 3398 558 3434 λαόύντες,
577 3395 630 3428 ulii
650 3404 806 3439 καμόντι-ς.

427 3471 522 3496 Tomi.
558 3472 582 3495 Ι.

1279 693 1424 744 gravius
1452 701 1517 740 est,
1541 707 1653 743 neque
1679 692 1876 730 amicorum
1903 692 2032 742 aliquis
2051 706 2132 730 eum
2150 694 2226 744 jam

1275 752 1402 791 videre
1419 753 1524 801 vult,
1547 753 1607 790 sed
1631 767 1714 790 eum
1732 767 1854 790 omnes
1877 751 2128 800 deseruerunt,
2149 762 2181 789 et
2200 754 2228 791 ii

1276 814 1339 865 qui
1359 813 1524 865 plurimis
1542 824 1642 852 antea
1662 814 1708 852 ab
1726 828 1766 852 eo
1781 813 1962 852 beneficiis
1982 813 2118 850 fuerant
2136 814 2228 850 affe-

1278 875 1340 913 cti.
1363 874 1469 920 Quod
1491 875 1519 912 si
1540 875 1620 925 quis
1638 888 1809 925 umquam
1830 873 2048 926 ingreditur,
2069 873 2229 925 protinus

1279 935 1393 975 resilit
1404 951 1412 972 z
1423 944 1521 974 tanto
1531 936 1653 973 foetore
1663 935 1790 973 domus
1802 935 1865 972 illa
1879 935 1985 987 plena
2000 943 2064 980 est,
2082 947 2122 972 eo
2133 934 2230 983 quod

1280 997 1402 1035 nullus
1431 995 1525 1034 adsit
1544 997 1606 1047 qui
1626 1010 1746 1034 curam
1767 996 1843 1047 ejus
1862 1005 1971 1047 gerat.
1992 996 2071 1033 Una
2089 994 2184 1032 enim
2198 1003 2231 1031 et

1279 1057 1353 1095 sola
1373 1057 1428 1095 illi
1447 1057 1577 1095 ancilla
1600 1056 1751 1105 assidet,
1770 1064 1907 1094 tantum
1926 1055 1979 1093 illi
1999 1055 2204 1092 ministrans
2221 1084 2231 1101 ,

1280 1127 1453 1169 quantum
1474 1126 1587 1169 potest
1608 1116 1761 1166 mulier,
1800 1130 1880 1154 cum
1905 1116 1950 1154 sit
1972 1125 2006 1154 et
2024 1115 2115 1163 sola,
2136 1124 2169 1153 et
2189 1128 2235 1152 ex

1281 1190 1386 1229 opere
1400 1189 1574 1214 manuum
1589 1175 1725 1214 vivens.
1742 1175 1916 1221 Quaenam
1931 1188 2015 1226 ergo
2031 1172 2235 1211 daemonum

1281 1237 1425 1276 vexatio
1452 1237 1552 1275 illius
1577 1237 1748 1275 aerumnis
1767 1236 1965 1288 comparari
1986 1235 2130 1288 potest?
2157 1235 2236 1273 Etsi

1283 1299 1378 1337 enim
1389 1313 1470 1337 eum
1485 1298 1616 1337 horum
1629 1298 1719 1336 nihil
1736 1297 1973 1350 perturbaret,
1993 1296 2083 1347 quid
2096 1309 2164 1334 non
2177 1311 2239 1349 pa·

1284 1368 1417 1398 teretur
1434 1358 1662 1397 considerans
1681 1359 1770 1396 adeo
1789 1357 1972 1410 prolixum
1992 1366 2146 1409 tempus,
2167 1370 2238 1407 quo

1281 1422 1357 1473 jam
1377 1419 1413 1456 in
1429 1419 1560 1457 lectulo
1576 1417 1742 1469 decubat,
1763 1419 1992 1469 ingentesque
2008 1426 2160 1466 sumtus,
2177 1417 2239 1467 qui

1287 1496 1322 1519 se
1341 1480 1377 1518 in
1398 1494 1601 1532 supremam
1617 1479 1830 1531 redegerunt
1847 1478 2019 1530 inopiam,
2040 1478 2240 1516 amicorum

1288 1550 1520 1590 contemtum,
1539 1540 1757 1578 famulorum
1774 1548 1879 1590 atque
1897 1539 2166 1590 obsequentium
2186 1552 2241 1576 so-

1288 1601 1480 1639 litudinem
1496 1617 1503 1637 :
1519 1610 1568 1649 et,
1587 1601 1624 1639 id
1640 1600 1736 1651 quod
1752 1601 1908 1638 maxime
1923 1613 2017 1637 nunc
2032 1599 2145 1649 doles,
2163 1613 2242 1637 cer-

1290 1671 1363 1699 tam
1406 1661 1543 1699 nullam
1570 1660 1742 1698 fiduciam
1769 1660 1878 1698 habet
1919 1674 1964 1698 an
1992 1660 2098 1698 finem
2124 1659 2242 1698 clades

1290 1723 1365 1760 istae
1385 1721 1561 1760 habiturae
1585 1722 1656 1760 sint
1669 1753 1680 1769 ,
1701 1722 1772 1760 imo
1793 1735 1877 1760 vero
1904 1730 2036 1759 certam
2056 1721 2216 1759 notitiam
2231 1750 2242 1767 ‚

1289 1784 1389 1835 quod
1403 1798 1440 1822 se
1457 1784 1600 1822 vivente
1615 1797 1656 1822 ac
1670 1784 1825 1836 spirante
1839 1796 2036 1835 numquam
2050 1782 2244 1821 finientur?

1292 1845 1439 1898 Quippe
1467 1845 1542 1897 ejus
1563 1844 1684 1883 morbi
1702 1844 1757 1882 vis
1773 1874 1783 1893 ‚
1813 1853 1847 1882 et
1873 1843 2103 1894 quotidianus
2123 1844 2159 1881 in
2179 1843 2247 1881 de-

1292 1905 1422 1943 teriora
1441 1917 1674 1956 progressus,
1695 1904 1763 1942 hoc
1783 1902 2009 1955 pollicentur.

1346 1976 1411 2015 15.
1445 1976 1582 2014 Verum
1612 1988 1656 2012 ne
1682 1989 1747 2027 per
1774 1974 1934 2026 singulos
1960 1988 2169 2014 enumerans
2189 1990 2246 2015 eos

1292 2033 1356 2085 qui
1369 2033 1578 2086 hujusmodi
1597 2034 1756 2072 adversis
1772 2034 1914 2072 casibus
1930 2033 2053 2071 afflicti
2071 2044 2168 2082 sunt,
2190 2036 2245 2073 fa·-

1291 2095 1442 2133 stidium
1452 2095 1651 2147 legentibus
1662 2095 1803 2141 faciam,
1815 2109 2073 2147 perge‚quzeso,
2086 2095 2130 2134 ad
2144 2096 2246 2135 illum

1291 2158 1349 2195 cui
1369 2157 1585 2195 xenodochii
1605 2171 1689 2195 cura
1709 2156 1878 2208 permissa
1901 2166 1966 2206 est,
1989 2171 2029 2195 ac
2045 2157 2132 2209 jube
2151 2167 2183 2196 te
2202 2158 2248 2196 ad

1258 2247 1267 2258 ,
1292 2219 1343 2257 ibi
1359 2220 1515 2270 jacentes
1535 2217 1729 2266 introduci,
1751 2227 1787 2255 ut
1809 2231 1948 2256 omnem
1968 2218 2176 2257 morborum
2194 2220 2248 2257 in-

1291 2280 1421 2332 spicias
1440 2278 1611 2327 radicem,
1636 2292 1799 2329 novaque
1821 2278 2073 2317 infirmitatum
2093 2292 2218 2331 genera
2236 2310 2246 2325 ‚

1292 2353 1482 2390 omnesque
1497 2339 1661 2375 materias
1675 2337 1847 2376 moeroris.
1863 2336 1950 2374 Inde
1967 2347 2000 2376 te
2012 2338 2057 2376 ad
2074 2352 2248 2376 carcerem

1292 2401 1410 2439 confer
1424 2429 1434 2447 ,
1469 2399 1674 2448 cunctisque
1704 2398 1803 2435 illius
1834 2398 2029 2435 habitaculi
2060 2398 2250 2451 diligenter

1292 2461 1502 2513 exploratis,
1523 2459 1747 2511 proficiscere
1766 2459 1810 2496 ad
1831 2458 2039 2496 balnearum
2059 2460 2247 2503 vestibula.

1295 2536 1367 2572 quo
1383 2521 1417 2559 in
1435 2521 1527 2566 loco,
1544 2520 1630 2557 limo
1644 2528 1675 2556 et
1691 2519 1819 2570 stipula
1839 2533 1902 2570 pro
1918 2519 2078 2556 vestibus
2094 2528 2125 2556 et
2141 2519 2248 2558 domo

1296 2591 1434 2620 utentes
1448 2582 1563 2633 jacent
1582 2579 1742 2616 nonnulli
1760 2580 1866 2624 nudi,
1881 2578 2031 2629 frigore,
2045 2579 2169 2616 morbo
2190 2581 2247 2618 sa-

1294 2657 1418 2694 nieque
1435 2651 1602 2695 perpetua
1621 2640 1774 2686 obsessi,
1794 2650 2006 2691 asprctuque
2023 2639 2096 2677 solo
2119 2654 2158 2677 ac
2177 2650 2248 2679 tre-

1294 2719 1396 2743 more
1411 2703 1568 2754 corporis
1588 2710 1620 2739 et
1632 2701 1750 2738 sonitu
1770 2715 1805 2738 se
1819 2700 2065 2738 collidentium
2085 2701 2248 2740 dentium

1295 2774 1543 2818 przctcrcuntrs
1563 2763 1606 2801 ad
1627 2761 1906 2800 misericordi-un
1929 2762 2119 2809 flectentes,
2139 2777 2249 2815 neque

1295 2842 1417 2866 vocem
1434 2826 1592 2863 ciuium-c
1604 2856 1613 2870 ,
1634 2838 1745 2874 neque
1765 2836 1908 2860 inanum
1925 2823 2114 2861 extendere
2133 2825 2249 2863 valen·

1295 2898 1344 2926 trs
1360 2919 1369 2933 ,
1390 2903 1428 2925 co
1449 2886 1547 2937 quod
1565 2889 1638 2937 jaun
1661 2885 1714 2922 liis
1734 2884 1838 2922 malis
1858 2884 1998 2936 penitus
2017 2885 2129 2923 attriti
2151 2896 2246 2924 suut.

1295 2945 1903 2999 N‹·‹11u·ln;ictrnuspersistasvelini,
1916 2944 1976 2982 scd
1990 2946 2033 2982 ad
2051 2960 2247 2998 pauperum

1294 3009 1531 3049 (livvrfflrinm
1547 3038 1555 3050 ,
1585 3006 1679 3056 quod
1702 3016 1781 3042 :inte
1806 3005 1932 3044 urbem
1953 3021 2022 3050 esi.
2043 3007 2210 3055 egredere
2237 3022 2244 3048 2

1295 3072 1486 3125 perspicies
1516 3069 1672 3121 prosectu
1699 3081 1778 3105 runi
1800 3098 1809 3111 ‚
1841 3081 1911 3117 quo
1934 3081 2026 3104 nuuc
2052 3067 2246 3113 detineris.

1295 3147 1479 3171 ιιιηϊυιϊιιι
1510 3139 1652 3182 portum
1671 3143 1744 3165 νήει·
1764 3128 2113 3179 tranquillissinunn.
2148 3130 2247 3176 Quid

1296 3195 1388 3232 enini
1402 3194 1519 3230 ‹lu-rr(-
1535 3205 1670 3228 ucri-sst-
1681 3199 1745 3231 est.
1763 3190 1817 3227 vel
1830 3189 2029 3241 elephantia
2046 3201 2248 3229 consumtus

1297 3271 1316 3295 v
1325 3257 1407 3298 irus,
1424 3269 1436 3291 x
1449 3255 1478 3291 vl
1494 3266 1619 3290 raum-o
1629 3250 1819 3288 mulieres?
1833 3254 1856 3287 A
1863 3250 1946 3289 mbo
1956 3250 2050 3289 cuitu
2065 3251 2122 3289 isti
2135 3252 2248 3290 morbi

1287 3409 1299 3422 ·
1325 3396 1438 3428 Murri.
1460 3400 1551 3437 amp,
1570 3394 1624 3426 nl'u
1649 3398 1748 3428 ,ιι-’κτὸν-

1996 3454 2047 3491 18

2262 2047 2306 2072 chi

2274 2097 2305 2112 Cu

2263 2138 2306 2155 ΙΙΙ)

2306 2002 2448 2029 Xenodo-

2312 2048 2318 2072 i
2355 2046 2449 2072 aditus

2312 2088 2450 2113 molmu-

2328 2130 2448 2155 otc-Isto.
