<?xml version="1.0" encoding="UTF-8"?>
<!DOCTYPE html PUBLIC "-//W3C//DTD XHTML 1.0 Transitional//EN"
    "http://www.w3.org/TR/xhtml1/DTD/xhtml1-transitional.dtd">
<html xmlns="http://www.w3.org/1999/xhtml" xml:lang="en" lang="en">
 <head>
  <title>
</title>
<meta http-equiv="Content-Type" content="text/html;charset=utf-8" />
  <meta name='ocr-system' content='tesseract 3.04.00' />
  <meta name='ocr-capabilities' content='ocr_page ocr_carea ocr_par ocr_line ocrx_word'/>
</head>
<body>
  <div class='ocr_page' id='page_1' title='image "./operaomniaquaeex01johnuoft/operaomniaquaeex01johnuoft_0551.png"; bbox 0 0 2549 3825; ppageno 0'>
   <div class='ocr_carea' id='block_1_1' title="bbox 0 957 54 3825">
    <p class='ocr_par' dir='ltr' id='par_1_1' title="bbox 0 957 54 3825">
     <span class='ocr_line' id='line_1_1' title="bbox 0 957 54 3825; baseline 0 0"><span class='ocrx_word' id='word_1_1' title='bbox 0 957 54 3825; x_wconf 95' lang='lat' dir='ltr'><strong> </strong></span> 
     </span>
    </p>
   </div>
   <div class='ocr_carea' id='block_1_2' title="bbox 864 301 1247 333">
    <p class='ocr_par' dir='ltr' id='par_1_2' title="bbox 864 301 1247 333">
     <span class='ocr_line' id='line_1_2' title="bbox 864 301 1247 333; baseline -0.003 -1"><span class='ocrx_word' id='word_1_2' title='bbox 864 303 922 332; x_wconf 84' lang='lat' dir='ltr'><strong>DE</strong></span> <span class='ocrx_word' id='word_1_3' title='bbox 955 301 1247 333; x_wconf 75' lang='lat' dir='ltr'><strong>SACERDOTlO.</strong></span> 
     </span>
    </p>
   </div>
   <div class='ocr_carea' id='block_1_3' title="bbox 132 376 1174 3296">
    <p class='ocr_par' dir='ltr' id='par_1_3' title="bbox 132 376 1174 3296">
     <span class='ocr_line' id='line_1_3' title="bbox 155 376 1172 436; baseline -0.002 -12"><span class='ocrx_word' id='word_1_4' title='bbox 155 384 313 436; x_wconf 85' lang='grc' dir='ltr'>κισμένοι</span> <span class='ocrx_word' id='word_1_5' title='bbox 330 386 391 431; x_wconf 73' lang='grc' dir='ltr'><strong>τῆς</strong></span> <span class='ocrx_word' id='word_1_6' title='bbox 417 385 484 422; x_wconf 82' lang='grc' dir='ltr'><strong>τῶν</strong></span> <span class='ocrx_word' id='word_1_7' title='bbox 505 382 694 436; x_wconf 83' lang='grc' dir='ltr'>ἀνθρώπων</span> <span class='ocrx_word' id='word_1_8' title='bbox 728 376 813 422; x_wconf 66' lang='grc' dir='ltr'>ὦσιν</span> <span class='ocrx_word' id='word_1_9' title='bbox 839 386 978 435; x_wconf 79' lang='grc' dir='ltr'>ὁμιλίας</span> <span class='ocrx_word' id='word_1_10' title='bbox 995 415 1004 432; x_wconf 84' lang='grc'>,</span> <span class='ocrx_word' id='word_1_11' title='bbox 1033 385 1091 424; x_wconf 78' lang='grc' dir='ltr'><strong>καὶ</strong></span> <span class='ocrx_word' id='word_1_12' title='bbox 1110 386 1172 432; x_wconf 86' lang='grc' dir='ltr'><strong>τὴν</strong></span> 
     </span>
     <span class='ocr_line' id='line_1_4' title="bbox 155 445 1174 498; baseline 0.001 -15"><span class='ocrx_word' id='word_1_13' title='bbox 155 446 226 484; x_wconf 82' lang='grc' dir='ltr'>ἀπὸ</span> <span class='ocrx_word' id='word_1_14' title='bbox 253 448 314 492; x_wconf 77' lang='grc' dir='ltr'><strong>τῆς</strong></span> <span class='ocrx_word' id='word_1_15' title='bbox 349 445 497 497; x_wconf 77' lang='grc' dir='ltr'>ἐρημίας</span> <span class='ocrx_word' id='word_1_16' title='bbox 524 445 650 497; x_wconf 74' lang='grc' dir='ltr'>ἔχωσιν</span> <span class='ocrx_word' id='word_1_17' title='bbox 679 445 851 498; x_wconf 71' lang='grc' dir='ltr'>ἡσυχίαν,</span> <span class='ocrx_word' id='word_1_18' title='bbox 870 447 921 484; x_wconf 83' lang='grc' dir='ltr'><strong>ἔτι</strong></span> <span class='ocrx_word' id='word_1_19' title='bbox 957 446 992 485; x_wconf 80' lang='grc' dir='ltr'><strong>δὲ</strong></span> <span class='ocrx_word' id='word_1_20' title='bbox 1025 447 1084 485; x_wconf 86' lang='grc' dir='ltr'><strong>καὶ</strong></span> <span class='ocrx_word' id='word_1_21' title='bbox 1112 450 1174 493; x_wconf 69' lang='grc' dir='ltr'><strong>τῆς</strong></span> 
     </span>
     <span class='ocr_line' id='line_1_5' title="bbox 156 505 1172 559; baseline 0.001 -16"><span class='ocrx_word' id='word_1_22' title='bbox 156 506 300 557; x_wconf 87' lang='grc' dir='ltr'>ἀρίστης</span> <span class='ocrx_word' id='word_1_23' title='bbox 320 506 369 555; x_wconf 80' lang='grc' dir='ltr'><strong>μὴ</strong></span> <span class='ocrx_word' id='word_1_24' title='bbox 397 509 569 559; x_wconf 81' lang='grc' dir='ltr'>ἀμοιρῶσι</span> <span class='ocrx_word' id='word_1_25' title='bbox 587 505 743 557; x_wconf 88' lang='grc' dir='ltr'>κράσεως</span> <span class='ocrx_word' id='word_1_26' title='bbox 763 507 830 544; x_wconf 86' lang='grc' dir='ltr'><strong>τῶν</strong></span> <span class='ocrx_word' id='word_1_27' title='bbox 849 509 969 559; x_wconf 80' lang='grc' dir='ltr'>ὡρῶν·</span> <span class='ocrx_word' id='word_1_28' title='bbox 990 507 1086 545; x_wconf 78' lang='grc' dir='ltr'>οὐδὲν</span> <span class='ocrx_word' id='word_1_29' title='bbox 1106 506 1172 558; x_wconf 81' lang='grc' dir='ltr'><strong>γὰρ</strong></span> 
     </span>
     <span class='ocr_line' id='line_1_6' title="bbox 156 565 1171 619; baseline 0.001 -16"><span class='ocrx_word' id='word_1_30' title='bbox 156 565 262 608; x_wconf 77' lang='grc' dir='ltr'>οὕτως</span> <span class='ocrx_word' id='word_1_31' title='bbox 282 566 452 619; x_wconf 65' lang='grc' dir='ltr'>ἀφόρητον</span> <span class='ocrx_word' id='word_1_32' title='bbox 480 568 530 617; x_wconf 85' lang='grc' dir='ltr'><strong>τῷ</strong></span> <span class='ocrx_word' id='word_1_33' title='bbox 557 567 853 619; x_wconf 76' lang='grc' dir='ltr'>κατατρυχομένῳ</span> <span class='ocrx_word' id='word_1_34' title='bbox 873 567 1070 614; x_wconf 74' lang='grc' dir='ltr'>νηστείαις,</span> <span class='ocrx_word' id='word_1_35' title='bbox 1088 569 1134 610; x_wconf 80' lang='grc' dir='ltr'>ὡς</span> <span class='ocrx_word' id='word_1_36' title='bbox 1150 569 1171 612; x_wconf 85' lang='grc' dir='ltr'>ἡ</span> 
     </span>
     <span class='ocr_line' id='line_1_7' title="bbox 155 626 1173 678; baseline 0 -14"><span class='ocrx_word' id='word_1_37' title='bbox 155 629 223 664; x_wconf 83' lang='grc' dir='ltr'><strong>τῶν</strong></span> <span class='ocrx_word' id='word_1_38' title='bbox 252 627 363 678; x_wconf 80' lang='grc' dir='ltr'>ἀέρων</span> <span class='ocrx_word' id='word_1_39' title='bbox 392 626 588 677; x_wconf 82' lang='grc' dir='ltr'>ἀνωμαλία.</span> <span class='ocrx_word' id='word_1_40' title='bbox 610 630 686 673; x_wconf 75' lang='grc' dir='ltr'>Τῆς</span> <span class='ocrx_word' id='word_1_41' title='bbox 710 628 745 666; x_wconf 80' lang='grc' dir='ltr'><strong>δὲ</strong></span> <span class='ocrx_word' id='word_1_42' title='bbox 779 629 846 664; x_wconf 82' lang='grc' dir='ltr'><strong>τῶν</strong></span> <span class='ocrx_word' id='word_1_43' title='bbox 880 628 1029 678; x_wconf 83' lang='grc' dir='ltr'>ἱματίων</span> <span class='ocrx_word' id='word_1_44' title='bbox 1059 643 1173 665; x_wconf 87' lang='grc' dir='ltr'>κατα-</span> 
     </span>
     <span class='ocr_line' id='line_1_8' title="bbox 156 687 1171 739; baseline -0.002 -14"><span class='ocrx_word' id='word_1_45' title='bbox 156 690 281 733; x_wconf 64' lang='grc' dir='ltr'>σκευῆς</span> <span class='ocrx_word' id='word_1_46' title='bbox 309 688 368 725; x_wconf 80' lang='grc' dir='ltr'><strong>καὶ</strong></span> <span class='ocrx_word' id='word_1_47' title='bbox 405 687 539 734; x_wconf 79' lang='grc' dir='ltr'>διαίτης</span> <span class='ocrx_word' id='word_1_48' title='bbox 582 687 718 736; x_wconf 81' lang='grc' dir='ltr'>ἕνεκεν,</span> <span class='ocrx_word' id='word_1_49' title='bbox 755 687 820 726; x_wconf 72' lang='grc' dir='ltr'><strong>ὅσα</strong></span> <span class='ocrx_word' id='word_1_50' title='bbox 855 687 1048 739; x_wconf 76' lang='grc' dir='ltr'>πράγματα</span> <span class='ocrx_word' id='word_1_51' title='bbox 1080 687 1171 738; x_wconf 79' lang='grc' dir='ltr'>ἔχειν</span> 
     </span>
     <span class='ocr_line' id='line_1_9' title="bbox 156 748 1174 802; baseline -0.001 -17"><span class='ocrx_word' id='word_1_52' title='bbox 156 750 432 798; x_wconf 82' lang='grc' dir='ltr'>ἀναγκάζονται,</span> <span class='ocrx_word' id='word_1_53' title='bbox 449 749 564 787; x_wconf 88' lang='grc' dir='ltr'>πάντα</span> <span class='ocrx_word' id='word_1_54' title='bbox 590 751 788 802; x_wconf 76' lang='grc' dir='ltr'>αὐτουργεῖν</span> <span class='ocrx_word' id='word_1_55' title='bbox 816 748 912 787; x_wconf 79' lang='grc' dir='ltr'>αὐτοὶ</span> <span class='ocrx_word' id='word_1_56' title='bbox 946 751 1174 799; x_wconf 72' lang='grc' dir='ltr'>φιλονεικοῦν-</span> 
     </span>
     <span class='ocr_line' id='line_1_10' title="bbox 153 809 1173 861; baseline -0.002 -14"><span class='ocrx_word' id='word_1_57' title='bbox 153 825 229 857; x_wconf 90' lang='grc' dir='ltr'>τες,</span> <span class='ocrx_word' id='word_1_58' title='bbox 249 810 344 848; x_wconf 79' lang='grc' dir='ltr'>οὐδὲν</span> <span class='ocrx_word' id='word_1_59' title='bbox 375 810 496 860; x_wconf 82' lang='grc' dir='ltr'>δέομαι</span> <span class='ocrx_word' id='word_1_60' title='bbox 524 810 636 861; x_wconf 85' lang='grc' dir='ltr'>λέγειν</span> <span class='ocrx_word' id='word_1_61' title='bbox 665 814 736 848; x_wconf 82' lang='grc' dir='ltr'>νῦν.</span> <span class='ocrx_word' id='word_1_62' title='bbox 757 810 802 849; x_wconf 87' lang='lat' dir='ltr'><strong>‘O</strong></span> <span class='ocrx_word' id='word_1_63' title='bbox 833 810 869 849; x_wconf 81' lang='grc' dir='ltr'><strong>δὲ</strong></span> <span class='ocrx_word' id='word_1_64' title='bbox 902 809 1010 860; x_wconf 84' lang='grc' dir='ltr'>ἱερεὺς</span> <span class='ocrx_word' id='word_1_65' title='bbox 1038 809 1173 851; x_wconf 80' lang='grc' dir='ltr'>οὐδενὸς</span> 
     </span>
     <span class='ocr_line' id='line_1_11' title="bbox 152 869 1173 923; baseline -0.002 -15"><span class='ocrx_word' id='word_1_66' title='bbox 152 870 283 908; x_wconf 84' lang='grc' dir='ltr'>τούτων</span> <span class='ocrx_word' id='word_1_67' title='bbox 304 873 351 914; x_wconf 82' lang='grc' dir='ltr'><strong>εἰς</strong></span> <span class='ocrx_word' id='word_1_68' title='bbox 370 870 432 918; x_wconf 79' lang='grc' dir='ltr'><strong>τὴν</strong></span> <span class='ocrx_word' id='word_1_69' title='bbox 458 874 579 910; x_wconf 76' lang='grc' dir='ltr'>ἑαυτοῦ</span> <span class='ocrx_word' id='word_1_70' title='bbox 599 871 759 917; x_wconf 76' lang='grc' dir='ltr'>δεήσεται</span> <span class='ocrx_word' id='word_1_71' title='bbox 786 871 927 923; x_wconf 85' lang='grc' dir='ltr'>χρείαν,</span> <span class='ocrx_word' id='word_1_72' title='bbox 949 871 1025 908; x_wconf 88' lang='grc' dir='ltr'>ἀλλ’</span> <span class='ocrx_word' id='word_1_73' title='bbox 1045 869 1173 921; x_wconf 83' lang='grc' dir='ltr'>ἀπερί-</span> 
     </span>
     <span class='ocr_line' id='line_1_12' title="bbox 154 930 1172 982; baseline 0 -14"><span class='ocrx_word' id='word_1_74' title='bbox 154 946 250 982; x_wconf 87' lang='grc' dir='ltr'>εργος</span> <span class='ocrx_word' id='word_1_75' title='bbox 277 931 337 969; x_wconf 85' lang='grc' dir='ltr'><strong>καὶ</strong></span> <span class='ocrx_word' id='word_1_76' title='bbox 370 932 481 974; x_wconf 85' lang='grc' dir='ltr'>κοινὸς</span> <span class='ocrx_word' id='word_1_77' title='bbox 513 934 546 969; x_wconf 82' lang='grc' dir='ltr'><strong>ἐν</strong></span> <span class='ocrx_word' id='word_1_78' title='bbox 581 931 712 970; x_wconf 85' lang='grc' dir='ltr'>ἅπασίν</span> <span class='ocrx_word' id='word_1_79' title='bbox 746 934 822 969; x_wconf 85' lang='grc' dir='ltr'>ἐστι</span> <span class='ocrx_word' id='word_1_80' title='bbox 856 936 928 973; x_wconf 81' lang='grc' dir='ltr'>τοῖς</span> <span class='ocrx_word' id='word_1_81' title='bbox 958 933 1019 968; x_wconf 81' lang='grc' dir='ltr'><strong>οὐκ</strong></span> <span class='ocrx_word' id='word_1_82' title='bbox 1051 930 1172 981; x_wconf 78' lang='grc' dir='ltr'>ἔχουσι</span> 
     </span>
     <span class='ocr_line' id='line_1_13' title="bbox 155 990 1172 1042; baseline 0 -14"><span class='ocrx_word' id='word_1_83' title='bbox 155 990 289 1041; x_wconf 71' lang='grc' dir='ltr'>βλάὸην</span> <span class='ocrx_word' id='word_1_84' title='bbox 303 1021 313 1039; x_wconf 88' lang='grc'>,</span> <span class='ocrx_word' id='word_1_85' title='bbox 333 990 397 1037; x_wconf 84' lang='grc' dir='ltr'><strong>τὴν</strong></span> <span class='ocrx_word' id='word_1_86' title='bbox 432 991 628 1042; x_wconf 75' lang='grc' dir='ltr'>ἐπιστήμην</span> <span class='ocrx_word' id='word_1_87' title='bbox 661 992 799 1029; x_wconf 90' lang='grc' dir='ltr'>ἅπασαν</span> <span class='ocrx_word' id='word_1_88' title='bbox 821 992 856 1028; x_wconf 81' lang='grc' dir='ltr'><strong>ἐν</strong></span> <span class='ocrx_word' id='word_1_89' title='bbox 875 997 946 1034; x_wconf 90' lang='grc' dir='ltr'>τοῖς</span> <span class='ocrx_word' id='word_1_90' title='bbox 969 994 1030 1037; x_wconf 75' lang='grc' dir='ltr'>τῆς</span> <span class='ocrx_word' id='word_1_91' title='bbox 1058 992 1172 1042; x_wconf 73' lang='grc' dir='ltr'>ψυχῆς</span> 
     </span>
     <span class='ocr_line' id='line_1_14' title="bbox 153 1050 1170 1104; baseline 0 -15"><span class='ocrx_word' id='word_1_92' title='bbox 153 1055 337 1101; x_wconf 85' lang='grc' dir='ltr'>θησαυροῖς</span> <span class='ocrx_word' id='word_1_93' title='bbox 372 1051 606 1101; x_wconf 83' lang='grc' dir='ltr'>ἀποκειμένην</span> <span class='ocrx_word' id='word_1_94' title='bbox 634 1051 737 1104; x_wconf 80' lang='grc' dir='ltr'>ἔχων.</span> <span class='ocrx_word' id='word_1_95' title='bbox 757 1053 802 1090; x_wconf 86' lang='grc' dir='ltr'><strong>Εἰ</strong></span> <span class='ocrx_word' id='word_1_96' title='bbox 832 1051 868 1090; x_wconf 84' lang='grc' dir='ltr'><strong>δέ</strong></span> <span class='ocrx_word' id='word_1_97' title='bbox 901 1068 952 1095; x_wconf 88' lang='grc' dir='ltr'><strong>τις</strong></span> <span class='ocrx_word' id='word_1_98' title='bbox 982 1050 1021 1088; x_wconf 84' lang='grc' dir='ltr'><strong>τὸ</strong></span> <span class='ocrx_word' id='word_1_99' title='bbox 1056 1051 1170 1102; x_wconf 87' lang='grc' dir='ltr'>μένειν</span> 
     </span>
     <span class='ocr_line' id='line_1_15' title="bbox 152 1112 1171 1163; baseline 0.001 -14"><span class='ocrx_word' id='word_1_100' title='bbox 152 1113 203 1162; x_wconf 72' lang='grc' dir='ltr'><strong>ἐφ’</strong></span> <span class='ocrx_word' id='word_1_101' title='bbox 221 1113 334 1162; x_wconf 76' lang='grc' dir='ltr'>ἑαυτῷ</span> <span class='ocrx_word' id='word_1_102' title='bbox 359 1112 417 1150; x_wconf 87' lang='grc' dir='ltr'><strong>καὶ</strong></span> <span class='ocrx_word' id='word_1_103' title='bbox 441 1112 503 1155; x_wconf 82' lang='grc' dir='ltr'><strong>τὰς</strong></span> <span class='ocrx_word' id='word_1_104' title='bbox 526 1114 595 1149; x_wconf 83' lang='grc' dir='ltr'><strong>τῶν</strong></span> <span class='ocrx_word' id='word_1_105' title='bbox 624 1114 762 1150; x_wconf 84' lang='grc' dir='ltr'>πολλῶν</span> <span class='ocrx_word' id='word_1_106' title='bbox 783 1112 922 1163; x_wconf 82' lang='grc' dir='ltr'>ὁμιλίας</span> <span class='ocrx_word' id='word_1_107' title='bbox 942 1112 1171 1163; x_wconf 81' lang='grc' dir='ltr'>ἐκτρέπεσθαι</span> 
     </span>
     <span class='ocr_line' id='line_1_16' title="bbox 151 1172 1171 1225; baseline 0.001 -16"><span class='ocrx_word' id='word_1_108' title='bbox 151 1172 343 1222; x_wconf 80' lang='grc' dir='ltr'>θαυμάζοι,</span> <span class='ocrx_word' id='word_1_109' title='bbox 371 1176 433 1219; x_wconf 75' lang='grc' dir='ltr'><strong>τῆς</strong></span> <span class='ocrx_word' id='word_1_110' title='bbox 481 1172 667 1225; x_wconf 82' lang='grc' dir='ltr'>καρτερίας</span> <span class='ocrx_word' id='word_1_111' title='bbox 704 1174 766 1224; x_wconf 81' lang='grc' dir='ltr'><strong>μὲν</strong></span> <span class='ocrx_word' id='word_1_112' title='bbox 810 1177 912 1211; x_wconf 71' lang='grc' dir='ltr'>τοῦτο</span> <span class='ocrx_word' id='word_1_113' title='bbox 947 1174 1074 1224; x_wconf 86' lang='grc' dir='ltr'>δεῖγμα</span> <span class='ocrx_word' id='word_1_114' title='bbox 1111 1173 1171 1212; x_wconf 86' lang='grc' dir='ltr'><strong>καὶ</strong></span> 
     </span>
     <span class='ocr_line' id='line_1_17' title="bbox 151 1226 1171 1287; baseline 0.003 -18"><span class='ocrx_word' id='word_1_115' title='bbox 151 1233 251 1275; x_wconf 80' lang='grc' dir='ltr'>αὐτὸς</span> <span class='ocrx_word' id='word_1_116' title='bbox 273 1226 361 1271; x_wconf 68' lang='grc' dir='ltr'>εἶναι</span> <span class='ocrx_word' id='word_1_117' title='bbox 386 1233 490 1285; x_wconf 80' lang='grc' dir='ltr'>φαίην</span> <span class='ocrx_word' id='word_1_118' title='bbox 517 1233 576 1282; x_wconf 83' lang='grc' dir='ltr'><strong>ἂν,</strong></span> <span class='ocrx_word' id='word_1_119' title='bbox 600 1237 637 1272; x_wconf 84' lang='grc' dir='ltr'><strong>οὐ</strong></span> <span class='ocrx_word' id='word_1_120' title='bbox 660 1233 728 1284; x_wconf 75' lang='grc' dir='ltr'><strong>μὴν</strong></span> <span class='ocrx_word' id='word_1_121' title='bbox 758 1234 898 1280; x_wconf 77' lang='grc' dir='ltr'>ἁπάσης</span> <span class='ocrx_word' id='word_1_122' title='bbox 924 1236 986 1279; x_wconf 82' lang='grc' dir='ltr'>τ’ῆς</span> <span class='ocrx_word' id='word_1_123' title='bbox 1013 1233 1171 1287; x_wconf 78' lang='grc' dir='ltr'>ἀνδρείας</span> 
     </span>
     <span class='ocr_line' id='line_1_18' title="bbox 149 1295 1171 1347; baseline 0.002 -16"><span class='ocrx_word' id='word_1_124' title='bbox 149 1296 213 1340; x_wconf 70' lang='grc' dir='ltr'><strong>τῆς</strong></span> <span class='ocrx_word' id='word_1_125' title='bbox 229 1296 263 1332; x_wconf 80' lang='grc' dir='ltr'><strong>ἐν</strong></span> <span class='ocrx_word' id='word_1_126' title='bbox 279 1296 322 1345; x_wconf 79' lang='grc' dir='ltr'><strong>τῇ</strong></span> <span class='ocrx_word' id='word_1_127' title='bbox 347 1297 442 1346; x_wconf 76' lang='grc' dir='ltr'>ψυχῇ</span> <span class='ocrx_word' id='word_1_128' title='bbox 465 1295 654 1347; x_wconf 74' lang='grc' dir='ltr'>τεκμήριον</span> <span class='ocrx_word' id='word_1_129' title='bbox 681 1295 814 1334; x_wconf 78' lang='grc' dir='ltr'>ἱκανόν.</span> <span class='ocrx_word' id='word_1_130' title='bbox 837 1295 882 1333; x_wconf 86' lang='lat' dir='ltr'><strong>‘O</strong></span> <span class='ocrx_word' id='word_1_131' title='bbox 909 1295 970 1345; x_wconf 82' lang='grc' dir='ltr'><strong>μὲν</strong></span> <span class='ocrx_word' id='word_1_132' title='bbox 992 1295 1061 1346; x_wconf 82' lang='grc' dir='ltr'><strong>γὰρ</strong></span> <span class='ocrx_word' id='word_1_133' title='bbox 1087 1296 1171 1334; x_wconf 87' lang='grc' dir='ltr'>εἴσω</span> 
     </span>
     <span class='ocr_line' id='line_1_19' title="bbox 150 1355 1171 1408; baseline 0 -15"><span class='ocrx_word' id='word_1_134' title='bbox 150 1355 300 1405; x_wconf 81' lang='grc' dir='ltr'>λιμένων</span> <span class='ocrx_word' id='word_1_135' title='bbox 317 1356 374 1394; x_wconf 78' lang='grc' dir='ltr'>ἐπὶ</span> <span class='ocrx_word' id='word_1_136' title='bbox 389 1359 458 1394; x_wconf 83' lang='grc' dir='ltr'><strong>τῶν</strong></span> <span class='ocrx_word' id='word_1_137' title='bbox 478 1357 604 1395; x_wconf 78' lang='grc' dir='ltr'>οἰάκων</span> <span class='ocrx_word' id='word_1_138' title='bbox 625 1356 836 1406; x_wconf 78' lang='grc' dir='ltr'>καθήμενος,</span> <span class='ocrx_word' id='word_1_139' title='bbox 852 1356 948 1395; x_wconf 83' lang='grc' dir='ltr'>οὔπω</span> <span class='ocrx_word' id='word_1_140' title='bbox 965 1358 1028 1402; x_wconf 69' lang='grc' dir='ltr'><strong>τῆς</strong></span> <span class='ocrx_word' id='word_1_141' title='bbox 1045 1355 1171 1408; x_wconf 75' lang='grc' dir='ltr'>τέχνης</span> 
     </span>
     <span class='ocr_line' id='line_1_20' title="bbox 151 1415 1171 1469; baseline 0 -16"><span class='ocrx_word' id='word_1_142' title='bbox 151 1415 280 1466; x_wconf 65' lang='grc' dir='ltr'>ἇκριὸἧ</span> <span class='ocrx_word' id='word_1_143' title='bbox 307 1416 428 1454; x_wconf 82' lang='grc' dir='ltr'>δίδωσι</span> <span class='ocrx_word' id='word_1_144' title='bbox 458 1417 625 1468; x_wconf 88' lang='grc' dir='ltr'>βάσανον·</span> <span class='ocrx_word' id='word_1_145' title='bbox 641 1417 699 1455; x_wconf 81' lang='grc' dir='ltr'><strong>τὸν</strong></span> <span class='ocrx_word' id='word_1_146' title='bbox 721 1417 756 1454; x_wconf 80' lang='grc' dir='ltr'><strong>δὲ</strong></span> <span class='ocrx_word' id='word_1_147' title='bbox 779 1420 812 1456; x_wconf 80' lang='grc' dir='ltr'><strong>ἐν</strong></span> <span class='ocrx_word' id='word_1_148' title='bbox 840 1417 936 1469; x_wconf 86' lang='grc' dir='ltr'>μέσῳ</span> <span class='ocrx_word' id='word_1_149' title='bbox 955 1419 1004 1468; x_wconf 81' lang='grc' dir='ltr'><strong>τῷ</strong></span> <span class='ocrx_word' id='word_1_150' title='bbox 1025 1416 1171 1467; x_wconf 83' lang='grc' dir='ltr'>πελάγει</span> 
     </span>
     <span class='ocr_line' id='line_1_21' title="bbox 150 1476 1170 1528; baseline 0.003 -15"><span class='ocrx_word' id='word_1_151' title='bbox 150 1476 274 1527; x_wconf 75' lang='grc' dir='ltr'>καὶτῷ</span> <span class='ocrx_word' id='word_1_152' title='bbox 292 1480 441 1528; x_wconf 83' lang='grc' dir='ltr'>χειμῶνι</span> <span class='ocrx_word' id='word_1_153' title='bbox 471 1478 658 1524; x_wconf 86' lang='grc' dir='ltr'>δυνηθέντα</span> <span class='ocrx_word' id='word_1_154' title='bbox 684 1479 856 1516; x_wconf 80' lang='grc' dir='ltr'>διασῶσαι</span> <span class='ocrx_word' id='word_1_155' title='bbox 884 1478 923 1516; x_wconf 75' lang='grc' dir='ltr'><strong>τὸ</strong></span> <span class='ocrx_word' id='word_1_156' title='bbox 948 1477 1097 1528; x_wconf 69' lang='grc' dir='ltr'>σκάφος,</span> <span class='ocrx_word' id='word_1_157' title='bbox 1117 1480 1170 1516; x_wconf 80' lang='grc' dir='ltr'><strong>οὗ·</strong></span> 
     </span>
     <span class='ocr_line' id='line_1_22' title="bbox 149 1532 1169 1591; baseline 0.002 -18"><span class='ocrx_word' id='word_1_158' title='bbox 149 1537 218 1579; x_wconf 84' lang='grc' dir='ltr'>δεὶς</span> <span class='ocrx_word' id='word_1_159' title='bbox 249 1538 342 1581; x_wconf 81' lang='grc' dir='ltr'>ὅστις</span> <span class='ocrx_word' id='word_1_160' title='bbox 372 1540 434 1575; x_wconf 77' lang='grc' dir='ltr'><strong>οὐκ</strong></span> <span class='ocrx_word' id='word_1_161' title='bbox 467 1537 506 1575; x_wconf 82' lang='grc' dir='ltr'><strong>ἂν</strong></span> <span class='ocrx_word' id='word_1_162' title='bbox 539 1532 630 1576; x_wconf 62' lang='grc' dir='ltr'>εἶναι</span> <span class='ocrx_word' id='word_1_163' title='bbox 662 1540 746 1591; x_wconf 78' lang='grc' dir='ltr'>φαίη</span> <span class='ocrx_word' id='word_1_164' title='bbox 778 1538 993 1589; x_wconf 68' lang='grc' dir='ltr'>κυὸερνήτην</span> <span class='ocrx_word' id='word_1_165' title='bbox 1015 1538 1169 1590; x_wconf 80' lang='grc' dir='ltr'>ἄριστον.</span> 
     </span>
     <span class='ocr_line' id='line_1_23' title="bbox 148 1596 1167 1650; baseline 0 -15"><span class='ocrx_word' id='word_1_166' title='bbox 148 1597 201 1635; x_wconf 81' lang='grc' dir='ltr'><strong>Οὐ</strong></span> <span class='ocrx_word' id='word_1_167' title='bbox 235 1596 347 1635; x_wconf 85' lang='grc' dir='ltr'>τοίνυν</span> <span class='ocrx_word' id='word_1_168' title='bbox 377 1600 462 1647; x_wconf 83' lang='grc' dir='ltr'>ἡμῖν</span> <span class='ocrx_word' id='word_1_169' title='bbox 489 1599 566 1636; x_wconf 56' lang='grc' dir='ltr'>οὐδὲ</span> <span class='ocrx_word' id='word_1_170' title='bbox 601 1599 658 1637; x_wconf 74' lang='grc' dir='ltr'><strong>τὸν</strong></span> <span class='ocrx_word' id='word_1_171' title='bbox 694 1599 844 1650; x_wconf 71' lang='grc' dir='ltr'>μοναχὸν</span> <span class='ocrx_word' id='word_1_172' title='bbox 862 1598 1106 1648; x_wconf 65' lang='grc' dir='ltr'><strong>ἃθαυμαστέον</strong></span> <span class='ocrx_word' id='word_1_173' title='bbox 1129 1598 1167 1635; x_wconf 75' lang='grc' dir='ltr'><strong>ἂν</strong></span> 
     </span>
     <span class='ocr_line' id='line_1_24' title="bbox 147 1656 1169 1712; baseline 0.003 -18"><span class='ocrx_word' id='word_1_174' title='bbox 147 1656 202 1703; x_wconf 85' lang='grc' dir='ltr'><strong>εἴη</strong></span> <span class='ocrx_word' id='word_1_175' title='bbox 220 1656 298 1695; x_wconf 88' lang='grc' dir='ltr'>λίαν</span> <span class='ocrx_word' id='word_1_176' title='bbox 331 1658 389 1696; x_wconf 80' lang='grc' dir='ltr'><strong>καὶ</strong></span> <span class='ocrx_word' id='word_1_177' title='bbox 419 1661 494 1709; x_wconf 88' lang='grc' dir='ltr'>μεθ’</span> <span class='ocrx_word' id='word_1_178' title='bbox 514 1660 728 1712; x_wconf 63' lang='grc' dir='ltr'>ὑπερέολῆς,</span> <span class='ocrx_word' id='word_1_179' title='bbox 754 1660 808 1698; x_wconf 78' lang='grc' dir='ltr'><strong>ὅτι</strong></span> <span class='ocrx_word' id='word_1_180' title='bbox 839 1658 952 1708; x_wconf 88' lang='grc' dir='ltr'>μένων</span> <span class='ocrx_word' id='word_1_181' title='bbox 972 1661 1024 1711; x_wconf 70' lang='grc' dir='ltr'><strong>ἐφ’</strong></span> <span class='ocrx_word' id='word_1_182' title='bbox 1046 1662 1169 1697; x_wconf 72' lang='grc' dir='ltr'>ἑαυτοῦ</span> 
     </span>
     <span class='ocr_line' id='line_1_25' title="bbox 147 1718 1167 1772; baseline 0.002 -17"><span class='ocrx_word' id='word_1_183' title='bbox 147 1719 185 1756; x_wconf 82' lang='grc' dir='ltr'><strong>οὗ</strong></span> <span class='ocrx_word' id='word_1_184' title='bbox 213 1718 440 1770; x_wconf 85' lang='grc' dir='ltr'>ταράττεται,</span> <span class='ocrx_word' id='word_1_185' title='bbox 459 1720 535 1759; x_wconf 81' lang='grc' dir='ltr'>οὐδὲ</span> <span class='ocrx_word' id='word_1_186' title='bbox 556 1721 785 1772; x_wconf 87' lang='grc' dir='ltr'>διαμαρτάνει</span> <span class='ocrx_word' id='word_1_187' title='bbox 812 1719 925 1758; x_wconf 85' lang='grc' dir='ltr'>πολλὰ</span> <span class='ocrx_word' id='word_1_188' title='bbox 945 1719 1004 1757; x_wconf 81' lang='grc' dir='ltr'><strong>καὶ</strong></span> <span class='ocrx_word' id='word_1_189' title='bbox 1029 1719 1167 1770; x_wconf 82' lang='grc' dir='ltr'>μεγάλα</span> 
     </span>
     <span class='ocr_line' id='line_1_26' title="bbox 146 1779 1166 1834; baseline -0.001 -16"><span class='ocrx_word' id='word_1_190' title='bbox 146 1780 408 1831; x_wconf 80' lang='grc' dir='ltr'>ἁμαρτήματα·</span> <span class='ocrx_word' id='word_1_191' title='bbox 429 1780 504 1818; x_wconf 83' lang='grc' dir='ltr'>οὐδὲ</span> <span class='ocrx_word' id='word_1_192' title='bbox 535 1780 602 1833; x_wconf 85' lang='grc' dir='ltr'><strong>γὰρ</strong></span> <span class='ocrx_word' id='word_1_193' title='bbox 632 1781 705 1834; x_wconf 78' lang='grc' dir='ltr'>ἔχει</span> <span class='ocrx_word' id='word_1_194' title='bbox 739 1780 783 1820; x_wconf 84' lang='grc' dir='ltr'><strong>τὰ</strong></span> <span class='ocrx_word' id='word_1_195' title='bbox 817 1780 1075 1833; x_wconf 83' lang='grc' dir='ltr'>παρακνίζοντα</span> <span class='ocrx_word' id='word_1_196' title='bbox 1106 1779 1166 1817; x_wconf 82' lang='grc' dir='ltr'><strong>καὶ</strong></span> 
     </span>
     <span class='ocr_line' id='line_1_27' title="bbox 147 1841 1166 1895; baseline 0 -17"><span class='ocrx_word' id='word_1_197' title='bbox 147 1841 356 1893; x_wconf 86' lang='grc' dir='ltr'>διεγείροντα</span> <span class='ocrx_word' id='word_1_198' title='bbox 389 1841 451 1890; x_wconf 82' lang='grc' dir='ltr'><strong>τὴν</strong></span> <span class='ocrx_word' id='word_1_199' title='bbox 481 1843 612 1895; x_wconf 72' lang='grc' dir='ltr'>ψυχήν.</span> <span class='ocrx_word' id='word_1_200' title='bbox 638 1843 729 1881; x_wconf 75' lang='grc' dir='ltr'>Ἀλλ’</span> <span class='ocrx_word' id='word_1_201' title='bbox 747 1843 780 1881; x_wconf 88' lang='grc' dir='ltr'><strong>εἴ</strong></span> <span class='ocrx_word' id='word_1_202' title='bbox 801 1859 852 1887; x_wconf 88' lang='grc' dir='ltr'><strong>τις</strong></span> <span class='ocrx_word' id='word_1_203' title='bbox 874 1843 1041 1888; x_wconf 81' lang='grc' dir='ltr'>πλήθεσιν</span> <span class='ocrx_word' id='word_1_204' title='bbox 1075 1841 1166 1883; x_wconf 79' lang='grc' dir='ltr'>ὅλοις</span> 
     </span>
     <span class='ocr_line' id='line_1_28' title="bbox 145 1903 1164 1954; baseline -0.001 -14"><span class='ocrx_word' id='word_1_205' title='bbox 145 1903 264 1942; x_wconf 80' lang='grc' dir='ltr'>ἑαυτὸν</span> <span class='ocrx_word' id='word_1_206' title='bbox 300 1903 520 1952; x_wconf 80' lang='grc' dir='ltr'>ἐκδεδωκὼς,</span> <span class='ocrx_word' id='word_1_207' title='bbox 549 1904 609 1942; x_wconf 86' lang='grc' dir='ltr'><strong>καὶ</strong></span> <span class='ocrx_word' id='word_1_208' title='bbox 654 1904 717 1949; x_wconf 84' lang='grc' dir='ltr'><strong>τὰς</strong></span> <span class='ocrx_word' id='word_1_209' title='bbox 752 1908 820 1943; x_wconf 84' lang='grc' dir='ltr'><strong>τῶν</strong></span> <span class='ocrx_word' id='word_1_210' title='bbox 870 1906 1009 1942; x_wconf 82' lang='grc' dir='ltr'>πολλῶν</span> <span class='ocrx_word' id='word_1_211' title='bbox 1049 1903 1164 1954; x_wconf 85' lang='grc' dir='ltr'>φέρειν</span> 
     </span>
     <span class='ocr_line' id='line_1_29' title="bbox 144 1963 1162 2017; baseline 0.001 -16"><span class='ocrx_word' id='word_1_212' title='bbox 144 1963 317 2016; x_wconf 83' lang='grc' dir='ltr'>ἁμαρτίας</span> <span class='ocrx_word' id='word_1_213' title='bbox 336 1965 583 2015; x_wconf 84' lang='grc' dir='ltr'>ἀναγκασθεὶς,</span> <span class='ocrx_word' id='word_1_214' title='bbox 606 1965 738 2017; x_wconf 84' lang='grc' dir='ltr'>ἔμεινεν</span> <span class='ocrx_word' id='word_1_215' title='bbox 759 1965 903 2012; x_wconf 81' lang='grc' dir='ltr'>ἀκλινὴς</span> <span class='ocrx_word' id='word_1_216' title='bbox 921 1965 981 2003; x_wconf 84' lang='grc' dir='ltr'><strong>καὶ</strong></span> <span class='ocrx_word' id='word_1_217' title='bbox 1000 1965 1162 2017; x_wconf 73' lang='grc' dir='ltr'>στεῤῥὸς,</span> 
     </span>
     <span class='ocr_line' id='line_1_30' title="bbox 144 2023 1162 2079; baseline 0.001 -17"><span class='ocrx_word' id='word_1_218' title='bbox 144 2023 265 2078; x_wconf 80' lang='grc' dir='ltr'>ὥσπερ</span> <span class='ocrx_word' id='word_1_219' title='bbox 286 2027 322 2063; x_wconf 80' lang='grc' dir='ltr'><strong>ἓν</strong></span> <span class='ocrx_word' id='word_1_220' title='bbox 351 2026 484 2078; x_wconf 83' lang='grc' dir='ltr'>γαλήνῃ</span> <span class='ocrx_word' id='word_1_221' title='bbox 510 2029 559 2079; x_wconf 76' lang='grc' dir='ltr'><strong>τῷ</strong></span> <span class='ocrx_word' id='word_1_222' title='bbox 584 2031 733 2079; x_wconf 79' lang='grc' dir='ltr'>χειμῶνι</span> <span class='ocrx_word' id='word_1_223' title='bbox 752 2027 816 2073; x_wconf 85' lang='grc' dir='ltr'><strong>τὴν</strong></span> <span class='ocrx_word' id='word_1_224' title='bbox 838 2027 954 2079; x_wconf 73' lang='grc' dir='ltr'>ψυχὴν</span> <span class='ocrx_word' id='word_1_225' title='bbox 974 2026 1162 2077; x_wconf 63' lang='grc' dir='ltr'>διακυῧερ-</span> 
     </span>
     <span class='ocr_line' id='line_1_31' title="bbox 144 2078 1162 2139; baseline 0 -18"><span class='ocrx_word' id='word_1_226' title='bbox 144 2087 227 2132; x_wconf 84' lang='grc' dir='ltr'>νῶν,</span> <span class='ocrx_word' id='word_1_227' title='bbox 247 2078 343 2129; x_wconf 62' lang='grc' dir='ltr'>οὗτος</span> <span class='ocrx_word' id='word_1_228' title='bbox 361 2089 558 2139; x_wconf 86' lang='grc' dir='ltr'>κροτεῖσθαι</span> <span class='ocrx_word' id='word_1_229' title='bbox 574 2087 633 2125; x_wconf 81' lang='grc' dir='ltr'><strong>καὶ</strong></span> <span class='ocrx_word' id='word_1_230' title='bbox 653 2086 889 2137; x_wconf 86' lang='grc' dir='ltr'>θαυμάζεσθαι</span> <span class='ocrx_word' id='word_1_231' title='bbox 908 2085 1005 2136; x_wconf 85' lang='grc' dir='ltr'>παρὰ</span> <span class='ocrx_word' id='word_1_232' title='bbox 1024 2085 1162 2123; x_wconf 88' lang='grc' dir='ltr'>πάντων</span> 
     </span>
     <span class='ocr_line' id='line_1_32' title="bbox 143 2144 1162 2199; baseline -0.001 -17"><span class='ocrx_word' id='word_1_233' title='bbox 143 2144 184 2182; x_wconf 86' lang='grc' dir='ltr'><strong>ἂν</strong></span> <span class='ocrx_word' id='word_1_234' title='bbox 203 2145 257 2192; x_wconf 85' lang='grc' dir='ltr'><strong>εἴη</strong></span> <span class='ocrx_word' id='word_1_235' title='bbox 281 2146 424 2191; x_wconf 86' lang='grc' dir='ltr'>δίκαιος·</span> <span class='ocrx_word' id='word_1_236' title='bbox 453 2147 576 2194; x_wconf 82' lang='grc' dir='ltr'>ἱκανὴν</span> <span class='ocrx_word' id='word_1_237' title='bbox 594 2147 662 2198; x_wconf 86' lang='grc' dir='ltr'><strong>γὰρ</strong></span> <span class='ocrx_word' id='word_1_238' title='bbox 681 2150 743 2193; x_wconf 84' lang='grc' dir='ltr'>τ’ἧς</span> <span class='ocrx_word' id='word_1_239' title='bbox 762 2146 890 2189; x_wconf 84' lang='grc' dir='ltr'>οἰκείας</span> <span class='ocrx_word' id='word_1_240' title='bbox 915 2146 1073 2199; x_wconf 77' lang='grc' dir='ltr'>ἀνδρείας</span> <span class='ocrx_word' id='word_1_241' title='bbox 1100 2144 1162 2190; x_wconf 85' lang='grc' dir='ltr'><strong>τὴν</strong></span> 
     </span>
     <span class='ocr_line' id='line_1_33' title="bbox 143 2205 1165 2257; baseline -0.001 -14"><span class='ocrx_word' id='word_1_242' title='bbox 143 2205 352 2256; x_wconf 88' lang='grc' dir='ltr'>δοκιμασίαν</span> <span class='ocrx_word' id='word_1_243' title='bbox 377 2207 589 2252; x_wconf 82' lang='grc' dir='ltr'>ἐπεδείξατο.</span> <span class='ocrx_word' id='word_1_244' title='bbox 615 2208 677 2254; x_wconf 81' lang='grc' dir='ltr'><strong>Μὴ</strong></span> <span class='ocrx_word' id='word_1_245' title='bbox 708 2207 821 2245; x_wconf 89' lang='grc' dir='ltr'>τοίνυν</span> <span class='ocrx_word' id='word_1_246' title='bbox 849 2208 938 2257; x_wconf 79' lang='grc' dir='ltr'>μηδὲ</span> <span class='ocrx_word' id='word_1_247' title='bbox 959 2206 1061 2248; x_wconf 80' lang='grc' dir='ltr'>αὐτὸς</span> <span class='ocrx_word' id='word_1_248' title='bbox 1082 2209 1165 2243; x_wconf 86' lang='grc' dir='ltr'>θαυ-</span> 
     </span>
     <span class='ocr_line' id='line_1_34' title="bbox 143 2266 1164 2320; baseline 0 -17"><span class='ocrx_word' id='word_1_249' title='bbox 143 2266 281 2318; x_wconf 80' lang='grc' dir='ltr'>μάσῃς,</span> <span class='ocrx_word' id='word_1_250' title='bbox 307 2266 364 2306; x_wconf 66' lang='lat' dir='ltr'><strong>bei</strong></span> <span class='ocrx_word' id='word_1_251' title='bbox 395 2269 458 2315; x_wconf 82' lang='grc' dir='ltr'><strong>τὴν</strong></span> <span class='ocrx_word' id='word_1_252' title='bbox 485 2268 614 2320; x_wconf 81' lang='grc' dir='ltr'>ἀγορὰν</span> <span class='ocrx_word' id='word_1_253' title='bbox 653 2269 840 2320; x_wconf 76' lang='grc' dir='ltr'>φεύγοντες</span> <span class='ocrx_word' id='word_1_254' title='bbox 866 2271 991 2317; x_wconf 80' lang='grc' dir='ltr'>ἡμεῖς,</span> <span class='ocrx_word' id='word_1_255' title='bbox 1011 2266 1071 2305; x_wconf 77' lang='grc' dir='ltr'><strong>καὶ</strong></span> <span class='ocrx_word' id='word_1_256' title='bbox 1103 2266 1164 2308; x_wconf 76' lang='grc' dir='ltr'><strong>τὰς</strong></span> 
     </span>
     <span class='ocr_line' id='line_1_35' title="bbox 140 2327 1166 2380; baseline 0 -17"><span class='ocrx_word' id='word_1_257' title='bbox 140 2329 208 2364; x_wconf 83' lang='grc' dir='ltr'><strong>τῶν</strong></span> <span class='ocrx_word' id='word_1_258' title='bbox 228 2330 367 2366; x_wconf 81' lang='grc' dir='ltr'>πολλῶν</span> <span class='ocrx_word' id='word_1_259' title='bbox 386 2329 589 2376; x_wconf 87' lang='grc' dir='ltr'>συνουσίας,</span> <span class='ocrx_word' id='word_1_260' title='bbox 609 2331 671 2366; x_wconf 82' lang='grc' dir='ltr'><strong>οὐκ</strong></span> <span class='ocrx_word' id='word_1_261' title='bbox 689 2328 814 2380; x_wconf 71' lang='grc' dir='ltr'>ἔχομεν</span> <span class='ocrx_word' id='word_1_262' title='bbox 835 2327 913 2371; x_wconf 83' lang='grc' dir='ltr'>τοὺς</span> <span class='ocrx_word' id='word_1_263' title='bbox 930 2330 1166 2378; x_wconf 76' lang='grc' dir='ltr'>κατηγοροῦν-</span> 
     </span>
     <span class='ocr_line' id='line_1_36' title="bbox 140 2388 1163 2441; baseline -0.001 -17"><span class='ocrx_word' id='word_1_264' title='bbox 140 2403 202 2430; x_wconf 83' lang='grc' dir='ltr'><strong>τας</strong></span> <span class='ocrx_word' id='word_1_265' title='bbox 221 2389 369 2432; x_wconf 81' lang='grc' dir='ltr'>πολλούς</span> <span class='ocrx_word' id='word_1_266' title='bbox 383 2405 390 2413; x_wconf 90' lang='grc'><em>·</em></span> <span class='ocrx_word' id='word_1_267' title='bbox 409 2390 485 2427; x_wconf 76' lang='grc' dir='ltr'>οὐδὲ</span> <span class='ocrx_word' id='word_1_268' title='bbox 506 2389 573 2441; x_wconf 79' lang='grc' dir='ltr'><strong>γὰρ</strong></span> <span class='ocrx_word' id='word_1_269' title='bbox 594 2392 623 2427; x_wconf 89' lang='grc' dir='ltr'><strong>εἷ</strong></span> <span class='ocrx_word' id='word_1_270' title='bbox 645 2389 821 2427; x_wconf 80' lang='grc' dir='ltr'>καθεύδων</span> <span class='ocrx_word' id='word_1_271' title='bbox 848 2390 914 2439; x_wconf 80' lang='grc' dir='ltr'><strong>οὐχ</strong></span> <span class='ocrx_word' id='word_1_272' title='bbox 940 2388 1163 2440; x_wconf 74' lang='grc' dir='ltr'>ἡμάρτανον,</span> 
     </span>
     <span class='ocr_line' id='line_1_37' title="bbox 140 2447 1164 2500; baseline -0.001 -13"><span class='ocrx_word' id='word_1_273' title='bbox 140 2450 210 2487; x_wconf 82' lang='grc' dir='ltr'>οὐδ’</span> <span class='ocrx_word' id='word_1_274' title='bbox 230 2451 259 2488; x_wconf 91' lang='grc' dir='ltr'><strong>εἷ</strong></span> <span class='ocrx_word' id='word_1_275' title='bbox 279 2449 327 2500; x_wconf 81' lang='grc' dir='ltr'><strong>μὴ</strong></span> <span class='ocrx_word' id='word_1_276' title='bbox 349 2450 510 2488; x_wconf 88' lang='grc' dir='ltr'>παλαίων</span> <span class='ocrx_word' id='word_1_277' title='bbox 529 2452 592 2488; x_wconf 82' lang='grc' dir='ltr'><strong>οὐκ</strong></span> <span class='ocrx_word' id='word_1_278' title='bbox 612 2450 756 2488; x_wconf 84' lang='grc' dir='ltr'>ἔπιπτον</span> <span class='ocrx_word' id='word_1_279' title='bbox 769 2480 778 2498; x_wconf 87' lang='grc'>,</span> <span class='ocrx_word' id='word_1_280' title='bbox 796 2450 865 2488; x_wconf 79' lang='grc' dir='ltr'>οὐδ’</span> <span class='ocrx_word' id='word_1_281' title='bbox 884 2451 914 2487; x_wconf 84' lang='grc' dir='ltr'><strong>εἷ</strong></span> <span class='ocrx_word' id='word_1_282' title='bbox 933 2449 982 2499; x_wconf 83' lang='grc' dir='ltr'><strong>μὴ</strong></span> <span class='ocrx_word' id='word_1_283' title='bbox 1004 2447 1164 2500; x_wconf 75' lang='grc' dir='ltr'>μαχόμε-</span> 
     </span>
     <span class='ocr_line' id='line_1_38' title="bbox 141 2508 1161 2562; baseline 0.001 -15"><span class='ocrx_word' id='word_1_284' title='bbox 141 2525 196 2553; x_wconf 91' lang='grc' dir='ltr'><strong>νος</strong></span> <span class='ocrx_word' id='word_1_285' title='bbox 232 2513 292 2549; x_wconf 86' lang='grc' dir='ltr'><strong>οὐκ</strong></span> <span class='ocrx_word' id='word_1_286' title='bbox 330 2510 556 2562; x_wconf 73' lang='grc' dir='ltr'>ἓὸαλλόμην,</span> <span class='ocrx_word' id='word_1_287' title='bbox 592 2511 779 2561; x_wconf 82' lang='grc' dir='ltr'>θαυμάζειν</span> <span class='ocrx_word' id='word_1_288' title='bbox 818 2513 936 2562; x_wconf 69' lang='grc' dir='ltr'>ἐχρῆν.</span> <span class='ocrx_word' id='word_1_289' title='bbox 972 2509 1037 2552; x_wconf 81' lang='grc' dir='ltr'><strong>Τίς</strong></span> <span class='ocrx_word' id='word_1_290' title='bbox 1073 2508 1161 2559; x_wconf 67' lang='grc' dir='ltr'>γὰρ»</span> 
     </span>
     <span class='ocr_line' id='line_1_39' title="bbox 138 2569 1159 2621; baseline -0.003 -12"><span class='ocrx_word' id='word_1_291' title='bbox 138 2570 226 2618; x_wconf 79' lang='grc' dir='ltr'>εἰπὲ,</span> <span class='ocrx_word' id='word_1_292' title='bbox 241 2572 292 2615; x_wconf 89' lang='grc' dir='ltr'><strong>τίς</strong></span> <span class='ocrx_word' id='word_1_293' title='bbox 319 2572 503 2619; x_wconf 78' lang='grc' dir='ltr'>δυνήσεται</span> <span class='ocrx_word' id='word_1_294' title='bbox 532 2577 710 2610; x_wconf 87' lang='grc' dir='ltr'>κατειπεῖν</span> <span class='ocrx_word' id='word_1_295' title='bbox 740 2571 800 2610; x_wconf 79' lang='grc' dir='ltr'><strong>καὶ</strong></span> <span class='ocrx_word' id='word_1_296' title='bbox 833 2570 1061 2621; x_wconf 76' lang='grc' dir='ltr'>ἀποκαλύψαι</span> <span class='ocrx_word' id='word_1_297' title='bbox 1097 2569 1159 2615; x_wconf 82' lang='grc' dir='ltr'><strong>τὴν</strong></span> 
     </span>
     <span class='ocr_line' id='line_1_40' title="bbox 138 2626 1156 2686; baseline -0.002 -16"><span class='ocrx_word' id='word_1_298' title='bbox 138 2632 330 2685; x_wconf 80' lang='grc' dir='ltr'>μοχθηρίαν</span> <span class='ocrx_word' id='word_1_299' title='bbox 353 2632 417 2680; x_wconf 84' lang='grc' dir='ltr'><strong>τὴν</strong></span> <span class='ocrx_word' id='word_1_300' title='bbox 436 2634 524 2683; x_wconf 84' lang='grc' dir='ltr'>ἐμήν</span> <span class='ocrx_word' id='word_1_301' title='bbox 538 2649 548 2681; x_wconf 78' lang='grc'><strong>;</strong></span> <span class='ocrx_word' id='word_1_302' title='bbox 563 2636 580 2670; x_wconf 85' lang='grc' dir='ltr'>ὁ</span> <span class='ocrx_word' id='word_1_303' title='bbox 604 2634 724 2686; x_wconf 79' lang='grc' dir='ltr'>ὄροφος</span> <span class='ocrx_word' id='word_1_304' title='bbox 744 2626 842 2674; x_wconf 68' lang='grc' dir='ltr'>οὗτος</span> <span class='ocrx_word' id='word_1_305' title='bbox 867 2631 926 2670; x_wconf 78' lang='grc' dir='ltr'><strong>καὶ</strong></span> <span class='ocrx_word' id='word_1_306' title='bbox 947 2634 964 2669; x_wconf 85' lang='grc' dir='ltr'>ὃ</span> <span class='ocrx_word' id='word_1_307' title='bbox 983 2630 1156 2678; x_wconf 82' lang='grc' dir='ltr'>οἷκίσκος;</span> 
     </span>
     <span class='ocr_line' id='line_1_41' title="bbox 138 2692 1158 2747; baseline -0.002 -17"><span class='ocrx_word' id='word_1_308' title='bbox 138 2693 229 2730; x_wconf 85' lang='grc' dir='ltr'>Ἀλλ’</span> <span class='ocrx_word' id='word_1_309' title='bbox 248 2695 310 2732; x_wconf 86' lang='grc' dir='ltr'>οὐκ.</span> <span class='ocrx_word' id='word_1_310' title='bbox 347 2693 387 2732; x_wconf 84' lang='grc' dir='ltr'><strong>ἂν</strong></span> <span class='ocrx_word' id='word_1_311' title='bbox 424 2693 584 2732; x_wconf 80' lang='grc' dir='ltr'>δύναιντο</span> <span class='ocrx_word' id='word_1_312' title='bbox 613 2693 713 2747; x_wconf 76' lang='grc' dir='ltr'>ῥῆξαι</span> <span class='ocrx_word' id='word_1_313' title='bbox 733 2693 863 2746; x_wconf 77' lang='grc' dir='ltr'>φωνήν.</span> <span class='ocrx_word' id='word_1_314' title='bbox 882 2693 974 2730; x_wconf 77' lang='grc' dir='ltr'>Ἀλλ’</span> <span class='ocrx_word' id='word_1_315' title='bbox 996 2696 1016 2738; x_wconf 85' lang='grc' dir='ltr'>ἡ</span> <span class='ocrx_word' id='word_1_316' title='bbox 1040 2692 1158 2743; x_wconf 75' lang='grc' dir='ltr'>μήτηρ</span> 
     </span>
     <span class='ocr_line' id='line_1_42' title="bbox 134 2752 1157 2806; baseline -0.002 -14"><span class='ocrx_word' id='word_1_317' title='bbox 134 2757 157 2800; x_wconf 81' lang='grc' dir='ltr'>ἡ</span> <span class='ocrx_word' id='word_1_318' title='bbox 179 2754 334 2804; x_wconf 84' lang='grc' dir='ltr'>μάλιστα</span> <span class='ocrx_word' id='word_1_319' title='bbox 353 2755 492 2793; x_wconf 88' lang='grc' dir='ltr'>πάντων</span> <span class='ocrx_word' id='word_1_320' title='bbox 508 2756 617 2794; x_wconf 82' lang='grc' dir='ltr'>εἰδυῖα</span> <span class='ocrx_word' id='word_1_321' title='bbox 636 2756 681 2792; x_wconf 81' lang='grc' dir='ltr'><strong>τὰ</strong></span> <span class='ocrx_word' id='word_1_322' title='bbox 700 2755 792 2806; x_wconf 70' lang='grc' dir='ltr'>ἐμά,</span> <span class='ocrx_word' id='word_1_323' title='bbox 813 2755 979 2793; x_wconf 85' lang='grc' dir='ltr'>Μάλιστα</span> <span class='ocrx_word' id='word_1_324' title='bbox 1000 2752 1063 2805; x_wconf 83' lang='grc' dir='ltr'><strong>μὲν</strong></span> <span class='ocrx_word' id='word_1_325' title='bbox 1080 2752 1157 2791; x_wconf 82' lang='grc' dir='ltr'>οὐδὲ</span> 
     </span>
     <span class='ocr_line' id='line_1_43' title="bbox 135 2815 1156 2868; baseline 0 -16"><span class='ocrx_word' id='word_1_326' title='bbox 135 2815 220 2867; x_wconf 84' lang='grc' dir='ltr'>πρὸς</span> <span class='ocrx_word' id='word_1_327' title='bbox 245 2815 352 2862; x_wconf 83' lang='grc' dir='ltr'>αὐτήν</span> <span class='ocrx_word' id='word_1_328' title='bbox 385 2816 458 2855; x_wconf 78' lang='grc' dir='ltr'>ἐστί</span> <span class='ocrx_word' id='word_1_329' title='bbox 485 2817 543 2867; x_wconf 86' lang='grc' dir='ltr'><strong>μοί</strong></span> <span class='ocrx_word' id='word_1_330' title='bbox 569 2833 603 2854; x_wconf 89' lang='grc' dir='ltr'><strong>τι</strong></span> <span class='ocrx_word' id='word_1_331' title='bbox 621 2816 749 2862; x_wconf 74' lang='grc' dir='ltr'>κοινὸν,</span> <span class='ocrx_word' id='word_1_332' title='bbox 772 2815 847 2854; x_wconf 78' lang='grc' dir='ltr'>οὐδὲ</span> <span class='ocrx_word' id='word_1_333' title='bbox 875 2818 922 2860; x_wconf 86' lang='grc' dir='ltr'><strong>εἷς</strong></span> <span class='ocrx_word' id='word_1_334' title='bbox 944 2815 1156 2868; x_wconf 78' lang='grc' dir='ltr'>φιλονεικίαν</span> 
     </span>
     <span class='ocr_line' id='line_1_44' title="bbox 135 2873 1155 2928; baseline -0.001 -13"><span class='ocrx_word' id='word_1_335' title='bbox 135 2876 286 2928; x_wconf 77' lang='grc' dir='ltr'>ἤλθομεν</span> <span class='ocrx_word' id='word_1_336' title='bbox 305 2876 458 2916; x_wconf 84' lang='grc' dir='ltr'>πώποτε.</span> <span class='ocrx_word' id='word_1_337' title='bbox 482 2879 523 2916; x_wconf 75' lang='lat' dir='ltr'><strong>Ei</strong></span> <span class='ocrx_word' id='word_1_338' title='bbox 551 2878 586 2916; x_wconf 85' lang='grc' dir='ltr'><strong>δὲ</strong></span> <span class='ocrx_word' id='word_1_339' title='bbox 607 2877 666 2916; x_wconf 72' lang='grc' dir='ltr'><strong>καὶ</strong></span> <span class='ocrx_word' id='word_1_340' title='bbox 688 2883 787 2917; x_wconf 74' lang='grc' dir='ltr'>τοῦτο</span> <span class='ocrx_word' id='word_1_341' title='bbox 806 2873 848 2925; x_wconf 61' lang='grc' dir='ltr'><strong>ἦν</strong></span> <span class='ocrx_word' id='word_1_342' title='bbox 879 2877 1016 2927; x_wconf 69' lang='grc' dir='ltr'>συμίὰν</span> <span class='ocrx_word' id='word_1_343' title='bbox 1029 2906 1038 2923; x_wconf 88' lang='grc'>,</span> <span class='ocrx_word' id='word_1_344' title='bbox 1059 2877 1155 2915; x_wconf 82' lang='grc' dir='ltr'>οὐδε-</span> 
     </span>
     <span class='ocr_line' id='line_1_45' title="bbox 136 2937 1155 2991; baseline -0.001 -16"><span class='ocrx_word' id='word_1_345' title='bbox 136 2937 200 2988; x_wconf 88' lang='grc' dir='ltr'><strong>μία</strong></span> <span class='ocrx_word' id='word_1_346' title='bbox 227 2937 334 2981; x_wconf 80' lang='grc' dir='ltr'>οὕτως</span> <span class='ocrx_word' id='word_1_347' title='bbox 355 2938 428 2975; x_wconf 79' lang='grc' dir='ltr'>ἐστὶ</span> <span class='ocrx_word' id='word_1_348' title='bbox 449 2938 566 2989; x_wconf 78' lang='grc' dir='ltr'>μήτηρ</span> <span class='ocrx_word' id='word_1_349' title='bbox 594 2939 760 2991; x_wconf 85' lang='grc' dir='ltr'>ἄστοργος</span> <span class='ocrx_word' id='word_1_350' title='bbox 780 2939 838 2977; x_wconf 70' lang='grc' dir='ltr'><strong>καὶ</strong></span> <span class='ocrx_word' id='word_1_351' title='bbox 869 2938 1088 2988; x_wconf 84' lang='grc' dir='ltr'>μισότεκνος,</span> <span class='ocrx_word' id='word_1_352' title='bbox 1109 2940 1155 2980; x_wconf 83' lang='grc' dir='ltr'>ὡς</span> 
     </span>
     <span class='ocr_line' id='line_1_46' title="bbox 133 2998 1155 3052; baseline -0.002 -16"><span class='ocrx_word' id='word_1_353' title='bbox 133 3003 270 3045; x_wconf 80' lang='grc' dir='ltr'>τοῦτον,</span> <span class='ocrx_word' id='word_1_354' title='bbox 299 2999 335 3037; x_wconf 84' lang='grc' dir='ltr'><strong>ὃν</strong></span> <span class='ocrx_word' id='word_1_355' title='bbox 361 2998 461 3037; x_wconf 83' lang='grc' dir='ltr'>ὤδινε</span> <span class='ocrx_word' id='word_1_356' title='bbox 491 3000 549 3037; x_wconf 80' lang='grc' dir='ltr'><strong>καὶ</strong></span> <span class='ocrx_word' id='word_1_357' title='bbox 578 3000 674 3038; x_wconf 83' lang='grc' dir='ltr'>ἔτεκε</span> <span class='ocrx_word' id='word_1_358' title='bbox 698 3001 757 3038; x_wconf 77' lang='grc' dir='ltr'><strong>καὶ</strong></span> <span class='ocrx_word' id='word_1_359' title='bbox 783 3000 947 3052; x_wconf 45' lang='grc' dir='ltr'>ΰέθρεψε,</span> <span class='ocrx_word' id='word_1_360' title='bbox 981 2999 1155 3049; x_wconf 74' lang='grc' dir='ltr'>μηδεμιᾶς</span> 
     </span>
     <span class='ocr_line' id='line_1_47' title="bbox 134 3058 1151 3112; baseline -0.001 -16"><span class='ocrx_word' id='word_1_361' title='bbox 134 3058 396 3110; x_wconf 83' lang='grc' dir='ltr'>ἀναγκαζούσης</span> <span class='ocrx_word' id='word_1_362' title='bbox 430 3059 652 3112; x_wconf 71' lang='grc' dir='ltr'>προφάσεως,</span> <span class='ocrx_word' id='word_1_363' title='bbox 678 3060 766 3111; x_wconf 82' lang='grc' dir='ltr'>μηδὲ</span> <span class='ocrx_word' id='word_1_364' title='bbox 800 3060 1004 3112; x_wconf 83' lang='grc' dir='ltr'>βιαζομένου</span> <span class='ocrx_word' id='word_1_365' title='bbox 1040 3061 1151 3102; x_wconf 75' lang='grc' dir='ltr'>τινὸς,</span> 
     </span>
     <span class='ocr_line' id='line_1_48' title="bbox 133 3119 1151 3173; baseline 0 -17"><span class='ocrx_word' id='word_1_366' title='bbox 133 3119 286 3164; x_wconf 82' lang='grc' dir='ltr'>κακίζειν</span> <span class='ocrx_word' id='word_1_367' title='bbox 315 3120 372 3158; x_wconf 81' lang='grc' dir='ltr'><strong>καὶ</strong></span> <span class='ocrx_word' id='word_1_368' title='bbox 402 3121 601 3160; x_wconf 57' lang='lat' dir='ltr'><strong>&amp;affinem</strong></span> <span class='ocrx_word' id='word_1_369' title='bbox 629 3121 725 3173; x_wconf 78' lang='grc' dir='ltr'>παρὰ</span> <span class='ocrx_word' id='word_1_370' title='bbox 745 3128 866 3159; x_wconf 72' lang='grc' dir='ltr'>πᾶσιν.</span> <span class='ocrx_word' id='word_1_371' title='bbox 895 3121 996 3158; x_wconf 59' lang='lat' dir='ltr'><strong>&#39;timi</strong></span> <span class='ocrx_word' id='word_1_372' title='bbox 1018 3120 1068 3157; x_wconf 79' lang='grc' dir='ltr'><strong>ὅτι</strong></span> <span class='ocrx_word' id='word_1_373' title='bbox 1089 3136 1151 3169; x_wconf 81' lang='grc' dir='ltr'><strong>γε,</strong></span> 
     </span>
     <span class='ocr_line' id='line_1_49' title="bbox 133 3180 1149 3236; baseline 0 -18"><span class='ocrx_word' id='word_1_374' title='bbox 133 3180 164 3218; x_wconf 82' lang='grc' dir='ltr'><strong>εἴ</strong></span> <span class='ocrx_word' id='word_1_375' title='bbox 187 3197 238 3224; x_wconf 86' lang='grc' dir='ltr'><strong>τις</strong></span> <span class='ocrx_word' id='word_1_376' title='bbox 264 3181 327 3229; x_wconf 82' lang='grc' dir='ltr'><strong>τὴν</strong></span> <span class='ocrx_word' id='word_1_377' title='bbox 353 3182 526 3233; x_wconf 77' lang='grc' dir='ltr'>ἡμετέραν</span> <span class='ocrx_word' id='word_1_378' title='bbox 553 3183 638 3234; x_wconf 77' lang='grc' dir='ltr'>πρὸς</span> <span class='ocrx_word' id='word_1_379' title='bbox 666 3182 846 3236; x_wconf 69' lang='grc' dir='ltr'>ἀκρίὸειαν</span> <span class='ocrx_word' id='word_1_380' title='bbox 879 3183 987 3221; x_wconf 78' lang='grc' dir='ltr'>ἐθέλοι</span> <span class='ocrx_word' id='word_1_381' title='bbox 1009 3182 1149 3232; x_wconf 61' lang='lat' dir='ltr'><strong>[sanavi-</strong></span> 
     </span>
     <span class='ocr_line' id='line_1_50' title="bbox 132 3242 1152 3296; baseline 0.001 -18"><span class='ocrx_word' id='word_1_382' title='bbox 132 3242 200 3284; x_wconf 79' lang='grc' dir='ltr'>ζειν</span> <span class='ocrx_word' id='word_1_383' title='bbox 230 3242 364 3294; x_wconf 72' lang='grc' dir='ltr'>ψυχὴν,</span> <span class='ocrx_word' id='word_1_384' title='bbox 389 3242 501 3281; x_wconf 71' lang='grc' dir='ltr'>πολλὰ</span> <span class='ocrx_word' id='word_1_385' title='bbox 531 3246 637 3290; x_wconf 70' lang='grc' dir='ltr'>αὐτῆς</span> <span class='ocrx_word' id='word_1_386' title='bbox 673 3244 810 3296; x_wconf 81' lang='grc' dir='ltr'>εὑρήσει</span> <span class='ocrx_word' id='word_1_387' title='bbox 840 3243 882 3281; x_wconf 83' lang='grc' dir='ltr'><strong>τὰ</strong></span> <span class='ocrx_word' id='word_1_388' title='bbox 918 3243 1052 3295; x_wconf 80' lang='grc' dir='ltr'>σαθρὰ,</span> <span class='ocrx_word' id='word_1_389' title='bbox 1076 3242 1152 3280; x_wconf 78' lang='grc' dir='ltr'>οὐδὲ</span> 
     </span>
    </p>
   </div>
   <div class='ocr_carea' id='block_1_4' title="bbox 2101 286 2186 334">
    <p class='ocr_par' dir='ltr' id='par_1_4' title="bbox 2101 286 2186 334">
     <span class='ocr_line' id='line_1_51' title="bbox 2101 286 2186 334; baseline 0.024 -3"><span class='ocrx_word' id='word_1_390' title='bbox 2101 286 2186 334; x_wconf 76' lang='lat'><strong>521</strong></span> 
     </span>
    </p>
   </div>
   <div class='ocr_carea' id='block_1_5' title="bbox 1239 384 2197 1825">
    <p class='ocr_par' dir='ltr' id='par_1_5' title="bbox 1239 384 2197 1825">
     <span class='ocr_line' id='line_1_52' title="bbox 1244 384 2193 438; baseline 0.001 -16"><span class='ocrx_word' id='word_1_391' title='bbox 1244 385 1340 436; x_wconf 89' lang='lat' dir='ltr'><strong>poris</strong></span> <span class='ocrx_word' id='word_1_392' title='bbox 1359 385 1602 424; x_wconf 81' lang='lat' dir='ltr'><strong>incolumitate</strong></span> <span class='ocrx_word' id='word_1_393' title='bbox 1619 399 1710 438; x_wconf 90' lang='lat' dir='ltr'><strong>opus</strong></span> <span class='ocrx_word' id='word_1_394' title='bbox 1732 385 1853 433; x_wconf 87' lang='lat' dir='ltr'><strong>habet,</strong></span> <span class='ocrx_word' id='word_1_395' title='bbox 1868 385 2023 436; x_wconf 83' lang='lat' dir='ltr'>itemque</span> <span class='ocrx_word' id='word_1_396' title='bbox 2041 384 2129 423; x_wconf 87' lang='lat' dir='ltr'><strong>locis</strong></span> <span class='ocrx_word' id='word_1_397' title='bbox 2145 385 2193 423; x_wconf 86' lang='lat' dir='ltr'><strong>ad</strong></span> 
     </span>
     <span class='ocr_line' id='line_1_53' title="bbox 1243 445 2194 496; baseline -0.001 -12"><span class='ocrx_word' id='word_1_398' title='bbox 1243 447 1353 484; x_wconf 85' lang='lat' dir='ltr'><strong>vitam</strong></span> <span class='ocrx_word' id='word_1_399' title='bbox 1373 446 1463 484; x_wconf 83' lang='lat' dir='ltr'><strong>hanc</strong></span> <span class='ocrx_word' id='word_1_400' title='bbox 1480 447 1733 484; x_wconf 85' lang='lat' dir='ltr'><strong>instituendam</strong></span> <span class='ocrx_word' id='word_1_401' title='bbox 1746 445 1898 495; x_wconf 80' lang='lat' dir='ltr'><strong>idoneis,</strong></span> <span class='ocrx_word' id='word_1_402' title='bbox 1909 455 1947 483; x_wconf 92' lang='lat' dir='ltr'><strong>ut</strong></span> <span class='ocrx_word' id='word_1_403' title='bbox 1960 459 2072 496; x_wconf 90' lang='lat' dir='ltr'><strong>neque</strong></span> <span class='ocrx_word' id='word_1_404' title='bbox 2087 445 2194 483; x_wconf 88' lang='lat' dir='ltr'><strong>nimis</strong></span> 
     </span>
     <span class='ocr_line' id='line_1_54' title="bbox 1242 505 2194 554; baseline 0.001 -12"><span class='ocrx_word' id='word_1_405' title='bbox 1242 505 1288 542; x_wconf 84' lang='lat' dir='ltr'><strong>ab</strong></span> <span class='ocrx_word' id='word_1_406' title='bbox 1302 506 1488 544; x_wconf 91' lang='lat' dir='ltr'><strong>hominum</strong></span> <span class='ocrx_word' id='word_1_407' title='bbox 1504 507 1678 545; x_wconf 88' lang='lat' dir='ltr'><strong>consortio</strong></span> <span class='ocrx_word' id='word_1_408' title='bbox 1693 515 1849 544; x_wconf 86' lang='lat' dir='ltr'><strong>remotus</strong></span> <span class='ocrx_word' id='word_1_409' title='bbox 1864 537 1874 554; x_wconf 94' lang='lat'>,</span> <span class='ocrx_word' id='word_1_410' title='bbox 1891 515 2007 544; x_wconf 84' lang='lat' dir='ltr'><strong>tamen</strong></span> <span class='ocrx_word' id='word_1_411' title='bbox 2027 506 2194 544; x_wconf 87' lang='lat' dir='ltr'><strong>solitudi-</strong></span> 
     </span>
     <span class='ocr_line' id='line_1_55' title="bbox 1244 566 2194 619; baseline 0.003 -18"><span class='ocrx_word' id='word_1_412' title='bbox 1244 566 1297 602; x_wconf 87' lang='lat' dir='ltr'><strong>nis</strong></span> <span class='ocrx_word' id='word_1_413' title='bbox 1315 567 1469 616; x_wconf 87' lang='lat' dir='ltr'><strong>qnietem</strong></span> <span class='ocrx_word' id='word_1_414' title='bbox 1485 568 1730 613; x_wconf 82' lang='lat' dir='ltr'><strong>nanciscatur,</strong></span> <span class='ocrx_word' id='word_1_415' title='bbox 1755 569 1970 619; x_wconf 80' lang='lat' dir='ltr'><strong>insuperque</strong></span> <span class='ocrx_word' id='word_1_416' title='bbox 1989 567 2194 618; x_wconf 86' lang='lat' dir='ltr'><strong>temperatis</strong></span> 
     </span>
     <span class='ocr_line' id='line_1_56' title="bbox 1243 625 2195 678; baseline 0.002 -16"><span class='ocrx_word' id='word_1_417' title='bbox 1243 625 1325 662; x_wconf 89' lang='lat' dir='ltr'><strong>anni</strong></span> <span class='ocrx_word' id='word_1_418' title='bbox 1341 627 1608 678; x_wconf 70' lang='lat' dir='ltr'><strong>tempestatibus</strong></span> <span class='ocrx_word' id='word_1_419' title='bbox 1631 641 1700 664; x_wconf 87' lang='lat' dir='ltr'><strong>non</strong></span> <span class='ocrx_word' id='word_1_420' title='bbox 1719 636 1832 664; x_wconf 84' lang='lat' dir='ltr'><strong>careat</strong></span> <span class='ocrx_word' id='word_1_421' title='bbox 1855 642 1863 662; x_wconf 74' lang='grc' dir='ltr'><strong>ε</strong></span> <span class='ocrx_word' id='word_1_422' title='bbox 1880 626 1972 663; x_wconf 88' lang='lat' dir='ltr'><strong>nihil</strong></span> <span class='ocrx_word' id='word_1_423' title='bbox 1994 627 2128 678; x_wconf 88' lang='lat' dir='ltr'><strong>quippe</strong></span> <span class='ocrx_word' id='word_1_424' title='bbox 2144 626 2195 664; x_wconf 86' lang='lat' dir='ltr'><strong>sic</strong></span> 
     </span>
     <span class='ocr_line' id='line_1_57' title="bbox 1243 685 2196 738; baseline 0.002 -16"><span class='ocrx_word' id='word_1_425' title='bbox 1243 685 1466 724; x_wconf 83' lang='lat' dir='ltr'><strong>intolerabile</strong></span> <span class='ocrx_word' id='word_1_426' title='bbox 1501 687 1530 724; x_wconf 93' lang='lat' dir='ltr'><strong>ei</strong></span> <span class='ocrx_word' id='word_1_427' title='bbox 1550 717 1560 732; x_wconf 92' lang='lat'><strong><em>,</em></strong></span> <span class='ocrx_word' id='word_1_428' title='bbox 1579 687 1641 737; x_wconf 80' lang='lat' dir='ltr'><strong>qui</strong></span> <span class='ocrx_word' id='word_1_429' title='bbox 1668 687 1814 738; x_wconf 83' lang='lat' dir='ltr'><strong>jejuniis</strong></span> <span class='ocrx_word' id='word_1_430' title='bbox 1847 695 2066 733; x_wconf 81' lang='lat' dir='ltr'><strong>maceratur,</strong></span> <span class='ocrx_word' id='word_1_431' title='bbox 2087 701 2196 736; x_wconf 86' lang='lat' dir='ltr'><strong>quam</strong></span> 
     </span>
     <span class='ocr_line' id='line_1_58' title="bbox 1243 745 2197 798; baseline 0.001 -15"><span class='ocrx_word' id='word_1_432' title='bbox 1243 747 1335 784; x_wconf 88' lang='lat' dir='ltr'><strong>aeris</strong></span> <span class='ocrx_word' id='word_1_433' title='bbox 1353 746 1590 798; x_wconf 81' lang='lat' dir='ltr'><strong>intemperies.</strong></span> <span class='ocrx_word' id='word_1_434' title='bbox 1612 747 1691 784; x_wconf 86' lang='lat' dir='ltr'><strong>Non</strong></span> <span class='ocrx_word' id='word_1_435' title='bbox 1709 747 1833 797; x_wconf 90' lang='lat' dir='ltr'><strong>loquor</strong></span> <span class='ocrx_word' id='word_1_436' title='bbox 1851 746 1910 783; x_wconf 82' lang='lat' dir='ltr'><strong>hie</strong></span> <span class='ocrx_word' id='word_1_437' title='bbox 1927 745 1970 782; x_wconf 90' lang='lat' dir='ltr'><strong>de</strong></span> <span class='ocrx_word' id='word_1_438' title='bbox 1991 746 2144 783; x_wconf 79' lang='lat' dir='ltr'><strong>vestium</strong></span> <span class='ocrx_word' id='word_1_439' title='bbox 2163 755 2197 784; x_wconf 90' lang='lat' dir='ltr'><strong>et</strong></span> 
     </span>
     <span class='ocr_line' id='line_1_59' title="bbox 1243 805 2197 858; baseline -0.001 -14"><span class='ocrx_word' id='word_1_440' title='bbox 1243 807 1360 844; x_wconf 83' lang='lat' dir='ltr'><strong>victus</strong></span> <span class='ocrx_word' id='word_1_441' title='bbox 1378 816 1568 858; x_wconf 84' lang='lat' dir='ltr'><strong>apparatu,</strong></span> <span class='ocrx_word' id='word_1_442' title='bbox 1582 821 1685 857; x_wconf 87' lang='lat' dir='ltr'><strong>quem</strong></span> <span class='ocrx_word' id='word_1_443' title='bbox 1702 816 1742 844; x_wconf 93' lang='lat' dir='ltr'><strong>ut</strong></span> <span class='ocrx_word' id='word_1_444' title='bbox 1759 807 1826 844; x_wconf 89' lang='lat' dir='ltr'><strong>sibi</strong></span> <span class='ocrx_word' id='word_1_445' title='bbox 1844 805 2008 844; x_wconf 86' lang='lat' dir='ltr'><strong>monachi</strong></span> <span class='ocrx_word' id='word_1_446' title='bbox 2027 806 2197 857; x_wconf 87' lang='lat' dir='ltr'><strong>suppedi-</strong></span> 
     </span>
     <span class='ocr_line' id='line_1_60' title="bbox 1242 866 2194 918; baseline 0.001 -15"><span class='ocrx_word' id='word_1_447' title='bbox 1242 875 1338 915; x_wconf 78' lang='lat' dir='ltr'><strong>tent,</strong></span> <span class='ocrx_word' id='word_1_448' title='bbox 1366 881 1579 918; x_wconf 78' lang='lat' dir='ltr'><strong>magnopere</strong></span> <span class='ocrx_word' id='word_1_449' title='bbox 1610 867 1794 913; x_wconf 85' lang='lat' dir='ltr'><strong>laborant,</strong></span> <span class='ocrx_word' id='word_1_450' title='bbox 1817 866 1890 904; x_wconf 88' lang='lat' dir='ltr'><strong>suis</strong></span> <span class='ocrx_word' id='word_1_451' title='bbox 1926 866 1995 917; x_wconf 86' lang='lat' dir='ltr'><strong>ipsi</strong></span> <span class='ocrx_word' id='word_1_452' title='bbox 2027 866 2194 904; x_wconf 88' lang='lat' dir='ltr'><strong>manibus</strong></span> 
     </span>
     <span class='ocr_line' id='line_1_61' title="bbox 1242 927 2191 966; baseline 0 -2"><span class='ocrx_word' id='word_1_453' title='bbox 1242 928 1361 965; x_wconf 85' lang='lat' dir='ltr'><strong>omnia</strong></span> <span class='ocrx_word' id='word_1_454' title='bbox 1383 928 1540 965; x_wconf 84' lang='lat' dir='ltr'><strong>conferre</strong></span> <span class='ocrx_word' id='word_1_455' title='bbox 1561 928 1752 966; x_wconf 78' lang='lat' dir='ltr'><strong>studentes.</strong></span> <span class='ocrx_word' id='word_1_456' title='bbox 1774 927 1945 966; x_wconf 80' lang='lat' dir='ltr'><strong>Sacerdos</strong></span> <span class='ocrx_word' id='word_1_457' title='bbox 1965 935 2083 964; x_wconf 88' lang='lat' dir='ltr'><strong>autem</strong></span> <span class='ocrx_word' id='word_1_458' title='bbox 2106 927 2191 964; x_wconf 90' lang='lat' dir='ltr'><strong>nul-</strong></span> 
     </span>
     <span class='ocr_line' id='line_1_62' title="bbox 1243 987 2195 1040; baseline -0.001 -15"><span class='ocrx_word' id='word_1_459' title='bbox 1243 988 1313 1026; x_wconf 88' lang='lat' dir='ltr'><strong>lius</strong></span> <span class='ocrx_word' id='word_1_460' title='bbox 1331 1002 1453 1026; x_wconf 88' lang='lat' dir='ltr'><strong>eorum</strong></span> <span class='ocrx_word' id='word_1_461' title='bbox 1468 989 1505 1026; x_wconf 91' lang='lat' dir='ltr'><strong>in</strong></span> <span class='ocrx_word' id='word_1_462' title='bbox 1525 1002 1628 1026; x_wconf 89' lang='lat' dir='ltr'><strong>usum</strong></span> <span class='ocrx_word' id='word_1_463' title='bbox 1644 1002 1749 1025; x_wconf 87' lang='lat' dir='ltr'><strong>suum</strong></span> <span class='ocrx_word' id='word_1_464' title='bbox 1776 1002 1866 1040; x_wconf 89' lang='lat' dir='ltr'><strong>opus</strong></span> <span class='ocrx_word' id='word_1_465' title='bbox 1885 987 2052 1035; x_wconf 85' lang='lat' dir='ltr'><strong>habebit,</strong></span> <span class='ocrx_word' id='word_1_466' title='bbox 2075 996 2195 1039; x_wconf 85' lang='lat' dir='ltr'><strong>utpote</strong></span> 
     </span>
     <span class='ocr_line' id='line_1_63' title="bbox 1243 1048 2195 1101; baseline 0 -15"><span class='ocrx_word' id='word_1_467' title='bbox 1243 1049 1304 1098; x_wconf 89' lang='lat' dir='ltr'><strong>qui</strong></span> <span class='ocrx_word' id='word_1_468' title='bbox 1327 1063 1395 1087; x_wconf 92' lang='lat' dir='ltr'><strong>non</strong></span> <span class='ocrx_word' id='word_1_469' title='bbox 1419 1049 1632 1101; x_wconf 86' lang='lat' dir='ltr'><strong>peculiarem</strong></span> <span class='ocrx_word' id='word_1_470' title='bbox 1650 1049 1720 1087; x_wconf 90' lang='lat' dir='ltr'><strong>sibi</strong></span> <span class='ocrx_word' id='word_1_471' title='bbox 1736 1079 1746 1097; x_wconf 89' lang='lat'>,</span> <span class='ocrx_word' id='word_1_472' title='bbox 1758 1049 1822 1087; x_wconf 89' lang='lat' dir='ltr'><strong>sed</strong></span> <span class='ocrx_word' id='word_1_473' title='bbox 1842 1060 2065 1086; x_wconf 90' lang='lat' dir='ltr'><strong>communem</strong></span> <span class='ocrx_word' id='word_1_474' title='bbox 2082 1048 2195 1086; x_wconf 73' lang='lat' dir='ltr'><strong>vitam</strong></span> 
     </span>
     <span class='ocr_line' id='line_1_64' title="bbox 1243 1109 2190 1161; baseline 0 -14"><span class='ocrx_word' id='word_1_475' title='bbox 1243 1109 1349 1148; x_wconf 85' lang='lat' dir='ltr'><strong>ducat</strong></span> <span class='ocrx_word' id='word_1_476' title='bbox 1368 1110 1403 1147; x_wconf 92' lang='lat' dir='ltr'><strong>in</strong></span> <span class='ocrx_word' id='word_1_477' title='bbox 1425 1110 1469 1147; x_wconf 87' lang='lat' dir='ltr'><strong>iis</strong></span> <span class='ocrx_word' id='word_1_478' title='bbox 1488 1111 1594 1148; x_wconf 85' lang='lat' dir='ltr'><strong>rebus</strong></span> <span class='ocrx_word' id='word_1_479' title='bbox 1609 1141 1618 1159; x_wconf 85' lang='lat'>‚</span> <span class='ocrx_word' id='word_1_480' title='bbox 1635 1124 1714 1161; x_wconf 86' lang='lat' dir='ltr'><strong>quae</strong></span> <span class='ocrx_word' id='word_1_481' title='bbox 1736 1109 1909 1148; x_wconf 89' lang='lat' dir='ltr'><strong>damnum</strong></span> <span class='ocrx_word' id='word_1_482' title='bbox 1930 1124 1999 1147; x_wconf 89' lang='lat' dir='ltr'><strong>non</strong></span> <span class='ocrx_word' id='word_1_483' title='bbox 2018 1110 2166 1147; x_wconf 83' lang='lat' dir='ltr'><strong>afferant</strong></span> <span class='ocrx_word' id='word_1_484' title='bbox 2183 1125 2190 1146; x_wconf 92' lang='lat'><strong>:</strong></span> 
     </span>
     <span class='ocr_line' id='line_1_65' title="bbox 1242 1170 2193 1222; baseline 0 -14"><span class='ocrx_word' id='word_1_485' title='bbox 1242 1179 1422 1222; x_wconf 88' lang='lat' dir='ltr'><strong>totamque</strong></span> <span class='ocrx_word' id='word_1_486' title='bbox 1447 1170 1628 1209; x_wconf 84' lang='lat' dir='ltr'><strong>scientiam</strong></span> <span class='ocrx_word' id='word_1_487' title='bbox 1658 1173 1694 1209; x_wconf 90' lang='lat' dir='ltr'><strong>in</strong></span> <span class='ocrx_word' id='word_1_488' title='bbox 1721 1172 1846 1209; x_wconf 85' lang='lat' dir='ltr'><strong>animae</strong></span> <span class='ocrx_word' id='word_1_489' title='bbox 1866 1171 2042 1209; x_wconf 82' lang='lat' dir='ltr'><strong>thesauris</strong></span> <span class='ocrx_word' id='word_1_490' title='bbox 2066 1185 2193 1209; x_wconf 88' lang='lat' dir='ltr'><strong>recon-</strong></span> 
     </span>
     <span class='ocr_line' id='line_1_66' title="bbox 1242 1231 2196 1283; baseline 0.002 -15"><span class='ocrx_word' id='word_1_491' title='bbox 1242 1231 1354 1269; x_wconf 86' lang='lat' dir='ltr'><strong>ditam</strong></span> <span class='ocrx_word' id='word_1_492' title='bbox 1385 1232 1526 1271; x_wconf 85' lang='lat' dir='ltr'><strong>habeat.</strong></span> <span class='ocrx_word' id='word_1_493' title='bbox 1546 1232 1652 1279; x_wconf 86' lang='lat' dir='ltr'><strong>Quod</strong></span> <span class='ocrx_word' id='word_1_494' title='bbox 1668 1232 1698 1270; x_wconf 92' lang='lat' dir='ltr'><strong>si</strong></span> <span class='ocrx_word' id='word_1_495' title='bbox 1719 1232 1801 1283; x_wconf 91' lang='lat' dir='ltr'><strong>quis</strong></span> <span class='ocrx_word' id='word_1_496' title='bbox 1823 1232 1933 1269; x_wconf 86' lang='lat' dir='ltr'><strong>vitam</strong></span> <span class='ocrx_word' id='word_1_497' title='bbox 1954 1232 2055 1269; x_wconf 87' lang='lat' dir='ltr'><strong>illam</strong></span> <span class='ocrx_word' id='word_1_498' title='bbox 2074 1231 2196 1270; x_wconf 85' lang='lat' dir='ltr'><strong>admi-</strong></span> 
     </span>
     <span class='ocr_line' id='line_1_67' title="bbox 1241 1293 2197 1345; baseline 0.003 -15"><span class='ocrx_word' id='word_1_499' title='bbox 1241 1302 1352 1342; x_wconf 82' lang='lat' dir='ltr'><strong>retur,</strong></span> <span class='ocrx_word' id='word_1_500' title='bbox 1371 1308 1440 1344; x_wconf 85' lang='lat' dir='ltr'><strong>qua</strong></span> <span class='ocrx_word' id='word_1_501' title='bbox 1460 1294 1540 1344; x_wconf 89' lang='lat' dir='ltr'><strong>quis</strong></span> <span class='ocrx_word' id='word_1_502' title='bbox 1553 1294 1645 1331; x_wconf 88' lang='lat' dir='ltr'><strong>intra</strong></span> <span class='ocrx_word' id='word_1_503' title='bbox 1659 1294 1814 1345; x_wconf 86' lang='lat' dir='ltr'><strong>scipsum</strong></span> <span class='ocrx_word' id='word_1_504' title='bbox 1831 1307 1990 1338; x_wconf 88' lang='lat' dir='ltr'><strong>manens,</strong></span> <span class='ocrx_word' id='word_1_505' title='bbox 2007 1293 2197 1333; x_wconf 86' lang='lat' dir='ltr'><strong>hominum</strong></span> 
     </span>
     <span class='ocr_line' id='line_1_68' title="bbox 1242 1353 2195 1405; baseline 0 -14"><span class='ocrx_word' id='word_1_506' title='bbox 1242 1355 1461 1391; x_wconf 88' lang='lat' dir='ltr'><strong>consortium</strong></span> <span class='ocrx_word' id='word_1_507' title='bbox 1481 1364 1664 1392; x_wconf 83' lang='lat' dir='ltr'><strong>aversatur</strong></span> <span class='ocrx_word' id='word_1_508' title='bbox 1680 1385 1690 1400; x_wconf 85' lang='lat'><em>,</em></span> <span class='ocrx_word' id='word_1_509' title='bbox 1706 1367 1770 1405; x_wconf 90' lang='lat' dir='ltr'><strong>ego</strong></span> <span class='ocrx_word' id='word_1_510' title='bbox 1787 1368 1928 1404; x_wconf 89' lang='lat' dir='ltr'><strong>quoque</strong></span> <span class='ocrx_word' id='word_1_511' title='bbox 1942 1353 2037 1391; x_wconf 86' lang='lat' dir='ltr'><strong>illud</strong></span> <span class='ocrx_word' id='word_1_512' title='bbox 2053 1353 2195 1405; x_wconf 89' lang='lat' dir='ltr'><strong>sapien-</strong></span> 
     </span>
     <span class='ocr_line' id='line_1_69' title="bbox 1242 1413 2196 1467; baseline 0 -16"><span class='ocrx_word' id='word_1_513' title='bbox 1242 1414 1298 1452; x_wconf 88' lang='lat' dir='ltr'><strong>tiae</strong></span> <span class='ocrx_word' id='word_1_514' title='bbox 1317 1415 1495 1467; x_wconf 86' lang='lat' dir='ltr'><strong>specimen</strong></span> <span class='ocrx_word' id='word_1_515' title='bbox 1519 1429 1593 1453; x_wconf 87' lang='lat' dir='ltr'><strong>esse</strong></span> <span class='ocrx_word' id='word_1_516' title='bbox 1619 1416 1754 1463; x_wconf 82' lang='lat' dir='ltr'><strong>fatear3</strong></span> <span class='ocrx_word' id='word_1_517' title='bbox 1785 1429 1855 1453; x_wconf 91' lang='lat' dir='ltr'><strong>non</strong></span> <span class='ocrx_word' id='word_1_518' title='bbox 1878 1424 1995 1452; x_wconf 88' lang='lat' dir='ltr'><strong>tamen</strong></span> <span class='ocrx_word' id='word_1_519' title='bbox 2028 1413 2196 1451; x_wconf 90' lang='lat' dir='ltr'><strong>idoneum</strong></span> 
     </span>
     <span class='ocr_line' id='line_1_70' title="bbox 1242 1475 2197 1527; baseline 0 -15"><span class='ocrx_word' id='word_1_520' title='bbox 1242 1486 1491 1527; x_wconf 82' lang='lat' dir='ltr'><strong>argumentum</strong></span> <span class='ocrx_word' id='word_1_521' title='bbox 1513 1476 1659 1515; x_wconf 78' lang='lat' dir='ltr'><strong>virtutis</strong></span> <span class='ocrx_word' id='word_1_522' title='bbox 1685 1477 1808 1516; x_wconf 81' lang='lat' dir='ltr'><strong>animi,</strong></span> <span class='ocrx_word' id='word_1_523' title='bbox 1827 1477 1918 1513; x_wconf 85' lang='lat' dir='ltr'><strong>Nam</strong></span> <span class='ocrx_word' id='word_1_524' title='bbox 1947 1476 2009 1525; x_wconf 91' lang='lat' dir='ltr'><strong>qui</strong></span> <span class='ocrx_word' id='word_1_525' title='bbox 2032 1475 2067 1512; x_wconf 92' lang='lat' dir='ltr'><strong>in</strong></span> <span class='ocrx_word' id='word_1_526' title='bbox 2089 1484 2197 1526; x_wconf 88' lang='lat' dir='ltr'><strong>portu</strong></span> 
     </span>
     <span class='ocr_line' id='line_1_71' title="bbox 1240 1536 2196 1588; baseline 0 -15"><span class='ocrx_word' id='word_1_527' title='bbox 1240 1536 1286 1574; x_wconf 86' lang='lat' dir='ltr'><strong>ad</strong></span> <span class='ocrx_word' id='word_1_528' title='bbox 1314 1536 1554 1588; x_wconf 87' lang='lat' dir='ltr'><strong>gubernacula</strong></span> <span class='ocrx_word' id='word_1_529' title='bbox 1584 1536 1681 1575; x_wconf 86' lang='lat' dir='ltr'><strong>sedet</strong></span> <span class='ocrx_word' id='word_1_530' title='bbox 1706 1567 1714 1583; x_wconf 93' lang='lat'>‚</span> <span class='ocrx_word' id='word_1_531' title='bbox 1737 1537 1897 1575; x_wconf 87' lang='lat' dir='ltr'><strong>nondum</strong></span> <span class='ocrx_word' id='word_1_532' title='bbox 1922 1536 2089 1574; x_wconf 89' lang='lat' dir='ltr'><strong>idoneum</strong></span> <span class='ocrx_word' id='word_1_533' title='bbox 2109 1536 2196 1574; x_wconf 86' lang='lat' dir='ltr'><strong>artis</strong></span> 
     </span>
     <span class='ocr_line' id='line_1_72' title="bbox 1241 1596 2195 1649; baseline 0.001 -16"><span class='ocrx_word' id='word_1_534' title='bbox 1241 1611 1312 1634; x_wconf 89' lang='lat' dir='ltr'><strong>suae</strong></span> <span class='ocrx_word' id='word_1_535' title='bbox 1326 1598 1528 1648; x_wconf 84' lang='lat' dir='ltr'><strong>periculum</strong></span> <span class='ocrx_word' id='word_1_536' title='bbox 1544 1598 1626 1635; x_wconf 88' lang='lat' dir='ltr'><strong>fecit</strong></span> <span class='ocrx_word' id='word_1_537' title='bbox 1648 1612 1747 1635; x_wconf 85' lang='lat' dir='ltr'><strong>:eum</strong></span> <span class='ocrx_word' id='word_1_538' title='bbox 1771 1611 1852 1635; x_wconf 85' lang='lat' dir='ltr'><strong>vcro</strong></span> <span class='ocrx_word' id='word_1_539' title='bbox 1868 1598 1928 1648; x_wconf 91' lang='lat' dir='ltr'><strong>qui</strong></span> <span class='ocrx_word' id='word_1_540' title='bbox 1950 1598 1986 1634; x_wconf 93' lang='lat' dir='ltr'><strong>in</strong></span> <span class='ocrx_word' id='word_1_541' title='bbox 2001 1596 2118 1634; x_wconf 91' lang='lat' dir='ltr'><strong>medio</strong></span> <span class='ocrx_word' id='word_1_542' title='bbox 2134 1610 2195 1649; x_wconf 83' lang='lat' dir='ltr'><strong>pe·</strong></span> 
     </span>
     <span class='ocr_line' id='line_1_73' title="bbox 1240 1657 2193 1709; baseline 0.002 -16"><span class='ocrx_word' id='word_1_543' title='bbox 1240 1657 1335 1707; x_wconf 86' lang='lat' dir='ltr'><strong>lago,</strong></span> <span class='ocrx_word' id='word_1_544' title='bbox 1346 1659 1512 1695; x_wconf 80' lang='lat' dir='ltr'><strong>saeviente</strong></span> <span class='ocrx_word' id='word_1_545' title='bbox 1528 1667 1749 1709; x_wconf 83' lang='lat' dir='ltr'><strong>tempestate,</strong></span> <span class='ocrx_word' id='word_1_546' title='bbox 1766 1672 1892 1695; x_wconf 81' lang='lat' dir='ltr'><strong>navem</strong></span> <span class='ocrx_word' id='word_1_547' title='bbox 1911 1659 2046 1709; x_wconf 87' lang='lat' dir='ltr'><strong>eripere</strong></span> <span class='ocrx_word' id='word_1_548' title='bbox 2059 1657 2193 1709; x_wconf 84' lang='lat' dir='ltr'><strong>potuit,</strong></span> 
     </span>
     <span class='ocr_line' id='line_1_74' title="bbox 1239 1717 2192 1770; baseline 0.001 -15"><span class='ocrx_word' id='word_1_549' title='bbox 1239 1732 1342 1756; x_wconf 88' lang='lat' dir='ltr'><strong>nemo</strong></span> <span class='ocrx_word' id='word_1_550' title='bbox 1370 1728 1422 1756; x_wconf 86' lang='lat' dir='ltr'><strong>est</strong></span> <span class='ocrx_word' id='word_1_551' title='bbox 1450 1718 1537 1768; x_wconf 77' lang='lat' dir='ltr'><strong>quin</strong></span> <span class='ocrx_word' id='word_1_552' title='bbox 1575 1719 1847 1769; x_wconf 81' lang='lat' dir='ltr'><strong>gubernatorem</strong></span> <span class='ocrx_word' id='word_1_553' title='bbox 1877 1719 2053 1770; x_wconf 88' lang='lat' dir='ltr'><strong>optimum</strong></span> <span class='ocrx_word' id='word_1_554' title='bbox 2081 1717 2192 1756; x_wconf 86' lang='lat' dir='ltr'><strong>dicat.</strong></span> 
     </span>
     <span class='ocr_line' id='line_1_75' title="bbox 1239 1778 2190 1825; baseline -0.002 -7"><span class='ocrx_word' id='word_1_555' title='bbox 1239 1779 1395 1818; x_wconf 87' lang='lat' dir='ltr'><strong>Proinde</strong></span> <span class='ocrx_word' id='word_1_556' title='bbox 1426 1794 1488 1818; x_wconf 89' lang='lat' dir='ltr'><strong>nec</strong></span> <span class='ocrx_word' id='word_1_557' title='bbox 1511 1780 1707 1817; x_wconf 80' lang='lat' dir='ltr'><strong>monachus</strong></span> <span class='ocrx_word' id='word_1_558' title='bbox 1737 1780 1932 1818; x_wconf 85' lang='lat' dir='ltr'><strong>admodum</strong></span> <span class='ocrx_word' id='word_1_559' title='bbox 1963 1778 2190 1825; x_wconf 90' lang='lat' dir='ltr'><strong>laudandus,</strong></span> 
     </span>
    </p>
   </div>
   <div class='ocr_carea' id='block_1_6' title="bbox 1286 303 1473 334">
    <p class='ocr_par' dir='ltr' id='par_1_6' title="bbox 1286 303 1473 334">
     <span class='ocr_line' id='line_1_76' title="bbox 1286 303 1473 334; baseline 0.011 -2"><span class='ocrx_word' id='word_1_560' title='bbox 1286 303 1369 333; x_wconf 73' lang='grc' dir='ltr'><strong>ΜΒ.</strong></span> <span class='ocrx_word' id='word_1_561' title='bbox 1411 303 1473 334; x_wconf 76' lang='lat' dir='ltr'><strong>VI·</strong></span> 
     </span>
    </p>
   </div>
   <div class='ocr_carea' id='block_1_7' title="bbox 1203 1839 2193 1892">
    <p class='ocr_par' dir='ltr' id='par_1_7' title="bbox 1203 1839 2193 1892">
     <span class='ocr_line' id='line_1_77' title="bbox 1203 1839 2193 1892; baseline -0.001 -15"><span class='ocrx_word' id='word_1_562' title='bbox 1203 1855 1210 1865; x_wconf 67' lang='lat'><strong>¹</strong></span> <span class='ocrx_word' id='word_1_563' title='bbox 1237 1840 1332 1892; x_wconf 83' lang='lat' dir='ltr'><strong>quod</strong></span> <span class='ocrx_word' id='word_1_564' title='bbox 1351 1839 1448 1892; x_wconf 89' lang='lat' dir='ltr'><strong>apud</strong></span> <span class='ocrx_word' id='word_1_565' title='bbox 1468 1854 1504 1877; x_wconf 89' lang='lat' dir='ltr'><strong>se</strong></span> <span class='ocrx_word' id='word_1_566' title='bbox 1523 1841 1647 1878; x_wconf 81' lang='lat' dir='ltr'><strong>vivens</strong></span> <span class='ocrx_word' id='word_1_567' title='bbox 1676 1854 1789 1890; x_wconf 90' lang='lat' dir='ltr'><strong>neque</strong></span> <span class='ocrx_word' id='word_1_568' title='bbox 1814 1840 1976 1878; x_wconf 87' lang='lat' dir='ltr'><strong>turbetur</strong></span> <span class='ocrx_word' id='word_1_569' title='bbox 1990 1870 1999 1887; x_wconf 89' lang='lat'>‚</span> <span class='ocrx_word' id='word_1_570' title='bbox 2018 1853 2130 1890; x_wconf 88' lang='lat' dir='ltr'><strong>neque</strong></span> <span class='ocrx_word' id='word_1_571' title='bbox 2156 1839 2193 1877; x_wconf 90' lang='lat' dir='ltr'><strong>in</strong></span> 
     </span>
    </p>
   </div>
   <div class='ocr_carea' id='block_1_8' title="bbox 1223 1900 2193 3292">
    <p class='ocr_par' dir='ltr' id='par_1_8' title="bbox 1223 1900 2193 3292">
     <span class='ocr_line' id='line_1_78' title="bbox 1236 1900 2192 1953; baseline -0.003 -13"><span class='ocrx_word' id='word_1_572' title='bbox 1236 1903 1348 1940; x_wconf 88' lang='lat' dir='ltr'><strong>multa</strong></span> <span class='ocrx_word' id='word_1_573' title='bbox 1369 1915 1567 1953; x_wconf 85' lang='lat' dir='ltr'><strong>magnaque</strong></span> <span class='ocrx_word' id='word_1_574' title='bbox 1595 1910 1737 1953; x_wconf 83' lang='lat' dir='ltr'><strong>peccata</strong></span> <span class='ocrx_word' id='word_1_575' title='bbox 1768 1901 1932 1946; x_wconf 85' lang='lat' dir='ltr'><strong>labatur;</strong></span> <span class='ocrx_word' id='word_1_576' title='bbox 1958 1914 2070 1950; x_wconf 85' lang='lat' dir='ltr'><strong>neque</strong></span> <span class='ocrx_word' id='word_1_577' title='bbox 2097 1900 2192 1937; x_wconf 89' lang='lat' dir='ltr'><strong>enim</strong></span> 
     </span>
     <span class='ocr_line' id='line_1_79' title="bbox 1236 1960 2191 2014; baseline -0.003 -13"><span class='ocrx_word' id='word_1_578' title='bbox 1236 1963 1455 2014; x_wconf 85' lang='lat' dir='ltr'><strong>adsuntquae</strong></span> <span class='ocrx_word' id='word_1_579' title='bbox 1486 1963 1649 2001; x_wconf 86' lang='lat' dir='ltr'><strong>animum</strong></span> <span class='ocrx_word' id='word_1_580' title='bbox 1674 1962 1847 2001; x_wconf 77' lang='lat' dir='ltr'><strong>lacessant</strong></span> <span class='ocrx_word' id='word_1_581' title='bbox 1861 1971 1895 2000; x_wconf 91' lang='lat' dir='ltr'><strong>et</strong></span> <span class='ocrx_word' id='word_1_582' title='bbox 1909 1962 2066 2000; x_wconf 87' lang='lat' dir='ltr'><strong>incitent.</strong></span> <span class='ocrx_word' id='word_1_583' title='bbox 2079 1960 2150 2000; x_wconf 86' lang='lat' dir='ltr'><strong>Sed</strong></span> <span class='ocrx_word' id='word_1_584' title='bbox 2163 1961 2191 1999; x_wconf 88' lang='lat' dir='ltr'><strong>si</strong></span> 
     </span>
     <span class='ocr_line' id='line_1_80' title="bbox 1237 2023 2192 2076; baseline -0.002 -14"><span class='ocrx_word' id='word_1_585' title='bbox 1237 2025 1317 2075; x_wconf 87' lang='lat' dir='ltr'><strong>quis</strong></span> <span class='ocrx_word' id='word_1_586' title='bbox 1331 2038 1404 2062; x_wconf 87' lang='lat' dir='ltr'><strong>sese</strong></span> <span class='ocrx_word' id='word_1_587' title='bbox 1419 2024 1454 2061; x_wconf 89' lang='lat' dir='ltr'><strong>in</strong></span> <span class='ocrx_word' id='word_1_588' title='bbox 1471 2024 1594 2062; x_wconf 87' lang='lat' dir='ltr'><strong>turbas</strong></span> <span class='ocrx_word' id='word_1_589' title='bbox 1610 2024 1800 2076; x_wconf 90' lang='lat' dir='ltr'><strong>conjecerit</strong></span> <span class='ocrx_word' id='word_1_590' title='bbox 1816 2054 1825 2072; x_wconf 89' lang='lat'>‚</span> <span class='ocrx_word' id='word_1_591' title='bbox 1841 2033 1873 2061; x_wconf 88' lang='lat' dir='ltr'><strong>et</strong></span> <span class='ocrx_word' id='word_1_592' title='bbox 1889 2023 2085 2061; x_wconf 90' lang='lat' dir='ltr'><strong>multorum</strong></span> <span class='ocrx_word' id='word_1_593' title='bbox 2102 2024 2192 2061; x_wconf 82' lang='lat' dir='ltr'><strong>ferre</strong></span> 
     </span>
     <span class='ocr_line' id='line_1_81' title="bbox 1236 2084 2191 2137; baseline 0.001 -16"><span class='ocrx_word' id='word_1_594' title='bbox 1236 2093 1378 2137; x_wconf 85' lang='lat' dir='ltr'><strong>peccata</strong></span> <span class='ocrx_word' id='word_1_595' title='bbox 1394 2093 1549 2134; x_wconf 82' lang='lat' dir='ltr'><strong>coactus,</strong></span> <span class='ocrx_word' id='word_1_596' title='bbox 1562 2084 1731 2122; x_wconf 85' lang='lat' dir='ltr'><strong>immotus</strong></span> <span class='ocrx_word' id='word_1_597' title='bbox 1741 2085 1942 2135; x_wconf 83' lang='lat' dir='ltr'><strong>firmusque</strong></span> <span class='ocrx_word' id='word_1_598' title='bbox 1954 2085 2136 2127; x_wconf 79' lang='lat' dir='ltr'><strong>manserit,</strong></span> <span class='ocrx_word' id='word_1_599' title='bbox 2155 2098 2191 2122; x_wconf 74' lang='lat' dir='ltr'><strong>tn</strong></span> 
     </span>
     <span class='ocr_line' id='line_1_82' title="bbox 1235 2145 2191 2197; baseline -0.002 -13"><span class='ocrx_word' id='word_1_600' title='bbox 1235 2155 1441 2197; x_wconf 85' lang='lat' dir='ltr'><strong>tempestate</strong></span> <span class='ocrx_word' id='word_1_601' title='bbox 1450 2145 1549 2195; x_wconf 87' lang='lat' dir='ltr'><strong>quasi</strong></span> <span class='ocrx_word' id='word_1_602' title='bbox 1561 2146 1756 2196; x_wconf 85' lang='lat' dir='ltr'><strong>tranquillo</strong></span> <span class='ocrx_word' id='word_1_603' title='bbox 1769 2155 1924 2197; x_wconf 89' lang='lat' dir='ltr'><strong>tempore</strong></span> <span class='ocrx_word' id='word_1_604' title='bbox 1939 2147 2097 2183; x_wconf 89' lang='lat' dir='ltr'><strong>animum</strong></span> <span class='ocrx_word' id='word_1_605' title='bbox 2116 2159 2191 2196; x_wconf 89' lang='lat' dir='ltr'><strong>gu-</strong></span> 
     </span>
     <span class='ocr_line' id='line_1_83' title="bbox 1235 2206 2192 2259; baseline -0.001 -14"><span class='ocrx_word' id='word_1_606' title='bbox 1235 2208 1386 2245; x_wconf 86' lang='lat' dir='ltr'><strong>bernans</strong></span> <span class='ocrx_word' id='word_1_607' title='bbox 1407 2220 1523 2254; x_wconf 89' lang='lat' dir='ltr'><strong>suum,</strong></span> <span class='ocrx_word' id='word_1_608' title='bbox 1539 2206 1599 2244; x_wconf 87' lang='lat' dir='ltr'><strong>bic</strong></span> <span class='ocrx_word' id='word_1_609' title='bbox 1618 2207 1717 2259; x_wconf 85' lang='lat' dir='ltr'><strong>apud</strong></span> <span class='ocrx_word' id='word_1_610' title='bbox 1736 2221 1856 2245; x_wconf 89' lang='lat' dir='ltr'><strong>omnes</strong></span> <span class='ocrx_word' id='word_1_611' title='bbox 1873 2207 2000 2259; x_wconf 87' lang='lat' dir='ltr'><strong>plausu</strong></span> <span class='ocrx_word' id='word_1_612' title='bbox 2022 2215 2055 2244; x_wconf 88' lang='lat' dir='ltr'><strong>et</strong></span> <span class='ocrx_word' id='word_1_613' title='bbox 2076 2206 2192 2244; x_wconf 83' lang='lat' dir='ltr'><strong>admi-</strong></span> 
     </span>
     <span class='ocr_line' id='line_1_84' title="bbox 1237 2267 2193 2320; baseline 0 -14"><span class='ocrx_word' id='word_1_614' title='bbox 1237 2270 1371 2306; x_wconf 89' lang='lat' dir='ltr'><strong>ratione</strong></span> <span class='ocrx_word' id='word_1_615' title='bbox 1383 2267 1709 2318; x_wconf 84' lang='lat' dir='ltr'><strong>dignus:idoneum</strong></span> <span class='ocrx_word' id='word_1_616' title='bbox 1727 2268 1860 2320; x_wconf 85' lang='lat' dir='ltr'><strong>quippe</strong></span> <span class='ocrx_word' id='word_1_617' title='bbox 1877 2268 2021 2305; x_wconf 80' lang='lat' dir='ltr'><strong>virtutis</strong></span> <span class='ocrx_word' id='word_1_618' title='bbox 2041 2281 2112 2304; x_wconf 68' lang='lat' dir='ltr'><strong>sure</strong></span> <span class='ocrx_word' id='word_1_619' title='bbox 2130 2282 2193 2306; x_wconf 72' lang='lat' dir='ltr'><strong>ex-</strong></span> 
     </span>
     <span class='ocr_line' id='line_1_85' title="bbox 1239 2328 2192 2380; baseline 0.001 -15"><span class='ocrx_word' id='word_1_620' title='bbox 1239 2329 1477 2380; x_wconf 87' lang='lat' dir='ltr'><strong>perimentum</strong></span> <span class='ocrx_word' id='word_1_621' title='bbox 1494 2328 1607 2366; x_wconf 79' lang='lat' dir='ltr'><strong>dedit.</strong></span> <span class='ocrx_word' id='word_1_622' title='bbox 1631 2329 1685 2365; x_wconf 81' lang='lat' dir='ltr'><strong>Ne</strong></span> <span class='ocrx_word' id='word_1_623' title='bbox 1710 2328 1828 2378; x_wconf 83' lang='lat' dir='ltr'><strong>itaque</strong></span> <span class='ocrx_word' id='word_1_624' title='bbox 1852 2328 1992 2365; x_wconf 84' lang='lat' dir='ltr'><strong>mireris</strong></span> <span class='ocrx_word' id='word_1_625' title='bbox 2004 2358 2013 2372; x_wconf 88' lang='lat'><em>,</em></span> <span class='ocrx_word' id='word_1_626' title='bbox 2029 2328 2058 2365; x_wconf 90' lang='lat' dir='ltr'><strong>si</strong></span> <span class='ocrx_word' id='word_1_627' title='bbox 2075 2328 2192 2366; x_wconf 86' lang='lat' dir='ltr'><strong>sorum</strong></span> 
     </span>
     <span class='ocr_line' id='line_1_86' title="bbox 1239 2388 2191 2438; baseline 0 -12"><span class='ocrx_word' id='word_1_628' title='bbox 1239 2389 1503 2438; x_wconf 83' lang='lat' dir='ltr'><strong>multorumque</strong></span> <span class='ocrx_word' id='word_1_629' title='bbox 1518 2388 1735 2425; x_wconf 89' lang='lat' dir='ltr'><strong>consortium</strong></span> <span class='ocrx_word' id='word_1_630' title='bbox 1755 2388 1949 2438; x_wconf 77' lang='lat' dir='ltr'><strong>fugientes,</strong></span> <span class='ocrx_word' id='word_1_631' title='bbox 1970 2398 2191 2426; x_wconf 78' lang='lat' dir='ltr'><strong>accusatores</strong></span> 
     </span>
     <span class='ocr_line' id='line_1_87' title="bbox 1237 2448 2191 2498; baseline 0.001 -12"><span class='ocrx_word' id='word_1_632' title='bbox 1237 2449 1368 2487; x_wconf 81' lang='lat' dir='ltr'><strong>multos</strong></span> <span class='ocrx_word' id='word_1_633' title='bbox 1388 2463 1456 2486; x_wconf 85' lang='lat' dir='ltr'><strong>nun</strong></span> <span class='ocrx_word' id='word_1_634' title='bbox 1474 2449 1665 2486; x_wconf 84' lang='lat' dir='ltr'><strong>habeamus</strong></span> <span class='ocrx_word' id='word_1_635' title='bbox 1683 2464 1690 2484; x_wconf 91' lang='lat'>:</span> <span class='ocrx_word' id='word_1_636' title='bbox 1713 2462 1825 2498; x_wconf 86' lang='lat' dir='ltr'><strong>neque</strong></span> <span class='ocrx_word' id='word_1_637' title='bbox 1845 2448 1939 2485; x_wconf 87' lang='lat' dir='ltr'><strong>enim</strong></span> <span class='ocrx_word' id='word_1_638' title='bbox 1960 2449 1988 2485; x_wconf 89' lang='lat' dir='ltr'><strong>si</strong></span> <span class='ocrx_word' id='word_1_639' title='bbox 2010 2449 2191 2487; x_wconf 79' lang='lat' dir='ltr'><strong>dormiens</strong></span> 
     </span>
     <span class='ocr_line' id='line_1_88' title="bbox 1237 2510 2188 2562; baseline 0.002 -15"><span class='ocrx_word' id='word_1_640' title='bbox 1237 2524 1304 2547; x_wconf 92' lang='lat' dir='ltr'><strong>non</strong></span> <span class='ocrx_word' id='word_1_641' title='bbox 1321 2524 1503 2562; x_wconf 80' lang='lat' dir='ltr'><strong>peccarem</strong></span> <span class='ocrx_word' id='word_1_642' title='bbox 1521 2540 1530 2557; x_wconf 90' lang='lat'>‚</span> <span class='ocrx_word' id='word_1_643' title='bbox 1543 2519 1604 2547; x_wconf 87' lang='lat' dir='ltr'><strong>aut</strong></span> <span class='ocrx_word' id='word_1_644' title='bbox 1620 2523 1688 2547; x_wconf 89' lang='lat' dir='ltr'><strong>non</strong></span> <span class='ocrx_word' id='word_1_645' title='bbox 1708 2510 1902 2547; x_wconf 82' lang='lat' dir='ltr'><strong>colluctans</strong></span> <span class='ocrx_word' id='word_1_646' title='bbox 1918 2524 1986 2547; x_wconf 88' lang='lat' dir='ltr'><strong>non</strong></span> <span class='ocrx_word' id='word_1_647' title='bbox 2005 2510 2167 2549; x_wconf 78' lang='lat' dir='ltr'><strong>caderem</strong></span> <span class='ocrx_word' id='word_1_648' title='bbox 2179 2540 2188 2557; x_wconf 87' lang='lat'><strong><em>‚</em></strong></span> 
     </span>
     <span class='ocr_line' id='line_1_89' title="bbox 1234 2571 2188 2623; baseline 0.002 -15"><span class='ocrx_word' id='word_1_649' title='bbox 1234 2582 1294 2609; x_wconf 74' lang='lat' dir='ltr'><strong>aiut</strong></span> <span class='ocrx_word' id='word_1_650' title='bbox 1315 2586 1382 2608; x_wconf 86' lang='lat' dir='ltr'><strong>non</strong></span> <span class='ocrx_word' id='word_1_651' title='bbox 1402 2585 1564 2623; x_wconf 81' lang='lat' dir='ltr'><strong>pugnans</strong></span> <span class='ocrx_word' id='word_1_652' title='bbox 1578 2585 1644 2608; x_wconf 87' lang='lat' dir='ltr'><strong>non</strong></span> <span class='ocrx_word' id='word_1_653' title='bbox 1666 2571 1888 2614; x_wconf 76' lang='lat' dir='ltr'><strong>se1·ircr.ideo</strong></span> <span class='ocrx_word' id='word_1_654' title='bbox 1903 2571 2026 2608; x_wconf 73' lang='lat' dir='ltr'><strong>mirari</strong></span> <span class='ocrx_word' id='word_1_655' title='bbox 2043 2581 2188 2623; x_wconf 83' lang='lat' dir='ltr'><strong>oporte-</strong></span> 
     </span>
     <span class='ocr_line' id='line_1_90' title="bbox 1233 2632 2187 2683; baseline 0.002 -14"><span class='ocrx_word' id='word_1_656' title='bbox 1233 2642 1300 2670; x_wconf 87' lang='lat' dir='ltr'><strong>ret.</strong></span> <span class='ocrx_word' id='word_1_657' title='bbox 1313 2632 1420 2681; x_wconf 83' lang='lat' dir='ltr'><strong>Quis,</strong></span> <span class='ocrx_word' id='word_1_658' title='bbox 1433 2646 1567 2682; x_wconf 69' lang='lat' dir='ltr'><strong>quarso,</strong></span> <span class='ocrx_word' id='word_1_659' title='bbox 1582 2632 1662 2682; x_wconf 84' lang='lat' dir='ltr'><strong>quis</strong></span> <span class='ocrx_word' id='word_1_660' title='bbox 1678 2632 1940 2683; x_wconf 77' lang='lat' dir='ltr'><strong>improbitatem</strong></span> <span class='ocrx_word' id='word_1_661' title='bbox 1957 2646 2070 2669; x_wconf 76' lang='lat' dir='ltr'><strong>meam</strong></span> <span class='ocrx_word' id='word_1_662' title='bbox 2086 2647 2187 2671; x_wconf 79' lang='lat' dir='ltr'><strong>reve-</strong></span> 
     </span>
     <span class='ocr_line' id='line_1_91' title="bbox 1232 2692 2186 2745; baseline 0.002 -16"><span class='ocrx_word' id='word_1_663' title='bbox 1232 2692 1306 2730; x_wconf 81' lang='lat' dir='ltr'><strong>lare</strong></span> <span class='ocrx_word' id='word_1_664' title='bbox 1327 2693 1478 2745; x_wconf 69' lang='lat' dir='ltr'><strong>poterit?</strong></span> <span class='ocrx_word' id='word_1_665' title='bbox 1494 2707 1536 2729; x_wconf 87' lang='lat' dir='ltr'><strong>an</strong></span> <span class='ocrx_word' id='word_1_666' title='bbox 1558 2701 1700 2738; x_wconf 81' lang='lat' dir='ltr'><strong>tectum,</strong></span> <span class='ocrx_word' id='word_1_667' title='bbox 1718 2706 1760 2729; x_wconf 82' lang='lat' dir='ltr'><strong>an</strong></span> <span class='ocrx_word' id='word_1_668' title='bbox 1781 2692 1900 2729; x_wconf 64' lang='lat' dir='ltr'><strong>aedes?</strong></span> <span class='ocrx_word' id='word_1_669' title='bbox 1934 2696 1977 2729; x_wconf 75' lang='lat' dir='ltr'><strong>At</strong></span> <span class='ocrx_word' id='word_1_670' title='bbox 2003 2706 2044 2730; x_wconf 89' lang='lat' dir='ltr'><strong>ne</strong></span> <span class='ocrx_word' id='word_1_671' title='bbox 2065 2706 2186 2731; x_wconf 72' lang='lat' dir='ltr'><strong>vocem</strong></span> 
     </span>
     <span class='ocr_line' id='line_1_92' title="bbox 1229 2753 2185 2805; baseline 0.002 -15"><span class='ocrx_word' id='word_1_672' title='bbox 1229 2754 1373 2805; x_wconf 81' lang='lat' dir='ltr'><strong>quidem</strong></span> <span class='ocrx_word' id='word_1_673' title='bbox 1389 2753 1548 2790; x_wconf 81' lang='lat' dir='ltr'><strong>emittere</strong></span> <span class='ocrx_word' id='word_1_674' title='bbox 1564 2753 1710 2805; x_wconf 81' lang='lat' dir='ltr'><strong>possint.</strong></span> <span class='ocrx_word' id='word_1_675' title='bbox 1727 2756 1777 2789; x_wconf 74' lang='lat' dir='ltr'><strong>An</strong></span> <span class='ocrx_word' id='word_1_676' title='bbox 1791 2762 1901 2790; x_wconf 80' lang='lat' dir='ltr'><strong>mater</strong></span> <span class='ocrx_word' id='word_1_677' title='bbox 1917 2753 2113 2804; x_wconf 80' lang='lat' dir='ltr'><strong>potius.cui</strong></span> <span class='ocrx_word' id='word_1_678' title='bbox 2130 2769 2185 2792; x_wconf 85' lang='lat' dir='ltr'><strong>res</strong></span> 
     </span>
     <span class='ocr_line' id='line_1_93' title="bbox 1227 2814 2184 2866; baseline 0.001 -14"><span class='ocrx_word' id='word_1_679' title='bbox 1227 2830 1347 2852; x_wconf 77' lang='lat' dir='ltr'><strong>omnes</strong></span> <span class='ocrx_word' id='word_1_680' title='bbox 1374 2829 1457 2851; x_wconf 66' lang='lat' dir='ltr'><strong>mear</strong></span> <span class='ocrx_word' id='word_1_681' title='bbox 1478 2823 1567 2852; x_wconf 81' lang='lat' dir='ltr'><strong>nota:</strong></span> <span class='ocrx_word' id='word_1_682' title='bbox 1588 2814 1699 2851; x_wconf 72' lang='lat' dir='ltr'><strong>sunt?</strong></span> <span class='ocrx_word' id='word_1_683' title='bbox 1721 2818 1762 2851; x_wconf 65' lang='lat' dir='ltr'><strong>A(</strong></span> <span class='ocrx_word' id='word_1_684' title='bbox 1784 2828 1825 2851; x_wconf 88' lang='lat' dir='ltr'><strong>ne</strong></span> <span class='ocrx_word' id='word_1_685' title='bbox 1845 2828 1924 2850; x_wconf 83' lang='lat' dir='ltr'><strong>cum</strong></span> <span class='ocrx_word' id='word_1_686' title='bbox 1950 2814 2011 2851; x_wconf 79' lang='lat' dir='ltr'><strong>illa</strong></span> <span class='ocrx_word' id='word_1_687' title='bbox 2037 2814 2184 2866; x_wconf 82' lang='lat' dir='ltr'><strong>quidem</strong></span> 
     </span>
     <span class='ocr_line' id='line_1_94' title="bbox 1227 2873 2183 2926; baseline 0.001 -13"><span class='ocrx_word' id='word_1_688' title='bbox 1227 2876 1315 2913; x_wconf 77' lang='lat' dir='ltr'><strong>milii</strong></span> <span class='ocrx_word' id='word_1_689' title='bbox 1328 2875 1543 2912; x_wconf 75' lang='lat' dir='ltr'><strong>consortium</strong></span> <span class='ocrx_word' id='word_1_690' title='bbox 1558 2875 1840 2925; x_wconf 76' lang='lat' dir='ltr'><strong>est‚nequ‹=inter</strong></span> <span class='ocrx_word' id='word_1_691' title='bbox 1852 2888 1913 2910; x_wconf 80' lang='lat' dir='ltr'><strong>nos</strong></span> <span class='ocrx_word' id='word_1_692' title='bbox 1929 2873 1998 2911; x_wconf 82' lang='lat' dir='ltr'><strong>ulla</strong></span> <span class='ocrx_word' id='word_1_693' title='bbox 2014 2888 2183 2926; x_wconf 79' lang='lat' dir='ltr'><strong>umquam</strong></span> 
     </span>
     <span class='ocr_line' id='line_1_95' title="bbox 1226 2934 2177 2986; baseline 0 -12"><span class='ocrx_word' id='word_1_694' title='bbox 1226 2937 1302 2974; x_wconf 81' lang='lat' dir='ltr'><strong>rixa</strong></span> <span class='ocrx_word' id='word_1_695' title='bbox 1321 2937 1466 2973; x_wconf 79' lang='lat' dir='ltr'><strong>suborta</strong></span> <span class='ocrx_word' id='word_1_696' title='bbox 1486 2945 1536 2973; x_wconf 82' lang='lat' dir='ltr'><strong>est</strong></span> <span class='ocrx_word' id='word_1_697' title='bbox 1562 2951 1568 2971; x_wconf 91' lang='lat'>:</span> <span class='ocrx_word' id='word_1_698' title='bbox 1590 2935 1683 2986; x_wconf 80' lang='lat' dir='ltr'><strong>quod</strong></span> <span class='ocrx_word' id='word_1_699' title='bbox 1704 2935 1839 2972; x_wconf 68' lang='lat' dir='ltr'><strong>etiamsi</strong></span> <span class='ocrx_word' id='word_1_700' title='bbox 1859 2934 2058 2983; x_wconf 70' lang='lat' dir='ltr'><strong>accidisset,</strong></span> <span class='ocrx_word' id='word_1_701' title='bbox 2078 2936 2177 2974; x_wconf 71' lang='lat' dir='ltr'><strong>nulla</strong></span> 
     </span>
     <span class='ocr_line' id='line_1_96' title="bbox 1227 2997 2181 3049; baseline 0.002 -15"><span class='ocrx_word' id='word_1_702' title='bbox 1227 3007 1336 3035; x_wconf 77' lang='lat' dir='ltr'><strong>mater</strong></span> <span class='ocrx_word' id='word_1_703' title='bbox 1357 2997 1405 3034; x_wconf 81' lang='lat' dir='ltr'><strong>sie</strong></span> <span class='ocrx_word' id='word_1_704' title='bbox 1423 2997 1553 3034; x_wconf 69' lang='lat' dir='ltr'><strong>‚unm-is.</strong></span> <span class='ocrx_word' id='word_1_705' title='bbox 1573 3006 1605 3033; x_wconf 87' lang='lat' dir='ltr'><strong>et</strong></span> <span class='ocrx_word' id='word_1_706' title='bbox 1626 2997 1774 3033; x_wconf 69' lang='lat' dir='ltr'><strong>:iffi-ctus</strong></span> <span class='ocrx_word' id='word_1_707' title='bbox 1793 3010 1874 3046; x_wconf 66' lang='lat' dir='ltr'><strong>erga</strong></span> <span class='ocrx_word' id='word_1_708' title='bbox 1898 2997 2032 3048; x_wconf 81' lang='lat' dir='ltr'><strong>prolem</strong></span> <span class='ocrx_word' id='word_1_709' title='bbox 2053 3011 2181 3049; x_wconf 66' lang='lat' dir='ltr'><strong>expem</strong></span> 
     </span>
     <span class='ocr_line' id='line_1_97' title="bbox 1226 3056 2181 3108; baseline 0 -13"><span class='ocrx_word' id='word_1_710' title='bbox 1226 3059 1387 3100; x_wconf 61' lang='lat' dir='ltr'><strong>sin-rimu</strong></span> <span class='ocrx_word' id='word_1_711' title='bbox 1404 3071 1508 3108; x_wconf 76' lang='lat' dir='ltr'><strong>quem</strong></span> <span class='ocrx_word' id='word_1_712' title='bbox 1524 3057 1726 3108; x_wconf 73' lang='lat' dir='ltr'><strong>parturivit,</strong></span> <span class='ocrx_word' id='word_1_713' title='bbox 1745 3057 1893 3108; x_wconf 74' lang='lat' dir='ltr'><strong>peperit,</strong></span> <span class='ocrx_word' id='word_1_714' title='bbox 1908 3056 2085 3101; x_wconf 69' lang='lat' dir='ltr'><strong>minem-it,</strong></span> <span class='ocrx_word' id='word_1_715' title='bbox 2097 3058 2181 3095; x_wconf 82' lang='lat' dir='ltr'><strong>nut-</strong></span> 
     </span>
     <span class='ocr_line' id='line_1_98' title="bbox 1226 3118 2179 3170; baseline 0 -14"><span class='ocrx_word' id='word_1_716' title='bbox 1226 3121 1256 3157; x_wconf 78' lang='lat' dir='ltr'><strong>la</strong></span> <span class='ocrx_word' id='word_1_717' title='bbox 1291 3119 1494 3170; x_wconf 69' lang='lat' dir='ltr'><strong>inqu-{lente</strong></span> <span class='ocrx_word' id='word_1_718' title='bbox 1524 3132 1626 3154; x_wconf 70' lang='lat' dir='ltr'><strong>caiisa</strong></span> <span class='ocrx_word' id='word_1_719' title='bbox 1657 3118 1825 3167; x_wconf 63' lang='lat' dir='ltr'><strong>miliaque</strong></span> <span class='ocrx_word' id='word_1_720' title='bbox 1854 3127 2013 3167; x_wconf 69' lang='lat' dir='ltr'><strong>cogente.</strong></span> <span class='ocrx_word' id='word_1_721' title='bbox 2038 3128 2179 3158; x_wconf 70' lang='lat' dir='ltr'><strong>accuset</strong></span> 
     </span>
     <span class='ocr_line' id='line_1_99' title="bbox 1225 3178 2179 3230; baseline 0.001 -13"><span class='ocrx_word' id='word_1_722' title='bbox 1225 3190 1330 3230; x_wconf 77' lang='lat' dir='ltr'><strong>:itque</strong></span> <span class='ocrx_word' id='word_1_723' title='bbox 1350 3180 1557 3217; x_wconf 70' lang='lat' dir='ltr'><strong>criminetur</strong></span> <span class='ocrx_word' id='word_1_724' title='bbox 1574 3178 1669 3230; x_wconf 74' lang='lat' dir='ltr'><strong>apud</strong></span> <span class='ocrx_word' id='word_1_725' title='bbox 1685 3192 1817 3216; x_wconf 64' lang='lat' dir='ltr'><strong>‹unni-s.</strong></span> <span class='ocrx_word' id='word_1_726' title='bbox 1841 3180 1928 3216; x_wconf 72' lang='lat' dir='ltr'><strong>Natu</strong></span> <span class='ocrx_word' id='word_1_727' title='bbox 1944 3179 1972 3216; x_wconf 73' lang='lat' dir='ltr'><strong>si</strong></span> <span class='ocrx_word' id='word_1_728' title='bbox 1993 3180 2072 3229; x_wconf 76' lang='lat' dir='ltr'><strong>quis</strong></span> <span class='ocrx_word' id='word_1_729' title='bbox 2089 3180 2179 3218; x_wconf 69' lang='lat' dir='ltr'><strong>allo·</strong></span> 
     </span>
     <span class='ocr_line' id='line_1_100' title="bbox 1223 3238 2178 3292; baseline 0.001 -14"><span class='ocrx_word' id='word_1_730' title='bbox 1223 3243 1308 3292; x_wconf 78' lang='grc' dir='ltr'>ιμιιιι</span> <span class='ocrx_word' id='word_1_731' title='bbox 1328 3242 1417 3278; x_wconf 69' lang='lat' dir='ltr'><strong>lianc</strong></span> <span class='ocrx_word' id='word_1_732' title='bbox 1437 3240 1591 3277; x_wconf 73' lang='lat' dir='ltr'><strong>animum</strong></span> <span class='ocrx_word' id='word_1_733' title='bbox 1611 3249 1764 3277; x_wconf 66' lang='lat' dir='ltr'><strong>nostium</strong></span> <span class='ocrx_word' id='word_1_734' title='bbox 1784 3238 1974 3289; x_wconf 69' lang='lat' dir='ltr'><strong>diligenter</strong></span> <span class='ocrx_word' id='word_1_735' title='bbox 1991 3240 2178 3290; x_wconf 71' lang='lat' dir='ltr'><strong>explorare</strong></span> 
     </span>
    </p>
   </div>
   <div class='ocr_carea' id='block_1_9' title="bbox 134 3299 2177 3354">
    <p class='ocr_par' dir='ltr' id='par_1_9' title="bbox 134 3299 2177 3354">
     <span class='ocr_line' id='line_1_101' title="bbox 134 3299 2177 3354; baseline -0 -15"><span class='ocrx_word' id='word_1_736' title='bbox 134 3302 233 3346; x_wconf 75' lang='grc' dir='ltr'>αὐτὸς</span> <span class='ocrx_word' id='word_1_737' title='bbox 254 3305 385 3353; x_wconf 81' lang='grc' dir='ltr'>ἀγνοεῖς</span> <span class='ocrx_word' id='word_1_738' title='bbox 413 3306 430 3341; x_wconf 83' lang='grc' dir='ltr'>ὁ</span> <span class='ocrx_word' id='word_1_739' title='bbox 455 3304 608 3354; x_wconf 87' lang='grc' dir='ltr'>μάλιστα</span> <span class='ocrx_word' id='word_1_740' title='bbox 639 3305 777 3343; x_wconf 81' lang='grc' dir='ltr'>πάντων</span> <span class='ocrx_word' id='word_1_741' title='bbox 812 3308 904 3353; x_wconf 70' lang='grc' dir='ltr'>ἡμᾶς</span> <span class='ocrx_word' id='word_1_742' title='bbox 938 3310 1006 3346; x_wconf 81' lang='grc' dir='ltr'>τοῖς</span> <span class='ocrx_word' id='word_1_743' title='bbox 1042 3305 1149 3353; x_wconf 76' lang='grc' dir='ltr'>ἐγκω-</span> <span class='ocrx_word' id='word_1_744' title='bbox 1179 3313 1200 3342; x_wconf 70' lang='lat' dir='ltr'>E</span> <span class='ocrx_word' id='word_1_745' title='bbox 1227 3301 1491 3346; x_wconf 58' lang='lat' dir='ltr'><strong>wlnerstmmla</strong></span> <span class='ocrx_word' id='word_1_746' title='bbox 1516 3301 1626 3337; x_wconf 66' lang='lat' dir='ltr'><strong>”inulta</strong></span> <span class='ocrx_word' id='word_1_747' title='bbox 1650 3299 1970 3352; x_wconf 71' lang='lat' dir='ltr'><strong>reperiet.ipseque</strong></span> <span class='ocrx_word' id='word_1_748' title='bbox 1990 3314 2058 3338; x_wconf 84' lang='lat' dir='ltr'><strong>non</strong></span> <span class='ocrx_word' id='word_1_749' title='bbox 2079 3301 2177 3353; x_wconf 74' lang='lat' dir='ltr'><strong>iguo-</strong></span> 
     </span>
    </p>
   </div>
   <div class='ocr_carea' id='block_1_10' title="bbox 174 3417 473 3509">
    <p class='ocr_par' dir='ltr' id='par_1_10' title="bbox 174 3417 473 3509">
     <span class='ocr_line' id='line_1_102' title="bbox 182 3417 473 3462; baseline 0.014 -13"><span class='ocrx_word' id='word_1_750' title='bbox 182 3430 186 3441; x_wconf 85' lang='lat'>·</span> <span class='ocrx_word' id='word_1_751' title='bbox 214 3417 277 3450; x_wconf 75' lang='lat' dir='ltr'><strong>Alii</strong></span> <span class='ocrx_word' id='word_1_752' title='bbox 292 3425 473 3462; x_wconf 67' lang='grc' dir='ltr'>θαυμαστόν.</span> 
     </span>
     <span class='ocr_line' id='line_1_103' title="bbox 174 3470 418 3509; baseline 0.016 -10"><span class='ocrx_word' id='word_1_753' title='bbox 174 3473 188 3493; x_wconf 71' lang='lat' dir='ltr'><strong>l&#39;</strong></span> <span class='ocrx_word' id='word_1_754' title='bbox 218 3470 275 3502; x_wconf 65' lang='lat' dir='ltr'><strong>Alii</strong></span> <span class='ocrx_word' id='word_1_755' title='bbox 294 3478 337 3506; x_wconf 60' lang='grc' dir='ltr'><strong>ὅτι</strong></span> <span class='ocrx_word' id='word_1_756' title='bbox 356 3480 418 3509; x_wconf 61' lang='grc' dir='ltr'>τήν.</span> 
     </span>
    </p>
   </div>
   <div class='ocr_carea' id='block_1_11' title="bbox 1211 3418 2109 3461">
    <p class='ocr_par' dir='ltr' id='par_1_11' title="bbox 1211 3418 2109 3461">
     <span class='ocr_line' id='line_1_104' title="bbox 1211 3418 2109 3461; baseline -0.001 -12"><span class='ocrx_word' id='word_1_757' title='bbox 1211 3434 1215 3442; x_wconf 81' lang='lat'>=</span> <span class='ocrx_word' id='word_1_758' title='bbox 1250 3419 1306 3449; x_wconf 55' lang='lat' dir='ltr'><strong>:ihi</strong></span> <span class='ocrx_word' id='word_1_759' title='bbox 1326 3421 1492 3461; x_wconf 19' lang='lat' dir='ltr'><strong>ingltay&#39;ml</strong></span> <span class='ocrx_word' id='word_1_760' title='bbox 1520 3419 1605 3448; x_wconf 70' lang='lat' dir='ltr'><strong>luha</strong></span> <span class='ocrx_word' id='word_1_761' title='bbox 1628 3418 1727 3450; x_wconf 52' lang='lat' dir='ltr'><strong>seuit.</strong></span> <span class='ocrx_word' id='word_1_762' title='bbox 1752 3426 1863 3461; x_wconf 37' lang='lat' dir='ltr'><strong>:ni-&gt;ine</strong></span> <span class='ocrx_word' id='word_1_763' title='bbox 1891 3420 2109 3460; x_wconf 40' lang='lat' dir='ltr'><strong>ptuit-0135]</strong></span> 
     </span>
    </p>
   </div>
   <div class='ocr_carea' id='block_1_12' title="bbox 2209 948 2400 1193">
    <p class='ocr_par' dir='ltr' id='par_1_12' title="bbox 2209 948 2400 1193">
     <span class='ocr_line' id='line_1_105' title="bbox 2255 948 2400 989; baseline -0.007 -10"><span class='ocrx_word' id='word_1_764' title='bbox 2255 949 2285 979; x_wconf 84' lang='grc'><strong>6.</strong></span> <span class='ocrx_word' id='word_1_765' title='bbox 2303 948 2400 989; x_wconf 81' lang='lat' dir='ltr'><strong>Major</strong></span> 
     </span>
     <span class='ocr_line' id='line_1_106' title="bbox 2250 993 2399 1019; baseline 0.013 -2"><span class='ocrx_word' id='word_1_766' title='bbox 2250 993 2342 1018; x_wconf 83' lang='lat' dir='ltr'><strong>virtus</strong></span> <span class='ocrx_word' id='word_1_767' title='bbox 2368 993 2399 1019; x_wconf 84' lang='lat' dir='ltr'><strong>iu</strong></span> 
     </span>
     <span class='ocr_line' id='line_1_107' title="bbox 2242 1035 2395 1069; baseline 0.013 -11"><span class='ocrx_word' id='word_1_768' title='bbox 2242 1035 2395 1069; x_wconf 66' lang='lat' dir='ltr'><strong>episcope„</strong></span> 
     </span>
     <span class='ocr_line' id='line_1_108' title="bbox 2251 1074 2399 1110; baseline 0.007 -10"><span class='ocrx_word' id='word_1_769' title='bbox 2251 1083 2338 1110; x_wconf 83' lang='lat' dir='ltr'><strong>quam</strong></span> <span class='ocrx_word' id='word_1_770' title='bbox 2368 1074 2399 1101; x_wconf 86' lang='lat' dir='ltr'><strong>in</strong></span> 
     </span>
     <span class='ocr_line' id='line_1_109' title="bbox 2258 1114 2399 1143; baseline -0.007 -2"><span class='ocrx_word' id='word_1_771' title='bbox 2258 1114 2399 1143; x_wconf 81' lang='lat' dir='ltr'><strong>monacho</strong></span> 
     </span>
     <span class='ocr_line' id='line_1_110' title="bbox 2209 1157 2384 1193; baseline 0.011 -11"><span class='ocrx_word' id='word_1_772' title='bbox 2209 1157 2384 1193; x_wconf 85' lang='lat' dir='ltr'><strong>requiritur.</strong></span> 
     </span>
    </p>
   </div>
   <div class='ocr_carea' id='block_1_13' title="bbox 2207 1981 2398 2051">
    <p class='ocr_par' dir='ltr' id='par_1_13' title="bbox 2207 1981 2398 2051">
     <span class='ocr_line' id='line_1_111' title="bbox 2257 1981 2398 2019; baseline 0.007 -11"><span class='ocrx_word' id='word_1_773' title='bbox 2257 1990 2285 2018; x_wconf 76' lang='lat'><strong>7.</strong></span> <span class='ocrx_word' id='word_1_774' title='bbox 2298 1981 2398 2019; x_wconf 79' lang='lat' dir='ltr'><strong>Longe</strong></span> 
     </span>
     <span class='ocr_line' id='line_1_112' title="bbox 2207 2022 2396 2051; baseline 0.005 -1"><span class='ocrx_word' id='word_1_775' title='bbox 2207 2022 2250 2050; x_wconf 69' lang='lat' dir='ltr'><strong>dix</strong></span> <span class='ocrx_word' id='word_1_776' title='bbox 2259 2033 2320 2051; x_wconf 82' lang='lat' dir='ltr'><strong>ersa</strong></span> <span class='ocrx_word' id='word_1_777' title='bbox 2337 2026 2396 2051; x_wconf 71' lang='lat' dir='ltr'><strong>vm</strong></span> 
     </span>
    </p>
   </div>
   <div class='ocr_carea' id='block_1_14' title="bbox 2158 2065 2395 2101">
    <p class='ocr_par' dir='ltr' id='par_1_14' title="bbox 2158 2065 2395 2101">
     <span class='ocr_line' id='line_1_113' title="bbox 2158 2065 2395 2101; baseline 0.004 -11"><span class='ocrx_word' id='word_1_778' title='bbox 2158 2084 2165 2090; x_wconf 95' lang='lat'>.</span> <span class='ocrx_word' id='word_1_779' title='bbox 2207 2065 2334 2101; x_wconf 78' lang='lat' dir='ltr'><strong>episcopi</strong></span> <span class='ocrx_word' id='word_1_780' title='bbox 2381 2074 2395 2091; x_wconf 83' lang='lat' dir='ltr'><strong>a</strong></span> 
     </span>
    </p>
   </div>
   <div class='ocr_carea' id='block_1_15' title="bbox 2207 2108 2375 2134">
    <p class='ocr_par' dir='ltr' id='par_1_15' title="bbox 2207 2108 2375 2134">
     <span class='ocr_line' id='line_1_114' title="bbox 2207 2108 2375 2134; baseline -0.006 -1"><span class='ocrx_word' id='word_1_781' title='bbox 2207 2108 2375 2134; x_wconf 76' lang='lat' dir='ltr'><strong>monastica.</strong></span> 
     </span>
    </p>
   </div>
  </div>
 </body>
</html>
