2549 3825
1080 294 1136 324 ni:
1172 297 1499 329 ΑΜΤΗΕΜΑΤΕ.
2212 293 2303 353 845

265 374 431 414 audaces
447 377 463 411 Ρ
482 376 708 421 Jlaereticus,
730 377 857 422 aiunt,
878 375 945 413 ille
961 377 1095 427 sactus
1118 387 1187 425 est,
1211 381 1493 420 inhabitantem
1519 384 1635 422 habet
1652 385 1851 424 diabolum
1867 418 1876 434 ,
1899 397 1934 426 et
1958 388 2132 441 loquitur
2166 400 2303 429 contra

263 437 388 476 Deum
408 439 642 488 nequitiam,
662 436 878 487 multosque
895 438 1060 475 suadela
1080 449 1267 491 ‘canaque
1284 441 1456 491 fallacia
1470 448 1510 480 in
1521 446 1762 497 profundum
1789 451 1900 486 exitii
1923 451 2082 488 abducit
2104 467 2115 487 :
2138 454 2303 505 ideoque

261 512 286 534 a
313 499 496 537 Patribus
519 500 663 549 ejectus
682 507 737 536 est
750 528 760 545 ,
779 500 944 535 maxime
964 501 1078 550 hujus
1099 504 1294 553 magister,
1319 505 1388 554 qui
1398 514 1550 555 partem
1568 508 1757 545 Ecclesia?
1777 510 1945 548 abscidit
1965 527 1975 547 :
1997 514 2052 550 sic
2069 521 2138 551 aut
2159 515 2304 552 Pauli-

262 572 354 595 num
372 569 440 597 aut
459 559 757 611 Apollinarium
774 560 992 612 designant.
1013 561 1097 599 Haec
1111 591 1121 609 ,
1141 571 1181 599 ut
1199 563 1316 614 primo
1336 566 1455 602 statim
1473 576 1616 618 aspectu
1636 582 1709 606 sese
1727 569 1902 619 offerunt,
1919 572 2110 611 Paulinum
2123 575 2303 613 viventem

257 618 511 671 docentemque
540 621 712 669 indicant,
737 620 868 659 nedum
894 631 1078 659 mortuum
1093 633 1293 674 supponant
1316 640 1324 660 :
1343 639 1426 663 nam
1447 627 1508 664 ille
1529 629 1589 678 qui
1606 629 1767 679 loquitur
1785 641 1907 670 contra
1922 635 2039 671 Deum
2055 636 2252 686 nequitiam
2269 647 2304 674 et

258 681 390 719 multos
403 682 562 728 abducit,
581 691 646 728 est,
662 692 701 720 ut
717 682 874 727 videtur,
895 683 1065 720 Paulinus
1081 698 1091 729 ;
1107 697 1220 732 neque
1233 684 1327 721 enim
1345 685 1419 723 haec
1439 687 1473 723 in
1496 688 1608 726 alium
1623 691 1775 728 conferri
1788 706 1891 743 posse
1909 704 2088 744 putamuS.
2110 698 2199 749 Ejus
2215 712 2302 735 vero

256 741 438 791 magister,
453 744 514 792 qui
529 757 549 780 a
566 743 733 781 Patribus
749 745 880 795 ejectus
896 752 985 791 erat,
1001 752 1053 781 est
1069 743 1310 795 Apollinarius
1330 747 1485 784 secundo
1499 760 1728 798 memoratus,
1750 754 1811 802 qui
1831 764 2017 805 postquam
2038 757 2073 794 in
2092 758 2241 810 Synodo
2255 759 2303 797 ad

254 804 539 841 communionem
558 804 734 842 admissus
747 805 873 850 fuerat,
888 803 1131 841 subscribente
1151 805 1318 852 Paulino,
1338 805 1470 845 deinde
1489 809 1534 845 ab
1556 810 1749 849 Athanasio
1764 814 1916 864 aliisque
1930 816 2110 863 Patribus,
2129 832 2209 856 cum
2224 820 2301 871 ejus

253 862 415 901 haeresim
435 866 698 917 comperissent,
718 866 850 916 ejectus
863 866 946 902 fuit.
964 866 1057 903 Sane
1075 864 1150 902 haec
1168 865 1411 904 multitudinis
1427 867 1523 906 dicta
1536 869 1626 908 duos
1642 881 1778 910 tantum
1799 875 1975 926 impetunt
1989 877 2098 925 viros,
2120 892 2246 932 nempe
2261 891 2299 918 ut

252 924 408 976 explicat
428 927 728 978 Chrysostomus‚
746 926 936 964 Paulinum
958 935 991 963 et
1013 925 1310 977 Apollinarium}
1320 927 1412 964 Nam
1434 929 1461 966 si
1478 939 1556 981 post
1581 930 1788 970 defunctum
1814 935 2006 974 Paulinum
2021 952 2040 975 a
2062 940 2298 991 popularibus

251 986 359 1023 verba
380 987 586 1039 hujusmodi
602 987 739 1040 prolata
757 996 882 1034 essent,
903 987 1103 1038 Evagrium
1123 989 1199 1039 ejus
1220 1002 1453 1027 successorem
1471 990 1567 1028 haud
1585 991 1695 1030 dubie
1712 994 1936 1046 impeterent,
1953 998 2055 1050 cujus
2070 1008 2186 1037 tamen
2199 1001 2298 1038 nulla

250 1045 308 1083 hic
327 1049 470 1086 mentio.
496 1049 625 1086 Notam
645 1048 756 1099 igitur
773 1048 962 1100 temporiS,
980 1062 1088 1098 quam
1106 1049 1210 1086 initio
1230 1049 1508 1102 Chrysostomus
1527 1052 1621 1091 clare
1640 1056 1772 1105 posuit,
1793 1056 1952 1096 hocloco
1973 1059 2176 1098 nullatenus
2194 1061 2298 1100 lahe-

247 1108 372 1145 factari
393 1109 511 1159 palam
532 1119 594 1146 est.
617 1110 736 1157 Quare
760 1109 797 1147 in
817 1109 861 1146 iis
874 1139 884 1157 ‚
904 1123 982 1159 quae
1000 1109 1045 1147 de
1065 1118 1224 1162 tempore
1241 1110 1351 1163 hujus
1376 1112 1539 1151 homiliae
1559 1129 1666 1167 supra
1683 1115 1859 1164 diximus,
1881 1120 2026 1158 omnino
2042 1122 2208 1159 standum
2230 1137 2296 1175 pu-

248 1177 375 1207 tamus.
404 1171 580 1208 Caeterum
605 1170 705 1208 locus
729 1170 808 1217 ille,
832 1184 938 1220 quem
957 1171 1103 1222 jamjam
1127 1171 1335 1221 retulimus,
1356 1183 1480 1226 utpote
1497 1176 1560 1225 qui
1586 1177 1778 1216 inconditae
1799 1180 2025 1232 profanaeque
2051 1184 2295 1223 multitudinis

246 1231 447 1269 convicium
465 1241 603 1269 tantum
625 1232 765 1282 referat,
787 1246 856 1270 non
877 1241 929 1269 est
948 1231 995 1270 ita
1013 1231 1058 1269 ad
1078 1232 1219 1270 literam
1240 1234 1488 1287 accipiendus,
1509 1246 1548 1274 ut
1565 1237 1790 1288 singulorum
1809 1239 1988 1280 dictorum
2006 1244 2179 1282 rationem
2198 1259 2296 1296 qute-

245 1307 323 1331 rere
339 1308 429 1346 opus
446 1304 503 1333 sit.

304 1355 482 1402 Halesius,
499 1366 537 1394 ut
554 1358 588 1395 in
603 1356 796 1395 Savilianis
814 1356 912 1394 Notis
925 1356 1014 1393 infra
1035 1355 1155 1394 videre
1173 1357 1268 1404 licet,
1279 1358 1480 1410 suspicatur
1491 1359 1583 1397 hanc
1600 1361 1799 1407 homiliam,
1821 1373 1944 1416 utpote
1960 1365 2052 1417 stylo
2064 1365 2291 1411 dissimilem,

244 1415 301 1453 vel
319 1416 565 1469 Chrysostomi
581 1432 648 1456 non
666 1432 753 1464 esse,
769 1418 826 1456 vel
838 1417 867 1455 si
883 1417 1129 1469 Chrysostomi
1144 1418 1191 1455 sit
1202 1447 1215 1467 7
1231 1419 1276 1455 ab
1287 1419 1356 1456 alio
1371 1428 1492 1470 postea
1510 1430 1732 1459 retractatam
1747 1424 1803 1460 vel
1819 1434 1958 1463 auctam
1972 1426 2080 1464 fuisse
2099 1443 2106 1463 :
2123 1427 2160 1465 id
2174 1438 2293 1466 autem

244 1477 327 1515 hinc
345 1478 548 1516 confirmari
569 1488 694 1531 putat,
718 1478 814 1529 quod
841 1478 941 1516 Juris
961 1479 1262 1516 Graeco-‘Romani
1283 1489 1381 1531 parte
1399 1483 1413 1518 1
1437 1480 1648 1520 philotheus
1669 1483 1873 1522 Patriarcha
1894 1499 1939 1523 ex
1957 1487 2146 1526 Theodoro
2166 1489 2292 1527 Balsa-

244 1552 348 1576 mone
369 1553 475 1577 unam
495 1540 688 1578 alteramve
721 1540 879 1578 homiliae
901 1539 1010 1591 hujus
1029 1541 1243 1592 particulam
1264 1541 1389 1578 referat
1416 1557 1423 1578 :
1448 1541 1511 1579 ubi
1532 1543 1734 1581 continuata
1755 1546 1845 1583 serie
1864 1547 1977 1585 multa
2002 1548 2193 1597 habentur,
2214 1565 2292 1601 quae

242 1601 400 1638 auctiora
420 1601 586 1652 pluribus
605 1602 731 1640 referta
753 1601 871 1638 verbis
890 1601 1059 1651 leguntur
1084 1601 1119 1638 in
1147 1602 1213 1640 hac
1238 1601 1406 1650 homilia3
1430 1601 1524 1640 unde
1544 1604 1712 1655 opinatur
1733 1605 1796 1643 ille
1821 1607 1977 1659 plurima
2003 1610 2038 1647 in
2065 1609 2156 1648 hanc
2175 1611 2290 1649 homi—

241 1661 327 1699 liam
353 1662 550 1715 irrepsisse,
575 1677 653 1714 quae
680 1676 749 1700 non
769 1663 841 1700 sint
860 1662 1117 1714 Chrysostomi.
1139 1661 1246 1710 Quod
1267 1663 1313 1700 ad
1331 1663 1417 1714 styli
1435 1662 1677 1702 diversitatem
1699 1668 1864 1717 pertinet,
1886 1670 1996 1708 fateor
2015 1680 2048 1709 et
2068 1686 2132 1724 ego
2154 1673 2291 1724 aliquot

242 1737 317 1761 esse
330 1724 419 1773 loca,
434 1740 513 1776 quae
530 1724 778 1777 Chrysostorni
795 1723 938 1762 dicendi
953 1736 1063 1773 genus
1076 1737 1146 1760 non
1162 1724 1314 1761 referant
1331 1741 1338 1760 :
1355 1724 1464 1774 idque
1483 1725 1550 1763 hac
1570 1728 1724 1765 maxime
1740 1728 1785 1766 de
1803 1744 1907 1768 causa
1928 1732 2099 1771 accidisse
2114 1734 2288 1782 arbitror,

239 1784 324 1835 quia
342 1800 466 1839 nempe
486 1786 674 1840 populares
689 1800 771 1823 suos
791 1785 999 1837 plerumque
1015 1784 1294 1836 Chrysostomus
1313 1784 1452 1824 inducit
1468 1803 1475 1823 :
1494 1788 1655 1825 convicia
1675 1799 1707 1826 et
1726 1791 1948 1830 anathemata
1968 1794 2003 1831 in
2022 1794 2162 1832 Paulini
2179 1807 2287 1835 secta-

240 1855 333 1885 tores
359 1849 533 1900 jactantes
567 1848 644 1886 ideo
664 1862 733 1886 non
755 1856 893 1885 tantum
912 1846 974 1884 ubi
996 1845 1057 1883 illa
1075 1847 1202 1893 refert,
1225 1845 1286 1884 sed
1318 1851 1424 1885 etiam
1444 1848 1504 1885 ubi
1525 1849 1645 1886 eaden]
1667 1852 1877 1903 propulsat,
1898 1854 2018 1905 aliqua
2039 1858 2289 1908 peregrinitate

237 1908 374 1960 stylum
390 1924 494 1947 suum
516 1909 643 1947 inficit.
667 1909 719 1946 Ad
737 1909 812 1946 haec
831 1922 930 1953 vero,
949 1917 989 1945 ut
1008 1921 1077 1944 non
1097 1908 1204 1945 semel
1222 1908 1308 1946 alibi
1327 1908 1573 1956 observamus,
1596 1924 1663 1947 non
1683 1925 1795 1962 pauca
1815 1924 1896 1951 sunt
1928 1915 2177 1967 Chrysostomi
2196 1932 2288 1971 opu-

235 1969 348 2016 scula,
366 1969 442 2008 sine
459 1970 572 2009 dubio
591 1971 732 2022 γνήσια,
749 1970 810 2007 ubi
829 1984 847 2007 a
867 1969 971 2006 solito
991 1968 1084 2021 stylo
1105 1978 1137 2006 et
1153 1969 1281 2007 orandi
1299 1983 1424 2021 genere
1446 1984 1515 2008 non
1535 1985 1661 2022 parum
1682 1971 1850 2011 deflectit.
1874 1975 1966 2012 Cum
1985 1986 2102 2014 autem
2123 1978 2287 2017 Halesius

234 2029 483 2083 interpolatam
498 2031 685 2070 homiliam
701 2031 780 2069 ideo
796 2030 1011 2082 suspicatur,
1029 2028 1124 2080 quod
1140 2029 1347 2069 philotheus
1366 2031 1530 2081 quaedam
1548 2033 1624 2070 loca
1639 2034 1791 2072 reserens
1806 2035 1916 2072 multa
1935 2039 2192 2088 praetermittat,
2207 2055 2286 2091 quae

233 2091 269 2130 in
290 2092 438 2130 homilia
457 2093 650 2144 leguntur,
673 2093 907 2143 incogitanter
926 2105 1008 2129 sane
1027 2091 1187 2141 loquitur
1203 2108 1212 2138 3
1232 2105 1272 2128 ac
1292 2091 1320 2128 si
1341 2091 1478 2142 ignoret
1496 2093 1593 2131 hunc
1611 2108 1685 2132 esse
1705 2109 1838 2133 morem
1859 2098 2076 2149 scriptorum
2092 2102 2285 2153 cujuslibet

233 2153 348 2191 aetatis
363 2184 372 2201 ,
392 2162 430 2191 ut
449 2155 477 2192 si
497 2168 601 2205 quem
621 2154 767 2192 alterius
785 2153 901 2194 locum
922 2161 1107 2204 usurpent,
1127 2165 1192 2203 pro
1211 2152 1325 2190 lubito
1344 2167 1382 2190 ea
1403 2154 1606 2192 exscribant
1627 2169 1705 2205 quae
1725 2157 1760 2193 in
1779 2171 1855 2195 rem
1874 2172 1975 2197 suam
1995 2161 2193 2201 conducere
2211 2178 2283 2216 pu-

231 2223 317 2263 tent,
337 2215 406 2252 alia
427 2229 509 2252 vero
525 2215 700 2253 arbitratu
716 2228 779 2252 suo
795 2214 1062 2266 praetermittant
1085 2227 1094 2250 :
1116 2212 1212 2263 quod
1231 2214 1406 2250 sexcentis
1423 2228 1606 2266 possemus
1623 2217 1796 2269 exemplis
1818 2219 2044 2267 confirmare,
2061 2223 2128 2260 nisi
2148 2238 2203 2262 res
2220 2240 2284 2277 per

229 2289 267 2313 se
286 2276 471 2328 perspicua
489 2276 728 2325 omnibusque
745 2284 826 2312 nota
844 2284 945 2312 esset.
967 2275 1090 2324 Itaque
1111 2274 1203 2312 hanc
1224 2273 1410 2311 homiliam
1431 2284 1465 2312 et
1483 2274 1628 2326 diguam
1651 2277 1923 2329 Chrysostomo,
1946 2291 1979 2319 et
1998 2284 2188 2333 genuinam
2209 2300 2283 2324 esse

230 2345 398 2387 putamus
419 2352 426 2372 :
447 2350 488 2373 ac
504 2350 584 2374 cum
607 2336 756 2373 eruditis
774 2336 938 2373 omnibus
953 2336 1042 2373 viris
1071 2335 1204 2372 Halesii
1242 2336 1431 2388 scrupulos
1464 2338 1653 2381 ἀκινδύνως
1688 2340 1880 2390 rejicimus.
1902 2345 1915 2392 [
1934 2345 2008 2382 Nos
2043 2359 2186 2396 prorsus
2206 2348 2282 2385 Ha-

229 2397 308 2435 lesii
330 2397 533 2450 opinionem
554 2397 763 2450 probamus.
784 2410 846 2434 nec
868 2396 903 2434 in
924 2396 1119 2444 sententiis,
1142 2396 1253 2434 necin
1274 2397 1546 2448 argumentandi
1568 2400 1689 2449 modo,
1702 2414 1763 2438 nec
1784 2403 1819 2440 in
1837 2403 1914 2454 ipso
1930 2405 2122 2444 verborum
2143 2422 2207 2445 usu
2225 2409 2282 2449 hic

231 2469 405 2498 oratorem
427 2469 585 2498 nostrum
605 2461 866 2510 agnoscentes]

283 2521 611 2574 Interpretationem
629 2520 753 2558 incerti
780 2520 968 2570 cujusdam
997 2519 1080 2567 viri,
1108 2533 1188 2570 quae
1214 2519 1250 2556 in
1277 2520 1378 2572 prius
1405 2520 1524 2559 Editis
1550 2522 1744 2572 legebatur,
1775 2533 1896 2576 utpote
1924 2527 2044 2566 minus
2067 2539 2281 2576 accuratam,

229 2583 428 2635 rejecimus,
446 2596 645 2633 novamque
663 2581 881 2635 paravimus

1502 2701 2275 2726 ἦ

257 2796 398 2835 “ΠΕΡ1
427 2797 528 2835 ΤΟΥ
558 2798 630 2836 ΜΗ
658 2797 774 2835 ΔΕΙΝ
806 2796 1217 2835 ANAffliMATlZEtN
1273 2805 1297 2834 Λ
1371 2795 1446 2832 DE
1477 2797 1601 2836 NON
1624 2797 1954 2837 AXATHEJJA
1967 2800 2229 2841 TJZANDIS

548 2902 679 2945 ζῶντας
698 2900 720 2947 ἢ
740 2899 959 2947 τεθνηκότας.
1594 2903 1998 2955 vivis·1·elalq·s'utic·te's.

276 3001 408 3054 Ἡρῴην
443 3002 505 3052 μὲν
541 3002 622 3055 περὶ
666 3003 918 3050 ἀκαταλήπτου
957 3002 1118 3054 γνώσεως
1152 3006 1244 3041 Θεοῦ
1375 3007 1408 3041 1.
1432 3005 1555 3056 Nuper
1574 3004 1675 3043 vobis
1693 3005 1737 3042 ‹lc
1758 3006 2127 3058 incon!prehensibilis
2145 3012 2272 3061 cogui-

222 3064 464 3115 διαλεγόμενος
483 3064 567 3116 πρὸς
584 3067 694 3115 ὑμᾶς,
713 3066 772 3103 καὶ
791 3064 938 3107 πολλοὺς
952 3066 1073 3116 λόγους
1087 3065 1244 3111 κινήσας,
1319 3066 1413 3103 tione
1444 3067 1507 3103 Dei
1537 3066 1711 3104 dissi-reus·
1725 3096 1733 3109 ‚
1755 3067 1865 3104 inulta
1890 3068 1995 3105 verbu
2018 3069 2080 3106 feci
2097 3099 2105 3113 ‚
2129 3085 2171 3108 ac
2197 3082 2271 3110 tutu

220 3123 470 3163 ι’ἀπεδείκνυον
510 3124 579 3163 ἀπό
615 3140 651 3163 τε
686 3129 864 3178 γραφιχῶν
900 3128 1044 3177 φωνῶν,
1078 3127 1136 3163 καὶ
1174 3127 1244 3164 ἀπὸ
1320 3127 1587 3179 scripturalium
1615 3128 1785 3172 vocilius,
1809 3137 1883 3166 tuin
1910 3130 2130 3168 natur-«lilius
2158 3134 2269 3171 ratio-

221 3189 375 3236 φυσικῶν
395 3188 594 3236 λογισμῶν,
621 3189 715 3229 ὅπως
749 3188 808 3225 καὶ
830 3188 948 3230 αὐταῖς
975 3193 1050 3229 ταῖς
1083 3187 1243 3240 ἀοράτως
1317 3188 1421 3226 ciniis
1458 3188 1698 3225 domuum-avi
1716 3219 1724 3229 .
1761 3189 1867 3227 etium
1904 3190 1990 3242 ipsis
2026 3192 2270 3233 invisibilum„

222 3246 407 3296 δυνάμεσιν
427 3248 607 3298 ἀνέφικτός
621 3250 695 3286 ἐστι
714 3250 894 3291 παντελῶς
910 3252 931 3294 ἠ
949 3252 1008 3286 τοῦ
1029 3248 1119 3287 θείου
1134 3251 1241 3287 κατοί-
1324 3248 1529 3288 Virtutibus
1571 3248 1781 3286 insu-cissam
1819 3265 1963 3302 prorsus
1993 3267 2067 3290 csse
2113 3256 2270 3294 nunnius

222 3308 342 3357 ληψῑς,
361 3307 509 3350 ἐκείναις
526 3313 602 3353 ταῖς
617 3310 720 3348 ἅϋλον
741 3310 797 3347 καὶ
816 3309 993 3361 μακαρίαν
1010 3311 1238 3360 πολιτιυομέ-
1316 3310 1664 3362 ‹wnuprclwusionem
1682 3339 1690 3352 ,
1722 3311 1790 3348 illis·
1818 3312 1948 3350 scilicet
1965 3345 1973 3359 ‚
2005 3329 2084 3365 qua*
2115 3326 2268 3355 uiatori-1·

222 3383 295 3411 ναις
309 3368 507 3419 διαγωγὴν,
523 3369 583 3406 καὶ
609 3370 663 3407 ὅτι
689 3372 723 3408 ἐν
753 3370 850 3421 πάσῃ
871 3369 1046 3421 χαυνώσει
1066 3371 1124 3409 καὶ
1146 3373 1240 3423 ῥύσει
1316 3381 1496 3423 experti-iu
1513 3380 1543 3408 ct
1562 3371 1698 3408 lit-..tani
1717 3372 1825 3410 xit-*uu
1840 3382 1949 3423 agunt
1969 3388 1977 3411 t
1996 3386 2268 3427 nosquctanicn,

267 3487 279 3501 ι
304 3474 613 3509 (Ioll.21u‹·.iunVut.
636 3477 697 3507 57⁸.»
727 3474 853 3514 {Sutih
869 3477 899 3507 in
919 3484 969 3509 tu.
991 3483 1004 3514 ἡ
1025 3483 1185 3514 τιθυιιυῃί
1210 3480 1215 3517 1
1329 3480 1343 3502 ¹·
1372 3477 1549 3509 Vatis-iun>
1571 3480 1821 3515 im?;‚.»22vr1.·.

2300 2090 2344 2114 631
