2513 3871
300 153 356 200 16
709 169 749 199 S.
785 168 971 199 JOANMS
1006 165 1248 197 cnanos'r.
1289 165 1498 197 ARCfflEP.
1536 166 1893 200 CONSTANTINOP-

291 265 441 305 peresse,
455 259 494 289 ut
507 250 554 289 ad
569 259 764 288 extremam
779 258 994 287 senectutem
1011 248 1133 286 venias
1141 263 1154 298 ;
1174 247 1245 286 imo

291 327 336 351 ne
366 313 432 351 hoe
451 311 595 363 quidem
615 320 752 348 certum
774 310 878 348 nobis
897 319 949 348 est
968 323 977 347 :
999 323 1083 347 nam
1109 309 1170 360 qui
1203 322 1247 346 ne

292 388 404 425 usque
422 373 468 411 ad
487 386 671 424 vesperam
690 372 735 410 de
753 371 827 410 vita
849 371 962 409 securi
990 385 1129 418 sumus,
1151 384 1246 422 quo-

291 435 397 473 modo
421 444 472 472 tot
499 434 572 471 sore
591 433 673 471 vitae
691 447 801 471 annos
821 433 1003 471 affirmare
1024 446 1213 484 possumus
1226 432 1245 469 ,⁹

288 497 410 547 Neque
430 495 466 533 id
485 504 623 533 tantum
647 495 753 542 latet,
774 494 834 533 sed
854 495 960 532 etiam
982 495 1101 532 sutura
1125 507 1246 532 rerum

294 558 444 595 mutatio
463 571 472 595 :
491 570 646 609 persaepe
677 556 784 604 enim,
808 556 890 595 licet
922 556 994 594 vita
1026 555 1061 594 in
1096 555 1245 607 longum

288 627 427 671 tempus
445 617 666 671 producatur
683 647 694 666 ,
725 631 792 655 non
812 617 889 670 pari
911 617 1024 667 gradu
1047 617 1245 669 procedunt

287 680 489 732 voluptates
504 678 588 717 :sed
605 679 725 718 statim
745 688 850 730 atque
868 680 1051 716 assuerunt
1069 678 1243 717 dilabun-

288 750 362 779 tur.
377 742 514 779 Verum
530 754 593 793 per
607 755 661 778 mc
678 740 771 787 licet,
787 754 876 790 pone
892 742 920 778 si
941 740 997 778 vis
1014 749 1047 778 te
1066 749 1117 778 tot
1133 753 1243 778 annos

285 801 467 840 victurum
487 816 573 847 esse,
594 815 656 839 nec
674 802 783 839 ullam
801 802 874 840 fore
892 802 928 840 in
949 801 1055 840 rebus
1073 801 1142 840 tuis
1164 816 1242 839 mu-

286 862 453 901 tationem
473 879 480 900 :
499 862 588 914 quid
604 863 670 901 hoc
689 872 740 901 est
759 862 806 901 ad
824 863 962 901 infinita
983 863 1131 910 saecula,
1152 862 1242 914 quid

286 923 354 963 hoc
372 923 419 962 ad
441 924 586 963 acerbos
610 925 689 962 illos
708 934 742 962 et
761 924 1006 962 intolerabiles
1025 925 1207 963 cruciatus
1223 925 1242 963 Ξ)

285 985 353 1024 Hic
372 985 466 1024 enim
485 994 558 1024 tam
577 985 668 1024 bona
684 1015 695 1032 ,
721 1000 826 1037 quam
847 986 941 1023 mala
961 985 1067 1024 finem
1091 985 1240 1034 habent,

285 1055 321 1084 et
340 1045 486 1097 quidem
511 1046 762 1092 celerrimum3
790 1046 865 1084 illic
886 1060 970 1085 vero
992 1056 1145 1098 utraque
1174 1047 1241 1085 im-

285 1107 497 1145 mortalibus
527 1107 667 1145 saeculis
698 1116 886 1158 aequantur
903 1123 911 1144 ε
927 1122 990 1146 nec
1022 1107 1096 1146 dici
1128 1117 1243 1161 potest

285 1176 460 1218 quantum
477 1167 646 1206 differant
666 1182 685 1206 a
707 1168 952 1220 praesentibus.

83 1359 163 1397 Ignis
175 1359 271 1388 inser-

84 1404 114 1429 ni
132 1411 190 1429 nou
204 1402 272 1428 huic

81 1444 140 1480 igni
154 1443 270 1471 “mms-
286 1411 370 1451 huic
386 1412 458 1464 igni
476 1411 630 1450 similem
652 1427 660 1448 τ
681 1411 739 1449 bic
759 1411 854 1449 euim
872 1411 1053 1463 quidquid
1074 1411 1238 1464 corripit,

284 1473 434 1512 devorat
447 1482 481 1511 et
496 1472 674 1522 absumit;
698 1472 759 1510 ille
775 1486 860 1510 vero
877 1486 966 1524 quos
987 1473 1094 1510 semel
1111 1487 1242 1525 appre-

282 1534 431 1581 hendit,
453 1543 623 1587 perpetuo
640 1534 846 1581 comburit,
867 1548 930 1572 nec
952 1549 1125 1585 umquam
1144 1534 1241 1573 desi-

283 1596 363 1642 stit;
382 1595 531 1647 ideoque
550 1595 861 1646 inexstinguibilis
877 1595 1025 1633 dicitur.
1052 1595 1240 1646 Siquidem

282 1657 389 1696 etiam
405 1665 605 1709 peccatores
616 1655 910 1708 opor-tetinduere
920 1656 1239 1704 immortalitatem,

283 1731 352 1757 non
368 1717 415 1755 ad
433 1717 616 1763 bonorem,
631 1715 690 1754 sed
702 1725 739 1754 ut
756 1726 967 1769 perpetuum
984 1717 1029 1755 sit
1045 1717 1144 1755 illius
1160 1732 1240 1771 sup-

285 1779 385 1832 plicii
410 1778 583 1816 viaticum
604 1777 667 1816 :id
686 1792 770 1815 vero
799 1792 907 1829 quam
933 1778 978 1816 sit
999 1778 1236 1828 horrendum,

282 1841 381 1879 nullo
399 1854 570 1891 umquam
590 1848 705 1892 potest
723 1853 885 1877 sermone
903 1839 1076 1878 declarari
1095 1855 1105 1887 ;
1137 1840 1200 1878 sed
1219 1855 1240 1879 a

282 1904 515 1943 minimarum
532 1917 650 1941 rerum
667 1903 912 1954 experimento
934 1911 1073 1940 tenuem
1094 1916 1239 1954 magna-

282 1980 362 2004 rum
391 1978 579 2017 possumus
608 1965 847 2016 conjecturam
867 1977 1005 2016 capere.
1038 1963 1075 2002 Si
1097 1964 1240 2015 quando

282 2027 393 2065 fueris
413 2026 446 2064 in
467 2025 598 2063 balneo
626 2025 779 2062 nimium
795 2025 1044 2063 effervescente
1061 2055 1070 2071 ‚
1091 2034 1175 2063 tune
1195 2025 1241 2064 de

283 2088 442 2139 gehenna
463 2087 557 2137 ignis
573 2086 688 2138 cogita
705 2101 714 2122 ε
731 2095 764 2124 et
779 2085 807 2124 si
827 2085 971 2136 quando
990 2086 1119 2124 acriori
1143 2086 1240 2126 febre

282 2149 426 2198 arseris,
445 2148 490 2186 ad
508 2148 688 2186 ssammam
705 2147 804 2185 illam
821 2156 973 2185 mentem
991 2147 1186 2196 traduci103
1206 2158 1240 2187 ct

283 2219 369 2248 tunc
385 2213 518 2263 poteris
533 2209 643 2261 probe
659 2208 892 2260 distinguere.
918 2209 1009 2246 Nam
1024 2209 1052 2246 si
1071 2209 1240 2249 balneum

282 2280 317 2309 et
334 2270 444 2308 febris
468 2283 537 2308 non
558 2268 646 2307 adeo
667 2269 828 2307 cruciant
853 2278 885 2307 ct
906 2269 1134 2315 conturbant,
1157 2285 1239 2309 cum

284 2333 319 2370 in
341 2331 706 2382 ssuviumignisillum
719 2331 963 2374 inciderimus.
976 2331 1145 2370 fluentem
1161 2342 1240 2370 ante

283 2392 502 2431 horrendum
518 2391 608 2429 illud
627 2392 797 2436 tribunal,
810 2406 882 2443 quo
897 2392 1018 2430 animo
1033 2402 1115 2431 tunc
1130 2394 1241 2432 futuri

283 2454 433 2492 sumus?
444 2455 537 2493 Sane
545 2452 711 2491 dentibus
727 2453 957 2491 stridebimus
973 2455 1130 2507 oppressi
1145 2455 1241 2494 labo·

284 2515 384 2553 ribus
404 2524 437 2553 et
457 2513 690 2552 intolerandis
707 2515 924 2553 cruciatibus
940 2545 949 2563 ,
976 2524 1009 2553 et
1030 2530 1132 2554 nenio
1153 2531 1240 2569 sup-

285 2577 397 2628 petias
412 2576 499 2613 seret
515 2589 525 2624 ;
544 2574 606 2613 sed
625 2575 897 2626 ingemiscemus
914 2576 1082 2627 graviter,
1099 2577 1242 2616 flamma

137 2647 274 2676 Inferna·
288 2637 388 2675 nobis
405 2635 649 2674 vehementius
662 2637 814 2674 instante
826 2652 835 2685 ;
848 2637 1024 2675 neminem
1039 2637 1242 2678 videbimus

81 2692 156 2719 '²¹¹³‘
172 2700 271 2728 '’⁰²¹¹'‘
287 2707 415 2750 praeter
434 2697 657 2735 cruciatuum
675 2707 869 2738 consortes.
889 2707 922 2736 et
941 2699 1131 2737 immanem
1151 2701 1240 2738 soli-
1264 2701 1288 2732 Ε

83 2743 150 2761 rum
174 2734 230 2760 de·

81 2776 215 2813 „ripum
287 2757 459 2795 tudinem.
475 2757 565 2803 Quis
578 2759 795 2796 enarraverit
810 2768 960 2797 terrores
972 2774 991 2797 a
1009 2760 1162 2798 tenebris
1173 2761 1244 2798 illis

285 2819 432 2870 injectos
465 2818 593 2855 animis
628 2819 785 2856 nostris?
811 2819 1114 2871 quemadmodum
1148 2821 1241 2859 enini

287 2880 378 2932 ignis
412 2879 471 2918 illc
506 2894 574 2917 non
605 2881 795 2926 consumit,
815 2882 860 2919 ita
886 2896 998 2932 neque
1020 2882 1244 2921 lucetzalio-

285 2941 370 2992 quin
393 2955 460 2978 non
477 2950 588 2978 essent
607 2941 770 2980 tenebrae.
797 2943 1101 2982 perturbationem
1122 2945 1239 2995 itaque

335 3092 349 3106 ο
374 3080 478 3113 smil.
494 3089 525 3113 et
544 3094 626 3113 unus
643 3085 825 3120 ἀπεπήδησε.
854 3082 968 3117 Mon-el.
987 3091 1019 3115 et
1038 3083 1092 3116 alii
1111 3087 1294 3127 ἂπεέἠμητ-ς.

340 1351 402 1388 10.
420 1349 562 1388 Etenim
578 1363 661 1388 cum
676 1350 794 1401 iguem
809 1350 929 1396 audis,
949 1363 1034 1388 cave
1050 1359 1152 1403 putes
1168 1365 1243 1390 esse
1282 1378 1288 1388 ,

1317 252 1378 286 τοῦ
1400 249 1571 300 παρόντος
1596 250 1671 300 βίου
1688 250 1754 296 τὴν
1779 251 1974 289 ἀπόλαυσιν
1993 251 2138 303 χρόνον;
2159 251 2254 304 Ἐγὼ
2281 252 2347 303 μὲν

1286 310 1291 316 ’
1317 309 1385 362 γὰρ
1403 311 1467 349 οὐκ
1492 304 1592 361 οἶμαί
1612 326 1665 350 σοι
1706 311 1813 349 πλέον
1840 311 1862 357 ἢ
1885 311 2104 358 πεντήκοντα
2130 313 2193 360 ἔτη
2223 313 2347 352 λείπε-

1317 373 1411 418 σθαι,
1431 370 1522 409 ὥστε
1538 372 1624 424 πρὸς
1639 371 1788 424 ἔσχατον
1804 375 1915 425 γῆρας
1935 373 2060 420 ἐλθεῖν,
2082 375 2216 423 μᾶλλον
2237 373 2273 411 δὲ
2290 374 2346 412 οὐ·

1317 431 1354 469 δὲ
1370 431 1472 470 τοῦτο’
1489 447 1555 470 που
1571 433 1675 478 δῆλόν
1692 435 1786 471 ἐστιν
1802 435 1905 482 ἡμῖν·
1921 435 1953 471 οἱ
1967 433 2036 485 γὰρ
2053 434 2142 484 μηδὲ
2160 435 2266 487 μέχρι
2284 437 2348 480 τῆς

1318 493 1470 544 ἑσπέρας
1490 493 1578 546 ὑπὲρ
1597 497 1658 540 τῆς
1677 494 1768 539 ζωῆς
1793 494 1933 544 ἔχοντες
1959 496 2097 546 θαῤῥεῖν
2118 497 2180 540 τῆς
2199 497 2347 539 ἑαυτῶν,

1316 556 1390 598 πῶς
1424 554 1464 592 ἂν
1495 554 1582 605 ὑπὲρ
1619 554 1794 593 τοσούτων
1823 555 2100 607 διισχυρίσαιντο
2135 558 2243 603 ἐτῶν,
2276 555 2346 594 Καὶ

1316 616 1354 654 οὗ
1373 618 1474 654 τοῦτο
1497 614 1600 665 μόνον
1629 615 1723 653 ἐστὶν
1747 614 1897 661 ἄδηλον,
1925 614 2016 653 ἀλλὰ
2047 614 2108 656 καὶ
2136 616 2177 654 τὸ
2195 619 2258 663 τ’ῆς
2275 618 2346 654 τῶν

1316 676 1534 729 πραγμάτων
1553 676 1750 726 μεταὸολῆς
1761 691 1768 698 ·
1785 675 1954 719 πολλάκις
1968 675 2036 729 γὰρ
2052 678 2114 721 τῆς
2130 678 2221 723 ζωῆς
2236 679 2343 717 ἐκτα-

1317 738 1435 784 θείσης
1449 740 1497 780 εἰς
1506 738 1631 789 χρόνον
1646 736 1839 788 μακρὸν,οὖ
1854 736 2061 784 συνεξετάθη
2073 736 2117 775 τὰ
2126 739 2190 784 τῆς
2199 740 2344 791 τρυφῆς,

1316 800 1393 837 ἀλλ’
1413 802 1500 849 ὁμοῦ
1520 797 1578 836 καὶ
1598 797 1728 844 ἐπέστη
1747 797 1808 836 καὶ
1821 802 1834 818 ⁶
1859 797 2077 845 ἀπεπήδησε.
2096 798 2200 845 Πλὴν
2218 801 2296 838 ἀλλ’
2313 802 2345 838 εἰ

1317 860 1445 911 βούλει,
1459 859 1588 899 κείσθω
1600 862 1650 913 τῷ
1659 859 1765 911 λόγῳ,
1778 858 1839 897 καὶ
1851 858 2016 905 ζήσεσθαι
2030 858 2091 906 ἔτη
2105 862 2344 909 τοσαῦτα,καὶ

1316 921 1491 973 μηδεμίαν
1523 920 1784 968 ὑποστήσεσθαι
1815 919 2035 971 μεταὸολὴν,
2065 920 2101 958 τί
2127 924 2231 960 τοῦτο
2257 922 2344 974 πρὸς

1315 980 1392 1026 τοὺς
1418 982 1669 1028 ἄτελευτήτους
1693 983 1840 1029 αἰῶνας,
1864 981 1924 1019 καὶ
1943 981 2006 1026 τὰς
2023 981 2185 1027 κολάσεις
2201 981 2263 1027 τὰς
2283 998 2345 1021 πι-

1317 1041 1404 1093 κρὰς
1423 1043 1482 1081 καὶ
1499 1042 1515 1064 ‘¹
1532 1042 1725 1095 ἀφορήτους
1749 1042 1900 1090 ἐκείνας;
1921 1042 2097 1082 Ἐνταῦθα
2114 1042 2176 1095 μὲν
2195 1042 2264 1096 γὰρ
2283 1043 2344 1082 καὶ

1316 1103 1360 1142 τὰ
1388 1104 1502 1155 ἀγαθὰ
1522 1105 1581 1143 καὶ
1601 1104 1644 1142 τὰ
1663 1104 1805 1156 χαλεπὰ
1824 1104 1921 1148 τέλος
1947 1104 2041 1157 ἔχει,
2064 1104 2124 1143 καὶ
2148 1108 2252 1144 τοῦτο
2275 1105 2344 1143 τά·

1315 1176 1459 1218 χιστον·
1482 1167 1554 1205 ἐκεῖ
1581 1166 1616 1204 δὲ
1649 1165 1834 1209 ἀθανάτοις
1867 1165 2050 1218 ἀμφότερα
2075 1166 2343 1218 παρεκτείνεται

1317 1228 1434 1272 αἷῶσι,
1453 1228 1511 1265 καὶ
1531 1230 1573 1279 τῇ
1593 1227 1754 1273 ποιότητι
1774 1226 1810 1266 δὲ
1831 1231 1995 1266 τοσοῦτον
2015 1230 2085 1265 τῶν
2106 1231 2163 1266 νῦν
2183 1227 2342 1275 διενήνο-

1316 1302 1391 1338 χεν,
1407 1288 1488 1326 ὅσον
1509 1288 1587 1327 οὐδὲ
1605 1288 1700 1326 ἔστιν
1718 1290 1838 1326 εἰπεῖν.
2315 1336 2319 1340 .

1367 1350 1382 1367 ⁰
1400 1347 1461 1393 Μὴ
1483 1348 1550 1400 γὰρ
1569 1347 1690 1395 ἐπειδὴ
1715 1351 1786 1398 πῦρ
1805 1348 1957 1394 ἤκουσας
1968 1377 1979 1397 ,
2001 1353 2152 1388 τοιοῦτον
2175 1343 2266 1388 εἶναι
2284 1365 2342 1389 νο-

1314 1408 1421 1460 μίσῃς
1435 1411 1546 1448 ἐκεῖνο
1560 1410 1600 1448 τὸ
1613 1413 1700 1462 πῦρ·
1714 1414 1817 1448 τοῦτο
1828 1408 1891 1460 μὲν
1907 1410 1987 1461 γὰρ,
2001 1410 2087 1464 ὅπερ
2101 1410 2141 1449 ἂν
2155 1410 2265 1463 λάὸῃ,
2276 1426 2341 1450 κα·
2382 1454 2387 1457 ,

1313 1470 1460 1509 τέκαυσε
1474 1470 1532 1509 καὶ
1550 1470 1749 1517 ἀπήλλαξεν
1761 1486 1768 1494 ·
1784 1473 1894 1509 ἐκεῖνο
1911 1470 1946 1510 δὲ
1961 1470 2038 1515 τοὺς
2054 1471 2147 1516 ἅπαξ
2160 1488 2342 1525 κατασχε-

1313 1530 1435 1576 θέντας
1449 1532 1541 1570 καίει
1555 1531 1755 1579 διαπαντὸς,
1767 1532 1826 1569 καὶ
1835 1531 1999 1571 οὐδέποτε
2014 1532 2180 1571 παύεται·
2199 1532 2257 1571 διὰ
2268 1537 2344 1572 τοῦ·

1312 1607 1352 1630 το
1365 1593 1423 1630 καὶ
1442 1593 1609 1632 &cesam
1632 1593 1781 1645 εἴρηται.
1803 1592 1872 1631 Καὶ
1886 1593 1952 1645 γὰρ
1968 1593 2120 1638 καὶτοὺς
2139 1594 2343 1646 ἡμαρτηκό-

1311 1669 1373 1696 τας
1383 1654 1577 1706 ἀφθαρσίαν
1589 1653 1796 1693 ἐνδύσασθαι
1808 1654 1871 1700 δεῖ,
1880 1655 1918 1691 οὐ
1931 1654 2015 1706 πρὸς
2027 1654 2147 1705 τιμὴν,
2158 1657 2235 1693 ἀλλ’
2249 1655 2342 1694 ὥστε

1313 1714 1466 1761 διηνεκὲς
1482 1716 1617 1768 ἐφόδιον
1634 1715 1727 1768 ἔχειν
1747 1717 1809 1760 τῆς
1824 1715 1996 1768 τιμωρίας
2016 1716 2149 1762 ἐκείνης
2162 1729 2169 1737 ·
2190 1721 2291 1755 τοῦτο
2309 1718 2340 1755 δ’

1310 1774 1390 1814 ὅσον
1407 1776 1488 1814 ἐστὶ
1502 1773 1512 1796 s
1525 1777 1648 1824 δεινὸν,
1663 1779 1682 1815 ὁ
1699 1776 1762 1827 μὲν
1777 1777 1878 1827 λόγος
1899 1778 1961 1814 οὐκ
1987 1776 2027 1813 ἂν
2050 1776 2205 1828 ἷσχύσειε
2221 1793 2342 1830 παρα-

1312 1838 1442 1883 στῆσαί
1461 1853 1559 1886 ποτε,
1581 1838 1648 1876 ἀπὸ
1671 1837 1706 1876 δὲ
1726 1840 1789 1883 τῆς
1807 1836 1932 1889 πείρας
1958 1840 2026 1876 τῶν
2046 1840 2182 1889 μικρῶν
2197 1837 2341 1876 δυνατὸν

1313 1899 1483 1950 βραχεῖάν
1505 1914 1583 1936 τινα
1602 1899 1734 1938 ἔννοιαν
1755 1900 1823 1935 τῶν
1849 1898 2012 1949 μεγάλων
2038 1898 2178 1937 ἐκείνων
2205 1899 2341 1938 λαὸεῖν.

1313 1960 1356 1997 Εἰ
1374 1960 1442 2012 γάρ
1461 1977 1547 2000 ποτε
1573 1963 1609 1999 ἐν
1640 1960 1814 2012 βαλανείῳ
1842 1960 1956 2012 γένοιο
1982 1961 2211 2014 σφοδρότερον
2237 1976 2342 2000 κατε-

1312 2024 1540 2075 σκευασμένῳ
1568 2027 1628 2062 τοῦ
1658 2023 1810 2069 δέοντος,
1837 2023 1916 2061 τότε
1947 2038 2007 2073 μοι
2038 2023 2078 2061 τὸ
2103 2026 2166 2070 τ’ἧς
2198 2023 2338 2074 γεέννης

1312 2085 1472 2130 ἐννόησον
1491 2089 1574 2137 πῦρ,
1595 2084 1655 2122 καὶ
1675 2084 1806 2122 εἴποτε
1831 2084 1938 2122 πάλιν
1965 2084 2034 2122 ὑπὸ
2059 2087 2208 2135 πυρετοῦ
2224 2100 2340 2122 κατα-

1313 2145 1496 2199 φλεχθείης
1515 2150 1685 2198 χαλεποῦ,
1700 2146 1786 2197 πρὸς
1801 2144 1936 2191 ἐκείνην
1961 2144 2025 2192 τὴν
2049 2144 2162 2197 φλόγα
2183 2145 2242 2184 τὸν
2260 2149 2340 2184 νοῦν

1313 2209 1548 2260 μετάστησον,
1566 2207 1625 2245 καὶ
1645 2206 1723 2246 τότε
1743 2205 1873 2258 δυνήσῃ
1891 2211 1908 2234 ⁸
1922 2207 2117 2244 διαστεῐλαι
2145 2207 2273 2250 καλῶς.
2298 2207 2342 2245 Εἰ

1311 2271 1379 2323 γὰρ
1401 2271 1580 2322 βαλανεῖον
1608 2269 1668 2307 καὶ
1698 2269 1844 2322 πυρετὸς
1872 2267 1982 2312 οὕτως
2015 2270 2109 2318 ἡμᾶς
2137 2267 2250 2306 θλίὸει
2281 2268 2342 2306 καὶ

1312 2331 1461 2385 θορυὸἐῖ,
1480 2331 1564 2371 ὅταν
1585 2333 1632 2375 εἰς
1648 2331 1706 2369 τὸν
1722 2329 1880 2380 ποταμὸν
1908 2334 1968 2368 τοῦ
1995 2329 2101 2382 πυρὸς
2131 2328 2343 2381 ἐμπέσωμεν

1312 2396 1442 2432 ἐκεῖνον
1461 2392 1519 2431 τὸν
1537 2391 1722 2442 ἑλκόμενον
1745 2391 1813 2444 πρῦ
1840 2395 1901 2430 τοῦ
1917 2390 2076 2442 βήματος
2093 2393 2152 2428 τοῦ
2174 2389 2343 2443 φοὸεροῦ,

1313 2458 1387 2498 πῶς
1414 2454 1492 2492 τότε
1517 2453 1786 2503 διακεισόμεθα,
1805 2451 1891 2505 Ἄρα
1912 2452 2081 2504 βρύξομεν
2104 2450 2181 2495 τοὺς
2199 2452 2343 2496 ὀδόντας

1312 2516 1380 2554 ὑπὸ
1393 2519 1460 2554 τῶν
1476 2517 1589 2554 πόνων
1603 2515 1663 2553 καὶ
1675 2517 1743 2553 τῶν
1759 2516 1944 2566 ἀφορήτων
1960 2512 2161 2563 ἀλγηδόνων
2178 2512 2320 2551 ἐκείνων
2333 2525 2341 2533 ·

1313 2579 1330 2614 ὁ
1345 2577 1381 2615 δὲ
1397 2575 1584 2626 ἐπαμύνων
1600 2576 1698 2613 ἔσται
1714 2574 1840 2617 οὐδείς·
1857 2573 1936 2612 ἀλλ’
1950 2570 1965 2593 ¹⁸
1979 2572 2174 2623 οἰμώξομεν
2190 2572 2342 2623 μεγάλα,

1313 2637 1541 2689 σφοδρότερον
1564 2636 1807 2686 ἐπιτιθεμένης
1831 2637 1917 2685 ἡμῖν
1937 2635 1998 2678 τῆς
2018 2633 2160 2685 φλογὸς,
2185 2633 2343 2685 ὀψόμεθα

1314 2699 1350 2738 δὲ
1377 2699 1511 2743 οὐδένα,
1530 2698 1623 2744 πλὴν
1638 2701 1708 2736 τῶν
1724 2696 1966 2746 κολαζομένων
1995 2695 2056 2734 σὺν
2075 2698 2174 2744 ἡμῖν,
2194 2695 2254 2732 καὶ
2280 2696 2343 2741 τῆς

1315 2759 1463 2811 ἐρημίας
1477 2762 1537 2805 τῆς
1549 2760 1693 2804 πολλῆς.
1703 2758 1750 2796 Τι’
1765 2758 1804 2795 οἷν
1819 2773 1868 2799 τις
1881 2756 1972 2794 εἴποι
1984 2756 2025 2794 τὰ
2041 2756 2184 2794 ἀπὸτοῦ
2200 2753 2344 2799 σκότους

1316 2821 1466 2871 δείματα
1495 2827 1571 2863 ταῖς
1598 2819 1788 2871 ἡμετέραις
1820 2819 2025 2869 ἐγγινόμενα
2055 2819 2204 2869 ψυχαῖς,
2222 2816 2343 2867 ὥσπερ

1316 2884 1384 2936 γὰρ
1401 2885 1461 2921 οὐκ
1481 2883 1574 2920 ἔστιν
1595 2881 1811 2920 ἀναλιιπικὸν
1832 2883 1942 2918 ἐκεῖνο
1963 2880 2001 2918 τὸ
2023 2884 2116 2930 πῦρ,
2141 2878 2247 2922 οὕτως
2266 2877 2343 2917 οὐδὲ
2360 2909 2367 2915 .

1318 2944 1527 2997 φωτιστικόν
1543 2959 1550 2967 ·
1572 2943 1649 2982 οὐδὲ
1675 2942 1742 2994 γὰρ
1762 2942 1801 2979 ἂν
1833 2941 1954 2985 σκότος
1972 2936 2028 2988 ἦν.
2046 2941 2118 2979 Τὸν
2133 2939 2247 2979 τοίνυν
2275 2938 2345 2978 ἀπὸ

1333 3084 1391 3117 rel.
1411 3092 1443 3115 et
1461 3083 1514 3116 alii
1535 3089 1795 3128 παραστήσασθαι.
1812 3083 1822 3124 l
1842 3082 1933 3114 Infra
1952 3082 2030 3115 Sar.
2049 3085 2201 3126 βαλανείῳ
2224 3082 2346 3124 γέγανας

331 3134 347 3159 d
373 3136 528 3173 Quattuor
555 3135 631 3165 Msa.
651 3141 849 3173 άπῆέιήτως.
869 3137 978 3167 minus
1008 3145 1107 3170 recte.
1130 3139 1161 3169 ni
1187 3137 1295 3171 fallor.
1334 3153 1382 3181 ορ.
1401 3143 1617 3179 ἐωνημένῳ,
1636 3144 1664 3168 vt
1685 3136 1783 3178 paulo
1801 3144 1875 3178 post
1887 3135 2123 3178 nartali-gom]

329 3193 342 3206 ·
366 3187 459 3218 Unus
475 3186 588 3217 (lodex
608 3195 639 3217 rt
657 3171 758 3219 Sax'il.
786 3187 884 3218 ludu-t
902 3192 979 3230 μηδὲ
1007 3195 1077 3231 γάρ.
1110 3190 1183 3221 Mox
1211 3189 1297 3221 idom

288 3243 454 3273 κατὶκαυπ
470 3239 835 3279 1αιὰπςλασεν.ἱ5;ηὶ1.
863 3256 966 3274 κντει.
985 3248 1035 3275 καὶ
1059 3243 1188 3285 ἔληξεν]

333 3292 346 3316 s
371 3291 425 3323 Sic
440 3288 543 3323 Savil.
559 3297 591 3320 et
603 3301 718 3321 ornnes
737 3290 800 3321 sei-«¹
818 3292 892 3323 mss.
913 3292 1029 3325 Morel.
1049 3297 1150 3335 emsa-1,
1171 3299 1184 3328 ὸ
1202 3298 1298 3335 λόγος.

1378 3198 1389 3218 κ
1414 3190 1467 3219 Sic
1486 3188 1605 3221 Saxil..
1633 3187 1746 3219 Metel.
1767 3195 1799 3219 rt
1827 3187 1954 3230 aliquot
1975 3187 2052 3221 Mss.
2084 3183 2143 3218 Alii
2174 3189 2341 3225 ὃιαστῗσαι,

1335 3239 1389 3272 nlil
1407 3244 1610 3278 ὖιαιαπιῖεαι.

1379 3294 1395 3319 ¹⁸
1422 3293 1520 3327 Coll).
1552 3305 1635 3325 unus
1661 3294 1820 3337 ἆζιιόξομιν
1848 3295 1959 3340 σρόῧρα
1993 3297 2210 3334 ἰπιτεθιμίνης.
2236 3289 2339 3326 Smil-

293 3342 372 3376 lbid
403 3341 507 3377 Savil,
525 3350 557 3374 ct
575 3350 639 3374 tres
656 3343 731 3374 Mss.
757 3353 960 3387 παραστῆσαι,
982 3344 1097 3377 melius
1113 3358 1212 3389 quam
1231 3347 1300 3378 Mo·
1335 3352 1501 3390 οἱμωξομει
1519 3351 1611 3388 μίγα.
