2513 3871
104 3234 200 3260 Mam.
222 3244 235 3272 5

291 196 377 254 148
693 209 733 238 s.

284 293 347 344 qui
366 292 558 344 imperium
576 290 731 334 affectat,
753 287 993 340 jugulatorem
1012 299 1118 324 suum
1139 283 1242 322 habi·

286 362 388 391 turus
417 360 482 397 est,
507 348 709 388 miserabile
735 347 901 398 idemque
924 344 1144 384 horrendum
1163 352 1243 397 post

286 412 417 452 caedem
444 410 711 463 spectaculum;
742 407 959 447 monachum
993 421 1079 446 vero
1112 406 1244 460 pietate

281 472 486 526 jugulatum
505 484 662 517 cernere,
681 468 789 508 dulce
807 478 914 520 atque
930 469 1086 507 salutare
1104 475 1294 520 specta-A

285 533 407 572 culum
426 540 491 571 est.
516 530 617 570 Adde
638 530 696 569 his
720 530 819 582 quod
845 529 1043 568 monachus
1065 528 1242 567 bonorum

286 607 432 633 suorum
451 592 670 631 affectatores
686 592 875 630 habiturus
888 601 955 638 est,
967 590 1190 629 :emulatores
1203 604 1244 628 ac

285 654 500 707 discipulos,
511 654 603 693 bona
613 669 659 693 ex
673 663 774 708 parte
786 662 1069 706 comptem-antes,
1081 663 1120 690 ut
1132 652 1244 706 ipsius

287 715 423 754 similes
439 715 613 754 evadant:
631 725 666 753 at
690 730 751 754 rcx
773 714 904 753 multos
919 715 1050 752 frustra
1071 713 1105 752 in
1124 713 1243 766 preci-

287 777 359 816 bus
376 790 555 815 sermones
573 776 790 821 iusumserit,
804 776 920 813 Deum
936 788 1077 826 rogans,
1089 783 1128 812 ut
1142 788 1244 812 nemo

287 838 450 887 exsistat,
468 840 531 889 qui
550 851 701 889 regnum
720 837 1054 875 affectet.Praeterea
1078 835 1181 873 illum
1197 835 1244 873 in-

288 899 451 938 terficere
477 898 597 937 nullus
615 898 758 947 audeat,
780 912 862 936 cum
887 897 1071 936 existimet
1092 897 1245 948 impium

287 973 324 998 se
351 960 387 998 in
409 961 525 999 Deum
554 960 736 1007 futurum,
755 959 784 997 si
811 973 892 997 euin
922 957 1104 997 sustulerit
1128 975 1137 996 ε
1160 957 1245 996 huic

289 1034 373 1059 vero
393 1020 497 1059 multi
513 1020 737 1072 jugulatores
757 1020 941 1071 ingruunt,
965 1017 1166 1071 tyrannidis
1191 1018 1245 1055 as-

287 1081 486 1119 sectatores.
504 1079 747 1126 Quamobrem
760 1078 849 1117 alter
864 1078 994 1117 milites
1007 1077 1155 1116 adhibet
1168 1091 1245 1116 cor·

290 1142 388 1193 poris
400 1141 455 1180 sui
468 1139 645 1185 custodes,
661 1139 751 1178 alter
764 1140 870 1178 urbes
885 1138 1051 1192 precibus
1061 1139 1135 1177 suis
1152 1148 1245 1176 tam-

288 1215 398 1252 quam
428 1215 532 1240 muro
558 1201 768 1248 communit,
790 1200 967 1238 neminem
992 1201 1141 1245 timens,
1163 1214 1245 1238 cum

291 1277 355 1301 rex
369 1272 541 1315 perpetuo
557 1262 591 1300 in
611 1262 750 1310 timore,
761 1263 927 1300 continua
948 1261 983 1298 in
1003 1259 1108 1298 credis
1127 1274 1246 1312 exspe-

288 1323 440 1361 ctatione
465 1322 564 1360 vivat
587 1338 596 1363 2
618 1336 739 1360 secum
763 1322 857 1360 enim
885 1320 1093 1359 circumfert
1121 1320 1245 1357 avari-

287 1383 373 1422 tiam
391 1382 641 1436 periculosam.
656 1397 719 1435 pro
737 1397 806 1433 qua
830 1381 1024 1419 monachus
1044 1390 1158 1419 tutam
1173 1394 1247 1433 prae

289 1458 327 1483 se
359 1445 426 1482 sert
456 1443 619 1484 salutem.
643 1442 798 1481 Proinde
823 1442 868 1481 de
887 1442 994 1481 rebus
1012 1456 1093 1493 quae
1123 1456 1186 1480 nos
1211 1442 1246 1479 in

287 1505 450 1558 praesenti
466 1505 539 1543 vita
558 1504 827 1542 circumsistunt
845 1502 987 1542 abunde
1007 1502 1095 1541 mihi
1113 1502 1248 1542 dixisse

117 1587 276 1622 comparat
289 1568 427 1606 videor.
448 1566 554 1616 Quod
572 1567 599 1605 si
620 1575 654 1605 et
672 1576 848 1605 certamen
865 1566 1028 1604 futurum
1045 1564 1248 1603 examinare

86 1635 276 1696 ἓᾘὸώίξὲξ
290 1628 457 1677 velimus,
473 1628 690 1667 monachum
707 1627 853 1680 quidem
872 1626 1075 1666 videbimus
1091 1625 1247 1678 splendi-

84 1720 117 1737 m
146 1720 181 1736 ,,.
214 1718 277 1746 quse
290 1690 377 1729 dum
397 1704 438 1728 ac
459 1691 691 1742 conspicuum
717 1689 795 1742 rapi
816 1689 907 1726 inter
927 1687 1038 1726 nubes
1056 1687 1103 1726 ad
1122 1702 1249 1726 occur-

87 1757 276 1829 xlxxiffrw
290 1765 368 1790 sum
383 1750 542 1789 Christi
532 1765 568 1789 in
583 1765 661 1789 aera
667 1750 857 1803 ,exemplo
870 1749 973 1787 ducis
987 1759 1020 1787 et
1036 1749 1249 1787 institutmis

292 1813 401 1865 hujus
421 1812 504 1851 vitae
534 1780 700 1851 salutaris
726 1810 961 1861 omniumque
985 1810 1176 1849 virtutum.
1204 1814 1249 1848 At

291 1889 367 1924 rex,
380 1874 408 1912 si
422 1873 567 1925 quidem
579 1873 676 1924 juste
689 1882 724 1911 et
737 1872 892 1911 humane
908 1872 1101 1924 imperium
1118 1872 1250 1910 rexisse

295 1936 394 1973 visus
422 1933 528 1973 suerit
551 1947 655 1972 suum
678 1933 761 1984 (hoc
779 1942 897 1971 autem
913 1932 1107 1970 admodum
1129 1947 1249 1970 rarum

295 2000 377 2046 est),
389 1996 562 2034 minorem
578 1996 750 2042 salutem,'
761 1995 935 2033 minorem
951 1994 1121 2032 honorem
1132 1994 1252 2032 sortie-

294 2067 354 2096 tur
373 2073 381 2094 :
404 2072 474 2096 non
493 2058 588 2096 enim
610 2056 717 2102 idem,
738 2070 820 2104 non,
841 2056 1000 2108 inquam,
1023 2055 1114 2093 idem
1132 2055 1250 2103 suerit,

294 2118 410 2156 bonus
429 2132 510 2165 rex,
529 2127 562 2156 et
584 2118 778 2156 monachus
798 2131 973 2155 summam
1000 2117 1033 2154 in
1059 2116 1126 2154 Dei
1150 2116 1251 2154 cultu

295 2191 418 2215 curam
434 2191 581 2229 ponens
595 2178 658 2215 Sin
673 2186 791 2214 autem
808 2175 941 2213 malum
957 2184 990 2213 et
1006 2175 1251 2221 importunum

297 2236 432 2275 vixisse
449 2250 530 2274 eum
551 2235 769 2281 constiterit,
789 2248 830 2271 ac
853 2233 975 2271 multis
1006 2233 1110 2270 malis
1129 2233 1251 2270 orbem

296 2294 504 2347 replevisse,
527 2295 607 2346 quis
625 2293 767 2332 tandem
794 2306 959 2331 enarrare
978 2291 1085 2344 possit
1103 2290 1251 2329 calami-

298 2362 385 2391 tates
405 2367 464 2391 eas
481 2367 570 2404 quas
588 2353 763 2392 sustinere
781 2366 862 2390 eum
883 2349 1038 2397 videbis,
1065 2349 1137 2400 igni
1158 2363 1252 2388 exu-

299 2420 406 2458 stum,
422 2411 650 2462 flagellatum,
666 2410 878 2454 cruciatum,
893 2408 1046 2460 denique
1062 2423 1100 2446 ea
1119 2408 1255 2461 patien-

299 2479 386 2517 tem,
408 2484 487 2520 quae
510 2484 622 2520 neque
641 2469 751 2507 verbo
776 2467 947 2521 exprimi,
971 2481 1084 2519 neque
1115 2481 1149 2505 re
1178 2466 1254 2520 ipsa

304 2526 446 2565 tolerari
471 2527 644 2580 possunt?
669 2527 751 2566 lltcc
775 2527 893 2565 omnia
916 2535 1130 2579 reputantes,
1150 2535 1256 2577 atque

299 2585 506 2634 ediscentes,
526 2601 593 2624 non
614 2595 752 2638 oportet
769 2584 899 2623 divites
918 2584 1087 2622 admirari
1103 2584 1255 2622 :etenim

301 2653 439 2682 constat
454 2645 582 2683 horum
596 2643 783 2683 dominum
801 2657 844 2682 ne
858 2642 1038 2681 tantillum
1052 2642 1196 2693 quidem
1211 2641 1257 2681 ad

304 2703 468 2741 monachi
496 2702 664 2742 virtutem
691 2702 840 2756 propius
868 2700 1044 2740 accedere
1073 2701 1169 2753 Ergo
1196 2700 1256 2738 nbi

302 2763 527 2815 conspexeris
545 2762 695 2801 divitem
713 2771 809 2800 veste
830 2769 1010 2807 ornatum,
1027 2774 1114 2798 auro
1134 2774 1258 2813 super·

302 2819 405 2870 bum,
422 2835 529 2859 curru
549 2830 705 2870 vectum,
722 2821 857 2859 incessu
877 2819 1067 2870 magnifico
1086 2818 1257 2857 inceden-

305 2886 389 2926 tem,
413 2892 455 2915 nc
476 2878 653 2916 hominem
673 2878 817 2917 beatum
841 2877 982 2916 dixeris
1006 2893 1013 2918 :
1038 2877 1259 2931 temporaria!

302 2936 395 2973 enim
417 2935 569 2984 ‹tis-inim,
592 2946 625 2974 et
652 2935 822 2988 quicquid
845 2935 979 2974 bonum
999 2949 1074 2973 csse
1097 2934 1254 2981 videtur,

305 3008 374 3031 uua
397 3009 476 3032 cuni
499 2995 570 3033 vita
594 2994 660 3032 hac
690 2994 946 3046 corrumpitur.
969 2996 1012 3031 Λι
1043 2993 1257 3031 monachum

304 3052 365 3089 ubi
387 3053 519 3091 videris
538 3053 652 3091 solum
672 3053 913 3097 incedentem.
933 3051 1129 3098 humilem,
1151 3065 1256 3090 man-

303 3120 455 3155 suetum,
471 3111 644 3161 quietum,
660 3111 865 3163 pacificum,
881 3109 1062 3148 hominem
1077 3109 1256 3157 annulare,

303 3168 356 3205 sar
377 3167 519 3204 videare
533 3168 688 3205 imitator
708 3168 941 3220 philosophice
959 3167 1085 3220 ipsius,
1102 3167 1156 3205 sac
1174 3181 1255 3220 pre-

279 3257 284 3262 .
304 3225 393 3264 cen‘s
410 3240 486 3263 esse
505 3226 590 3276 justi
614 3226 763 3263 similis:
788 3228 913 3264 Petite
936 3226 1046 3272 enim,
1068 3226 1197 3277 inquit,
1219 3235 1255 3264 et

302 3285 459 3322 dabitur
479 3286 597 3322 vohis.
620 3283 701 3320 llaec
718 3285 812 3321 enim
830 3296 910 3321 vere
931 3293 1012 3322 suunt
1033 3285 1139 3329 bona,
1162 3284 1254 3322 salu-

303 3342 391 3380 taria
411 3341 602 3384 manentia,
624 3350 767 3392 propter
789 3341 920 3379 Christi
941 3341 1191 3392 benignitatem
1215 3357 1255 3379 ac

306 3398 563 3452 piovitlentiant
585 3415 591 3438 ;
611 3398 665 3434 rui
685 3398 808 3446 gloria.
824 3407 888 3434 etc.

771 206 957 237 tonsis
992 202 1236 234 cttttt'sosT.
1273 200 1482 231 Attenuat».
1514 200 1878 231 cossrnnxot’.

1317 283 1467 327 πολλοὺς
1486 284 1694 336 εὐχομένους
1714 285 1809 335 αὐτῷ
1829 284 1980 334 φανῆναι
2003 281 2273 334 παραπλησίους
2291 295 2298 303 ·
2323 282 2341 318 ὁ

1318 344 1355 383 δὶ
1374 343 1521 388 πολλους
1542 344 1583 382 ἂν
1605 346 1638 383 ἐν
1660 349 1872 396 προσευγαῖς
1890 341 2102 382 ἀναλώσειεν
2115 342 2238 401 λόγους
2263 341 2342 380 δεό-

1293 421 1420 470 μενος
1440 409 1500 444 τοῦ
1506 407 1612 445 θεοῦ
1636 405 1771 456 μηδένα
1798 408 1950 457 φανῆναι
1969 407 2032 451 τῆς
2052 403 2232 455 βασιλείας
2257 406 2340 456 ε’ρα·

1293 447 1417 513 στήν.
1441 467 1512 506 Καὶ
1528 482 1585 505 τον
1604 466 1668 518 μὲν
1693 467 1803 509 οὐδεὶς
1827 467 1867 503 ἂν
1890 466 2095 503 ἀποκτεῖναι
2113 464 2342 516 τολμήσειεν,

1318 530 1366 571 εἰς
1397 527 1455 565 τὸν
1491 528 1601 566 Θεον.
1618 526 1758 566 ἀσείεῖν
1794 526 2009 577 ηγούμενος,
2038 527 2069 564 εἰ
2099 526 2159 564 τὸν
2188 528 2341 565 τοιοῦτον

1319 591 1457 629 ἀνέλοι·
1487 592 1538 643 τῷ
1559 589 1595 628 δὲ
1621 590 1745 628 πολλοὶ
1765 595 1906 640 σφαγεῖς
1935 587 2167 639 ἐφεστήκασιν
2197 586 2343 639 ἐρασταὶ

1317 651 1530 704 τυραννίδος.
1548 651 1678 700 Διόπερ
1698 654 1716 688 ὁ
1732 649 1795 699 μὲν
1815 655 2015 701 φρουρεῖται
2034 647 2268 698 στρατιώταις
2285 676 2296 691 .
2325 650 2344 685 ὁ

1319 714 1354 751 δὲ
1380 713 1499 756 πόλεις
1528 713 1673 764 τειχίζει
1699 717 1776 754 ταῖς
1807 712 1926 762 εὐχαῖς
1943 740 1954 759 ,
1973 711 2094 750 οὐδένα
2115 708 2279 752 δεδοικώς
2297 723 2306 732 ·
2324 710 2345 745 ὁ

1320 773 1355 812 δὲ
1381 773 1542 824 βασιλεὺς
1569 775 1622 811 ἀεὶ
1650 772 1745 824 φόίῳ
1764 775 1847 823 συζῇ
1876 772 1934 809 καὶ
1959 770 2151 823 προσδοκίᾳ
2179 771 2315 822 σφαγῆς
2331 783 2342 793 ·

1319 841 1337 874 ὁ
1359 835 1422 885 μὲν
1442 835 1509 887 γὰρ
1529 836 1744 873 ἐπικίνδυνον
1766 835 1840 886 ἔχει
1859 834 2059 877 πλεονεξίαν
2073 861 2084 878 ,
2101 835 2119 871 ὁ
2137 830 2173 871 δὲ
2199 833 2340 884 άσφαλῆ

1321 898 1511 947 σωτηρίαν.
1539 895 1628 949 Περὶ
1664 896 1727 945 μὲν
1755 889 1813 934 οὖν
1841 897 1912 933 τῶν
1947 897 1983 933 ἐν
2013 897 2063 948 τῷ
2094 893 2242 946 παρόντι
2276 891 2344 947 βίῳ

1318 957 1538 1009 πραγμάτων
1559 959 1688 1000 ἱκανῶς
1715 956 1874 1006 εἰρῆσθαί
1907 972 1967 1007 μοι
2000 956 2106 994 δοκεῖ.
2139 956 2182 994 El
2216 953 2252 993 δὲ
2281 954 2343 992 καὶ

1316 1020 1374 1058 τὸν
1395 1021 1515 1069 ἀγῶνα
1534 1018 1591 1056 τὸν
1614 1017 1787 1068 μέλλοντα
1809 1018 2062 1069 βουληθείημεν
2082 1015 2267 1063 ἐξετάζειν,
2283 1014 2344 1053 τὸν

1319 1079 1381 1129 μὲν
1403 1080 1560 1130 ὀψόμεθα
1585 1079 1748 1130 λαμπρὸν
1765 1079 1824 1116 καὶ
1844 1078 2076 1129 περίὸλεπτον
2097 1075 2342 1129 ἁρπαζόμενον

1318 1143 1352 1178 ἰν
1371 1140 1531 1193 νεφέλαις
1551 1142 1599 1183 εἷς
1617 1139 1813 1186 ἀπάντησιν
1830 1143 1890 1177 τοῦ
1907 1139 2037 1191 Κυρίου
2052 1141 2100 1182 εἰς
2117 1139 2204 1189 α’ἑρα
2220 1168 2231 1186 ,
2250 1136 2342 1176 κατὰ

1316 1200 1375 1239 τὸν
1407 1201 1564 1251 ἡγεμόνα
1595 1201 1655 1239 καὶ
1691 1201 1881 1246 παιδευτὴν
1914 1205 1974 1239 τοῦ
2007 1200 2182 1253 σωτηρίου
2216 1199 2342 1239 τούτου

1319 1261 1395 1312 βίου
1414 1262 1473 1300 καὶ
1495 1262 1612 1306 πάσης
1631 1263 1758 1313 ἀρετῆς
1774 1274 1781 1282 ·
1804 1264 1823 1299 ὁ
1841 1262 1876 1299 δὲ
1904 1262 2068 1312 βασιλεὺς
2084 1291 2095 1310 ,
2120 1262 2179 1301 ἐὰν
2203 1261 2266 1312 μὲν
2286 1263 2344 1300 δι-

1317 1321 1423 1364 καίως
1442 1323 1565 1373 φανείη
1586 1322 1644 1360 καὶ
1661 1322 1915 1374 φιλανθρώπως
1940 1323 2119 1369 διοικήσας
2141 1322 2206 1369 τὴν
2231 1321 2347 1375 ἀρχὴν

1318 1382 1422 1434 (πολὺ
1443 1383 1479 1421 δὲ
1497 1387 1598 1422 τοῦτο
1617 1383 1791 1431 σπάνιον),
1806 1383 1987 1426 ἐλάττονος
2004 1383 2103 1422 ἔσται
2123 1382 2348 1435 σωτηρίαςτι

1317 1444 1378 1482 καὶ
1406 1446 1512 1494 τιμῆς
1529 1457 1537 1466 ·
1570 1444 1608 1481 οὐ
1629 1443 1696 1495 γὰρ
1719 1442 1791 1482 1ι’σον
1805 1474 1815 1490 ,
1834 1444 1897 1481 οὐκ
1913 1443 1987 1482 ἴσον
2009 1443 2174 1495 βασιλεύς
2196 1459 2235 1482 τε
2253 1458 2347 1496 χρη-

1317 1505 1398 1549 στὸς
1424 1505 1484 1544 καὶ
1516 1505 1668 1556 μοναχὸς
1696 1505 1811 1556 ἄκρως
1836 1508 1879 1556 τῇ
1907 1509 1968 1544 τοῦ
1991 1508 2086 1544 Θεοῦ
2115 1504 2260 1556 λατρεία
2279 1520 2347 1544 συ-

1318 1563 1397 1611 ζῶν.
1421 1568 1464 1605 Εἰ
1483 1566 1518 1604 δὲ
1540 1566 1663 1618 φανείη
1683 1567 1833 1618 πονηρὸς
1857 1566 1918 1605 καὶ
1945 1567 2086 1615 σκαιὸς,
2111 1568 2251 1606 πολλῶν
2275 1581 2347 1605 κα-

1319 1631 1389 1666 κῶν
1406 1628 1644 1678 ἐμπεπληκὼς
1664 1628 1728 1674 τὴν
1747 1631 1827 1679 γῆν,
1848 1627 1901 1672 τίς
1919 1628 1959 1666 ἂν
1977 1630 2085 1666 εἰπεῖν
2106 1627 2267 1675 δυνηθείη
2285 1626 2347 1671 τὰς

1319 1688 1500 1741 συμφορὰς
1533 1683 1586 1732 αἶς
1620 1689 1811 1741 ὀφθήσεται
1836 1689 2064 1742 συνεχόμενος
2080 1719 2090 1736 ,
2124 1687 2208 1740 πυρὶ
2245 1686 2348 1727 καιό-

1274 1775 1298 1804 c
1320 1766 1420 1800 μενος
1435 1781 1444 1797 ,
1465 1750 1742 1801 μαστιγούμενος
1755 1780 1764 1795 ,
1799 1750 2092 1802 στρεῧλούμινος,
2115 1752 2261 1788 τοιαῦτα
2278 1749 2347 1787 πά-

1322 1828 1417 1863 σχων
1444 1811 1535 1863 ἅπερ
1567 1812 1645 1850 οὔτε
1670 1812 1763 1864 λόγῳ
1799 1812 1888 1864 ῥητὰ
1902 1843 1911 1860 ,
1943 1812 2020 1850 οὐδὲ
2058 1811 2150 1863 ἔργῳ
2180 1810 2317 1863 φορητά
2333 1824 2344 1858 ;

1319 1875 1445 1912 Ταῦτα
1461 1872 1577 1910 πάντα
1597 1873 1648 1910 δεῖ
1668 1873 1912 1923 λογιζομένους
1928 1872 1987 1911 καὶ
2008 1873 2247 1923 μανθάνοντας
2263 1898 2275 1917 ,
2296 1871 2346 1921 μὴ

1320 1950 1398 1977 τους
1416 1935 1651 1975 πλουτοῦντας
1671 1934 1886 1984 θαυμάζειν
1909 1926 2010 1985 ὁγὰρ
2029 1933 2161 1972 τούτων
2175 1931 2347 1978 δεσπότης

1320 1994 1508 2047 πεφηνὼς,
1528 1995 1606 2034 οὐδε
1629 1995 1718 2033 κατὰ
1735 1995 1859 2047 μικρὸν
1879 1995 1979 2069 ἐγγυς
1997 1996 2106 2033 ἐλθεῖν
2126 1994 2269 2033 δύναται
2285 1994 2349 2040 τῆς

1321 2058 1380 2093 τοῦ
1404 2059 1558 2107 μοναχοῦ
1580 2056 1717 2106 αρετῆς.
1740 2054 1856 2092 ’Ὅταν
1874 2057 1932 2092 οὖν
1954 2054 2028 2106 ἴδῃς
2044 2053 2208 2092 πλούσιον
2228 2055 2349 2100 ε’σθῆτι

1322 2117 1587 2166 κεκοσμημένον
1601 2146 1610 2162 ,
1628 2117 1749 2167 χρυσῷ
1767 2115 2103 2165 καλλωπιζόμενον,
2129 2113 2186 2153 ἐπ’
2207 2113 2348 2167 ὀχημά-

1322 2193 1391 2215 των
1413 2177 1600 2228 φερόμενον
1616 2207 1626 2224 ,
1646 2177 1778 2221 ἐξόδους
1792 2176 1926 2221 ἐξιόντα
1946 2175 2113 2227 λαμπρὰς
2130 2206 2138 2219 ,
2163 2175 2212 2226 μὴ
2226 2190 2348 2226 μακα-

1326 2237 1425 2288 ρίσῃς
1442 2237 1500 2275 τὸν
1519 2238 1702 2289 ἄνθρωπον
1713 2250 1720 2258 ·
1738 2236 1951 2289 πρόσκαιρος
1968 2236 2037 2289 γὰρ
2055 2240 2073 2275 ὁ
2090 2238 2238 2281 πλοῦτος
2251 2266 2262 2282 ,
2285 2235 2347 2275 καὶ

1325 2299 1364 2336 τὸ
1382 2298 1503 2337 δοκοῦν
1526 2292 1614 2337 εἶναι
1628 2299 1734 2337 καλὸν
1753 2301 1803 2351 τῷ
1826 2298 1892 2351 βίῳ
1910 2298 2022 2351 τούτῳ
2038 2297 2350 2350 συνδιαφθείρεται·

1326 2359 1479 2411 μοναχὸν
1500 2358 1536 2398 δὲ
1553 2359 1634 2398 ἰδὼν
1654 2361 1838 2411 βαδίζοντα
1855 2359 1972 2411 μόνον,
1989 2358 2152 2397 ταπεινὸν
2165 2359 2226 2396 καὶ
2239 2363 2350 2410 πρᾶον

1327 2421 1386 2459 καὶ
1407 2421 1552 2474 ἡσύχιον
1570 2422 1629 2460 καὶ
1645 2422 1776 2474 ἥμερον
1794 2453 1803 2470 ,
1824 2423 1979 2468 ζήλωσον
1996 2422 2055 2460 τὸν
2075 2421 2185 2475 ἄνδρα
2199 2450 2210 2469 ,
2224 2419 2352 2473 φάνηθι

1328 2483 1485 2533 μιμητὴς
1509 2486 1571 2528 τῆς
1590 2483 1722 2522 ἐκείνου
1738 2482 1941 2535 φιλοσοφίας
1956 2513 1966 2530 ,
1999 2476 2093 2527 εὖξαι
2122 2481 2283 2532 γενέσθαι
2300 2482 2352 2532 τῷ

1326 2544 1450 2595 δικαίῳ
1469 2544 1716 2597 παραπλήσιος
1731 2559 1738 2568 ·
1757 2547 1894 2583 Αἰτεῖτε
1910 2544 1991 2596 γὰρ,
2007 2543 2093 2596 φησὶ
2107 2571 2117 2588 ,
2133 2542 2194 2581 καὶ
2210 2541 2352 2588 δοθήσε·

1327 2621 1385 2643 ται
1406 2608 1502 2655 ὑμῖν.
1523 2607 1646 2644 Ταῦτα
1670 2606 1738 2657 γὰρ
1759 2607 1806 2648 ὡς
1827 2607 1965 2651 ἀληθῶς
1988 2604 2081 2642 καλὰ
2102 2603 2162 2641 καὶ
2194 2602 2351 2656 σωτήρια

1329 2667 1387 2704 καὶ
1412 2667 1544 2717 μόνιμα
1558 2696 1568 2712 ,
1589 2666 1647 2705 διὰ
1669 2667 1732 2713 τὴν
1751 2671 1812 2704 τοῦ
1832 2667 1983 2718 Χριστοῦ
2002 2664 2268 2718 φιλανθρωπίαν
2292 2665 2352 2702 καὶ

1328 2727 1518 2781 πρόνοιαν·
1541 2721 1570 2780 ᾧ
1589 2731 1610 2773 ἡ
1634 2727 1715 2772 δόξα
1734 2728 1793 2766 καὶ
1820 2727 1860 2766 τὸ
1882 2726 2008 2779 κράτος
2030 2727 2078 2768 εἶς
2112 2725 2192 2770 τοὺς
2224 2727 2353 2769 αἰῶνας

1329 2792 1397 2827 τῶν
1419 2788 1565 2827 αἰώνων.
1588 2788 1708 2839 Ἀμήν.
