2253 3830
79 253 105 280 ll
837 249 1051 277 tzt’lffl'om
1094 249 1418 279 DEDicA'l'ont-t.

74 335 288 379 omnium
315 332 482 378 studiis
509 331 595 376 boc
621 331 830 393 primum
854 335 999 377 {utatis
1026 331 1230 378 stadium
1256 334 1510 380 exornarit.
1540 335 1777 380 Hactenus
1808 344 1937 381 tanto
1957 335 2070 382 Viro
2095 336 2159 381 si-

74 407 197 453 milis
214 444 224 462 ,
248 407 304 452 ad
331 406 567 468 reliquum
591 406 694 451 vitm
717 406 923 469 spatium
947 423 1000 452 eo
1031 416 1272 469 tamqnam
1305 409 1492 470 speculo
1519 417 1564 455 et
1586 409 1859 472 exemplari,
1895 409 1982 457 Vm
2022 412 2157 458 Pas:-

72 498 383 536 STANTtssmE,
410 481 559 526 utaris
581 497 734 544 opera}
756 482 958 544 pretium
981 482 1140 528 suerit.
1170 482 1311 529 Nulla
1337 484 1563 529 sincerior
1584 484 1771 530 vivendi
1797 500 1981 542 norma,
2008 501 2152 548 quam

67 555 169 616 ejus
212 557 332 611 vita;
377 556 518 601 null-‘e
560 557 898 620 praeceptiones
939 556 997 603 ad
1040 557 1181 603 vitam
1222 558 1563 604 instituendam
1604 558 1813 606 utiliores
1835 595 1846 615 ,
1876 575 2020 622 quam
2053 560 2154 622 ejus

67 629 239 692 scripta
274 629 524 691 cujuslibet
566 630 780 691 generis,
809 630 1044 687 bomibae,
1087 634 1340 686 orationes,
1369 632 1590 694 epistolw.
1629 633 1712 677 llic
1754 631 1929 677 edisces
1965 634 2154 695 qualem

66 713 279 767 oporteat
310 719 407 749 esse
440 704 489 750 in
521 704 641 759 otio,
672 705 720 750 in
749 706 938 768 negotio
956 743 966 759 ,
994 707 1182 768 qualem
1214 708 1260 751 in
1286 707 1624 752 Ecclesiasticis
1648 706 1958 769 dignitatibus
1983 718 2028 752 et
2052 707 2156 752 ossi-

64 779 143 823 ciis
159 776 577 834 administrandis;
605 794 747 840 qnam
771 779 937 825 fortem
958 781 1006 825 in
1028 781 1230 826 adversis
1246 817 1257 837 ‚
1288 798 1432 843 quam
1450 790 1640 826 cautum
1662 781 1710 825 in
1733 780 1984 843 prosperis,
2006 797 2150 842 quam

62 851 439 915 imperterritum
464 853 511 898 in
540 870 699 899 rerum
725 854 1162 912 vicissitudinibns;
1189 872 1331 918 quain
1359 855 1639 918 prudentem
1670 855 1719 900 in
1745 855 2041 918 capessendis
2067 872 2153 902 ne-

60 927 217 988 gotiis,
238 943 342 989 quce
371 929 560 973 nonnisi
584 929 939 993 circumspectis
958 930 1101 976 rebus
1123 930 1364 987 omnibus,
1388 930 1750 991 rationibusque
1775 929 2019 976 subductis
2041 945 2151 975 sus-

60 1001 274 1063 cipienda
301 1017 398 1048 esse
414 1012 571 1049 monet
595 1003 672 1049 ille
698 1004 987 1066 frequenter.
1011 1005 1160 1052 'Nemo
1190 1015 1258 1070 est
1285 1006 1368 1067 qui
1393 1006 1655 1069 sapientius
1678 1004 1759 1051 tibi
1786 1004 1984 1051 suadere
2005 1005 2150 1068 possit

59 1074 394 1137 Chrysostomo
413 1095 424 1123 :
443 1093 705 1140 numquam
728 1078 902 1135 labere,
923 1079 960 1124 si
985 1079 1138 1142 ipsum
1157 1079 1334 1125 audias,

122 1149 226 1196 Alia
255 1151 365 1196 item
390 1167 461 1196 me
487 1168 560 1198 res
586 1154 846 1216 compulit,
872 1153 957 1200 Vin
987 1155 1388 1200 l‘ii,r.s‘r.·m·rissimz
1410 1191 1421 1210 ,
1459 1165 1511 1200 ut
1541 1163 1585 1199 tc
1616 1154 1728 1199 huic
1753 1155 1882 1218 operi
1910 1155 2142 1201 Maecena-

58 1232 146 1268 tem
181 1223 479 1269 inscriberem
499 1245 509 1280 ;
546 1226 672 1289 quod
700 1227 876 1272 seilicet
898 1243 991 1272 non
1009 1227 1147 1272 modo
1165 1227 1435 1289 disciplinas
1450 1237 1493 1272 et
1509 1238 1630 1273 artes
1647 1243 1832 1272 summo
1851 1226 2006 1272 studio
2030 1244 2146 1290 pro-

58 1298 287 1359 sequari3‚
334 1298 412 1344 sed
432 1299 571 1344 etiam
596 1299 723 1361 quod
749 1299 952 1345 literatos
972 1301 1235 1362 patrocinio
1261 1311 1341 1346 tuo
1376 1300 1526 1346 foveas
1545 1311 1589 1346 et
1611 1316 1824 1346 exornes.
1856 1302 1953 1346 lloc
1975 1317 2145 1364 genere

59 1371 209 1417 laudis
243 1371 427 1416 nullum
464 1373 643 1434 majus,
679 1373 866 1418 nullum
909 1373 1107 1436 publicae
1145 1376 1208 1419 rei
1254 1374 1433 1420 utilius.
1468 1375 1617 1420 Labat
1664 1386 1786 1420 certe
1822 1375 2141 1421 studiosorum

54 1447 267 1503 animus,
298 1462 405 1492 cum
440 1463 464 1492 e
503 1446 743 1510 prioribus
783 1463 921 1493 nemo
953 1464 1090 1511 opem
1126 1447 1295 1494 afferre
1331 1458 1523 1512 paratus
1562 1449 1707 1495 adest.
1739 1449 1964 1508 Etenim,
1991 1459 2046 1496 ut
2077 1453 2141 1497 ait

51 1521 242 1584 quidam
264 1557 276 1577 ,

583 1619 723 1657 Idcirco
745 1620 860 1658 virtus
881 1620 999 1658 medio
1014 1621 1105 1672 jacet
1128 1621 1254 1658 obruta
1276 1635 1386 1659 coeno.

46 1760 130 1805 Est
152 1758 316 1822 utique
343 1759 634 1804 literatorum
659 1775 810 1822 genus
835 1760 973 1823 vulgo
1011 1759 1233 1805 timidum
1256 1796 1267 1816 ,
1295 1759 1435 1805 rebus
1457 1759 1678 1821 gerendis
1716 1776 1809 1805 non
1842 1770 2005 1823 aptum
2030 1781 2040 1807 τ
2062 1764 2131 1809 rei

45 1834 262 1879 familiari
285 1834 354 1880 vel
379 1833 600 1879 curanda}
623 1834 695 1879 vel
729 1834 957 1897 augendae
990 1834 1190 1897 impares
1223 1844 1277 1880 ut
1310 1834 1572 1897 plurimum
1597 1843 1712 1880 sunt
1735 1835 1824 1880 viri
1849 1836 2028 1898 quique
2048 1841 2132 1882 'ar-

45 1909 165 1954 tium
202 1921 246 1955 et
271 1908 632 1972 disciplinarum
655 1909 822 1971 peritia
851 1910 1061 1972 insignes
1098 1911 1112 1968 (
1132 1919 1252 1956 artes
1268 1926 1376 1955 cum
1396 1909 1499 1956 aliis
1519 1909 1784 1972 disciplinis
1821 1910 2129 1973 copulamus;

0 1984 29 2006 ¹¹¹
45 1984 129 2028 Est
147 1983 293 2037 enim,
317 1992 371 2028 ut
389 1983 452 2028 ait
476 1982 573 2038 ille,
600 1983 775 2028 artium
801 1983 1161 2046 studiorumque.
1181 1984 1315 2046 quasi
1347 1982 1548 2029 finitima
1579 1984 1847 2046 vicinitas).
1873 1985 1967 2030 llos
1987 1985 2130 2049 igitur

44 2056 198 2102 fovere
223 2073 393 2119 perge:
420 2056 466 2101 id
490 2058 614 2102 enim
641 2057 689 2101 in
722 2072 888 2119 magna
915 2057 1049 2102 laude
1087 2057 1376 2119 ponendum.
1412 2058 1510 2103 Hac
1543 2057 1593 2102 in
1614 2057 1753 2103 resae
1777 2057 1980 2119 palmam
1999 2059 2129 2106 obti-

40 2147 183 2177 neas:
210 2131 324 2176 illud
345 2148 452 2177 vero
474 2141 525 2176 ut
551 2147 817 2194 assequare,
842 2148 937 2178 non
962 2132 1052 2178 erit
1072 2132 1153 2177 tibi
1175 2142 1304 2178 tanto
1322 2141 1495 2178 conatu
1514 2147 1663 2194 opus;
1686 2148 1780 2178 non
1805 2133 1978 2179 multos
2001 2134 2128 2182 enim

39 2205 200 2251 eodem
228 2206 276 2251 in
306 2205 455 2251 stadio
479 2216 721 2251 currentes
745 2205 971 2252 offendes.
994 2205 1066 2252 Ad
1100 2217 1287 2252 caeteras
1322 2215 1428 2251 tuas
1453 2205 1638 2262 laudes,
1663 2204 1815 2251 aiebat
1835 2205 2030 2268 quidam
2056 2208 2128 2254 vir

39 2281 263 2343 insignis,
291 2280 414 2325 hane
447 2280 585 2325 etiam
627 2279 796 2337 addas,
821 2295 913 2342 qua
951 2281 1083 2327 nulla
1109 2297 1211 2327 meo
1249 2280 1443 2343 quidem
1472 2279 1653 2342 judicio
1690 2280 1839 2342 maj0r
1871 2291 1970 2338 est,
1994 2281 2125 2329 nulla

37 2356 321 2420 praeclarior,
348 2365 400 2401 ut
422 2355 662 2401 communi
685 2355 897 2401 omnium
926 2357 1211 2419 populorum
1236 2371 1469 2401 consensu
1499 2356 1769 2401 Lites-arum
1797 2353 1946 2401 Pater
1966 2357 2125 2402 nomi-

38 2432 176 2478 neris.
200 2432 269 2475 Te
301 2440 553 2493 patronum
576 2430 834 2493 suspiciant
856 2447 1019 2477 omnes
1043 2432 1124 2493 qui
1149 2430 1344 2494 quodvis
1367 2438 1552 2486 μαθήσεως
1576 2445 1725 2493 genus
1752 2438 2011 2487 sectantur,
2039 2433 2123 2495 qui

36 2506 93 2551 ad
117 2505 455 2551 mansuetiores
481 2506 640 2552 Musas
661 2521 707 2551 se
733 2504 971 2563 referunt,
996 2507 1078 2569 qni
1102 2515 1255 2551 mutas
1281 2516 1404 2552 artes
1429 2504 1728 2568 profitentur.
1750 2504 1835 2550 His
1856 2504 1940 2551 tibi
1957 2506 2123 2552 ossiciis

35 2580 92 2626 ad
130 2579 528 2626 immortalitatem
564 2579 687 2626 viam
715 2579 904 2643 parabis
926 2600 936 2625 :
959 2596 1102 2643 quam
1132 2580 1217 2626 tibi
1233 2616 1245 2637 ,
1266 2580 1354 2628 Vm
1377 2579 1663 2627 Ampmssmn
1681 2615 1695 2636 ,
1722 2581 1851 2625 omni
1873 2595 1929 2626 ex
1953 2587 2085 2642 parte
2105 2616 2118 2638 ,

37 2664 81 2698 vt
103 2669 401 2716 quacumque
425 2653 601 2717 percipi
625 2661 779 2717 potest
802 2653 983 2700 ratione
1006 2663 1221 2717 peroptat

683 2964 961 3028 obsequium
989 2965 1071 3011 tibi
1095 2981 1334 3010 summum
1360 2965 1597 3028 professus

1204 3267 1284 3311 Fu.
1312 3268 1451 3311 Bucam.
1492 3265 1573 3310 DE
1610 3263 2039 3312 MONTFAUCON
2059 3301 2071 3321 ‚

1168 3355 1435 3416 Presbyter,
1477 3354 1736 3401 Monachus
1773 3354 2103 3402 Benedictinus

1276 3457 1298 3484 e
1329 3438 1699 3501 Congregznione
1736 3440 1782 3483 S.
1812 3438 1985 3485 Mauri.
