<?xml version="1.0" encoding="UTF-8"?>
<!DOCTYPE html PUBLIC "-//W3C//DTD XHTML 1.0 Transitional//EN"
    "http://www.w3.org/TR/xhtml1/DTD/xhtml1-transitional.dtd">
<html xmlns="http://www.w3.org/1999/xhtml" xml:lang="en" lang="en">
 <head>
  <title>
</title>
<meta http-equiv="Content-Type" content="text/html;charset=utf-8" />
  <meta name='ocr-system' content='tesseract 3.04.00' />
  <meta name='ocr-capabilities' content='ocr_page ocr_carea ocr_par ocr_line ocrx_word'/>
</head>
<body>
  <div class='ocr_page' id='page_1' title='image "./operaomniaquaeex01johnuoft_0992.png"; bbox 0 0 2513 3871; ppageno 0'>
   <div class='ocr_carea' id='block_1_1' title="bbox 80 256 1292 2474">
    <p class='ocr_par' dir='ltr' id='par_1_1' title="bbox 80 256 1292 2474">
     <span class='ocr_line' id='line_1_1' title="bbox 287 256 380 317; baseline -0.022 -16"><span class='ocrx_word' id='word_1_1' title='bbox 287 256 380 317; x_wconf 71' lang='lat'>962</span> 
     </span>
     <span class='ocr_line' id='line_1_2' title="bbox 285 329 1240 404; baseline -0.023 -14"><span class='ocrx_word' id='word_1_2' title='bbox 285 361 319 390; x_wconf 90' lang='lat' dir='ltr'>et</span> <span class='ocrx_word' id='word_1_3' title='bbox 333 358 581 404; x_wconf 70' lang='lat' dir='ltr'>pretereamus</span> <span class='ocrx_word' id='word_1_4' title='bbox 595 362 603 383; x_wconf 72' lang='grc' dir='ltr'>ε</span> <span class='ocrx_word' id='word_1_5' title='bbox 619 359 661 384; x_wconf 92' lang='lat' dir='ltr'>ne</span> <span class='ocrx_word' id='word_1_6' title='bbox 677 346 754 383; x_wconf 87' lang='lat' dir='ltr'>loco</span> <span class='ocrx_word' id='word_1_7' title='bbox 769 341 892 382; x_wconf 82' lang='lat' dir='ltr'>Lazari</span> <span class='ocrx_word' id='word_1_8' title='bbox 906 336 1012 378; x_wconf 90' lang='lat' dir='ltr'>multi</span> <span class='ocrx_word' id='word_1_9' title='bbox 1027 344 1113 373; x_wconf 86' lang='lat' dir='ltr'>tunc</span> <span class='ocrx_word' id='word_1_10' title='bbox 1127 329 1240 371; x_wconf 79' lang='lat' dir='ltr'>nostri</span> 
     </span>
     <span class='ocr_line' id='line_1_3' title="bbox 87 396 1242 451; baseline -0.016 1"><span class='ocrx_word' id='word_1_11' title='bbox 87 419 158 446; x_wconf 74' lang='lat' dir='ltr'>Lm·-</span> <span class='ocrx_word' id='word_1_12' title='bbox 170 415 269 451; x_wconf 60' lang='lat'><strong>¹624·</strong></span> <span class='ocrx_word' id='word_1_13' title='bbox 287 412 373 450; x_wconf 80' lang='lat' dir='ltr'>liant</span> <span class='ocrx_word' id='word_1_14' title='bbox 394 417 626 447; x_wconf 75' lang='lat' dir='ltr'>accusatores.</span> <span class='ocrx_word' id='word_1_15' title='bbox 660 407 775 443; x_wconf 79' lang='lat' dir='ltr'>Mitte</span> <span class='ocrx_word' id='word_1_16' title='bbox 793 405 1000 445; x_wconf 79' lang='lat' dir='ltr'><strong><em>Lazarum,</em></strong></span> <span class='ocrx_word' id='word_1_17' title='bbox 1014 404 1057 435; x_wconf 80' lang='lat' dir='ltr'>ut</span> <span class='ocrx_word' id='word_1_18' title='bbox 1075 407 1161 433; x_wconf 85' lang='lat' dir='ltr'>cum</span> <span class='ocrx_word' id='word_1_19' title='bbox 1180 396 1242 431; x_wconf 73' lang='lat' dir='ltr'>in-</span> 
     </span>
     <span class='ocr_line' id='line_1_4' title="bbox 290 456 1288 513; baseline -0.021 -4"><span class='ocrx_word' id='word_1_20' title='bbox 290 473 449 510; x_wconf 69' lang='lat' dir='ltr'>tinxerit</span> <span class='ocrx_word' id='word_1_21' title='bbox 475 476 688 506; x_wconf 69' lang='lat' dir='ltr'>extremum</span> <span class='ocrx_word' id='word_1_22' title='bbox 708 466 822 513; x_wconf 76' lang='lat' dir='ltr'>digiti</span> <span class='ocrx_word' id='word_1_23' title='bbox 846 464 906 501; x_wconf 82' lang='lat' dir='ltr'>sui</span> <span class='ocrx_word' id='word_1_24' title='bbox 926 464 969 498; x_wconf 81' lang='lat' dir='ltr'>in</span> <span class='ocrx_word' id='word_1_25' title='bbox 986 460 1149 509; x_wconf 83' lang='lat' dir='ltr'>aquam,</span> <span class='ocrx_word' id='word_1_26' title='bbox 1178 456 1243 490; x_wconf 84' lang='lat' dir='ltr'>in-</span> <span class='ocrx_word' id='word_1_27' title='bbox 1263 456 1288 488; x_wconf 88' lang='lat' dir='ltr'>C</span> 
     </span>
     <span class='ocr_line' id='line_1_5' title="bbox 285 515 1242 581; baseline -0.02 -11"><span class='ocrx_word' id='word_1_28' title='bbox 285 533 407 570; x_wconf 77' lang='lat' dir='ltr'>su&#39;llet</span> <span class='ocrx_word' id='word_1_29' title='bbox 433 530 574 581; x_wconf 73' lang='lat' dir='ltr'>linguoe</span> <span class='ocrx_word' id='word_1_30' title='bbox 593 541 684 568; x_wconf 83' lang='lat' dir='ltr'>meae</span> <span class='ocrx_word' id='word_1_31' title='bbox 699 557 709 577; x_wconf 91' lang='lat'>,</span> <span class='ocrx_word' id='word_1_32' title='bbox 727 523 1012 579; x_wconf 45' lang='lat' dir='ltr'>quia-flammas</span> <span class='ocrx_word' id='word_1_33' title='bbox 1032 530 1136 556; x_wconf 77' lang='lat' dir='ltr'>uror.</span> <span class='ocrx_word' id='word_1_34' title='bbox 1159 515 1242 562; x_wconf 89' lang='lat' dir='ltr'>Qua</span> 
     </span>
     <span class='ocr_line' id='line_1_6' title="bbox 85 578 1242 636; baseline -0.016 -3"><span class='ocrx_word' id='word_1_35' title='bbox 85 598 266 636; x_wconf 55' lang='lat' dir='ltr'>Malle-7³·</span> <span class='ocrx_word' id='word_1_36' title='bbox 283 593 376 631; x_wconf 89' lang='lat' dir='ltr'>enim</span> <span class='ocrx_word' id='word_1_37' title='bbox 390 603 553 629; x_wconf 91' lang='lat' dir='ltr'>mensura</span> <span class='ocrx_word' id='word_1_38' title='bbox 573 587 782 636; x_wconf 75' lang='lat' dir='ltr'>metiemini,</span> <span class='ocrx_word' id='word_1_39' title='bbox 799 583 1004 624; x_wconf 78' lang='lat' dir='ltr'>remetietur</span> <span class='ocrx_word' id='word_1_40' title='bbox 1023 578 1142 618; x_wconf 80' lang='lat' dir='ltr'>vobiS.</span> <span class='ocrx_word' id='word_1_41' title='bbox 1161 578 1242 616; x_wconf 88' lang='lat' dir='ltr'>Non</span> 
     </span>
     <span class='ocr_line' id='line_1_7' title="bbox 284 637 1243 704; baseline -0.015 -13"><span class='ocrx_word' id='word_1_42' title='bbox 284 651 488 704; x_wconf 83' lang='lat' dir='ltr'>impartitus</span> <span class='ocrx_word' id='word_1_43' title='bbox 505 664 541 689; x_wconf 78' lang='lat' dir='ltr'>es</span> <span class='ocrx_word' id='word_1_44' title='bbox 560 648 701 688; x_wconf 81' lang='lat' dir='ltr'>micas?</span> <span class='ocrx_word' id='word_1_45' title='bbox 715 660 830 698; x_wconf 88' lang='lat' dir='ltr'>neque</span> <span class='ocrx_word' id='word_1_46' title='bbox 851 644 957 684; x_wconf 86' lang='lat' dir='ltr'>stillae</span> <span class='ocrx_word' id='word_1_47' title='bbox 971 640 1147 695; x_wconf 89' lang='lat' dir='ltr'>particeps</span> <span class='ocrx_word' id='word_1_48' title='bbox 1160 637 1243 677; x_wconf 88' lang='lat' dir='ltr'>eris.</span> 
     </span>
     <span class='ocr_line' id='line_1_8' title="bbox 284 699 1244 757; baseline -0.016 -6"><span class='ocrx_word' id='word_1_49' title='bbox 284 713 390 751; x_wconf 82' lang='lat' dir='ltr'>Mitte</span> <span class='ocrx_word' id='word_1_50' title='bbox 410 714 599 757; x_wconf 84' lang='lat' dir='ltr'>Lazarum,</span> <span class='ocrx_word' id='word_1_51' title='bbox 629 719 668 748; x_wconf 89' lang='lat' dir='ltr'>ut</span> <span class='ocrx_word' id='word_1_52' title='bbox 684 718 844 747; x_wconf 83' lang='lat' dir='ltr'>extremo</span> <span class='ocrx_word' id='word_1_53' title='bbox 863 705 980 757; x_wconf 84' lang='lat' dir='ltr'>digito</span> <span class='ocrx_word' id='word_1_54' title='bbox 1000 700 1150 741; x_wconf 86' lang='lat' dir='ltr'>instillet</span> <span class='ocrx_word' id='word_1_55' title='bbox 1169 699 1244 738; x_wconf 87' lang='lat' dir='ltr'>lin-</span> 
     </span>
     <span class='ocr_line' id='line_1_9' title="bbox 285 762 1244 824; baseline -0.015 -12"><span class='ocrx_word' id='word_1_56' title='bbox 285 788 362 824; x_wconf 65' lang='lat' dir='ltr'>guae</span> <span class='ocrx_word' id='word_1_57' title='bbox 380 786 481 820; x_wconf 54' lang='lat' dir='ltr'>meae,</span> <span class='ocrx_word' id='word_1_58' title='bbox 497 773 583 823; x_wconf 83' lang='lat' dir='ltr'>quia</span> <span class='ocrx_word' id='word_1_59' title='bbox 603 770 759 810; x_wconf 84' lang='lat' dir='ltr'>flammis</span> <span class='ocrx_word' id='word_1_60' title='bbox 777 782 878 807; x_wconf 90' lang='lat' dir='ltr'>uror.</span> <span class='ocrx_word' id='word_1_61' title='bbox 900 764 1000 813; x_wconf 88' lang='lat' dir='ltr'>Quid</span> <span class='ocrx_word' id='word_1_62' title='bbox 1021 776 1109 802; x_wconf 77' lang='lat' dir='ltr'>vero</span> <span class='ocrx_word' id='word_1_63' title='bbox 1133 762 1244 800; x_wconf 79' lang='lat' dir='ltr'>Abra-</span> 
     </span>
     <span class='ocr_line' id='line_1_10' title="bbox 84 823 1247 883; baseline -0.014 -8"><span class='ocrx_word' id='word_1_64' title='bbox 84 839 267 869; x_wconf 52' lang='lat' dir='ltr'>lucustas.</span> <span class='ocrx_word' id='word_1_65' title='bbox 285 836 367 873; x_wconf 81' lang='lat' dir='ltr'>liam</span> <span class='ocrx_word' id='word_1_66' title='bbox 383 833 427 872; x_wconf 79' lang='lat' dir='ltr'>ad</span> <span class='ocrx_word' id='word_1_67' title='bbox 442 833 572 872; x_wconf 77' lang='lat' dir='ltr'>illum?</span> <span class='ocrx_word' id='word_1_68' title='bbox 591 833 684 878; x_wconf 75' lang='lat' dir='ltr'>Fili,</span> <span class='ocrx_word' id='word_1_69' title='bbox 699 831 872 883; x_wconf 79' lang='lat' dir='ltr'>recepisti</span> <span class='ocrx_word' id='word_1_70' title='bbox 891 831 996 866; x_wconf 80' lang='lat' dir='ltr'>bona</span> <span class='ocrx_word' id='word_1_71' title='bbox 1012 834 1082 864; x_wconf 80' lang='lat' dir='ltr'>tua</span> <span class='ocrx_word' id='word_1_72' title='bbox 1099 827 1142 862; x_wconf 86' lang='lat' dir='ltr'>in</span> <span class='ocrx_word' id='word_1_73' title='bbox 1159 823 1247 861; x_wconf 79' lang='lat' dir='ltr'>vita</span> 
     </span>
     <span class='ocr_line' id='line_1_11' title="bbox 287 889 1247 942; baseline -0.014 -8"><span class='ocrx_word' id='word_1_74' title='bbox 287 904 366 942; x_wconf 81' lang='lat' dir='ltr'>tua,</span> <span class='ocrx_word' id='word_1_75' title='bbox 389 903 424 933; x_wconf 84' lang='lat' dir='ltr'>et</span> <span class='ocrx_word' id='word_1_76' title='bbox 446 896 621 933; x_wconf 76' lang='lat' dir='ltr'>Lazarus</span> <span class='ocrx_word' id='word_1_77' title='bbox 642 893 819 931; x_wconf 71' lang='lat' dir='ltr'>sirnIIi&#39;ter</span> <span class='ocrx_word' id='word_1_78' title='bbox 837 889 947 928; x_wconf 83' lang='lat' dir='ltr'>mala</span> <span class='ocrx_word' id='word_1_79' title='bbox 969 901 1065 930; x_wconf 81' lang='lat' dir='ltr'>sua;</span> <span class='ocrx_word' id='word_1_80' title='bbox 1085 894 1121 924; x_wconf 85' lang='lat' dir='ltr'>et</span> <span class='ocrx_word' id='word_1_81' title='bbox 1143 897 1247 922; x_wconf 85' lang='lat' dir='ltr'>nunc</span> 
     </span>
     <span class='ocr_line' id='line_1_12' title="bbox 288 947 1247 1002; baseline -0.014 -8"><span class='ocrx_word' id='word_1_82' title='bbox 288 960 360 994; x_wconf 79' lang='lat' dir='ltr'>iste</span> <span class='ocrx_word' id='word_1_83' title='bbox 375 957 439 993; x_wconf 78' lang='lat' dir='ltr'>hic</span> <span class='ocrx_word' id='word_1_84' title='bbox 455 956 696 1002; x_wconf 75' lang='lat' dir='ltr'>consolatur,</span> <span class='ocrx_word' id='word_1_85' title='bbox 713 963 753 991; x_wconf 82' lang='lat' dir='ltr'>eu</span> <span class='ocrx_word' id='word_1_86' title='bbox 771 965 866 990; x_wconf 81' lang='lat' dir='ltr'>vero</span> <span class='ocrx_word' id='word_1_87' title='bbox 884 950 1084 989; x_wconf 79' lang='lat' dir='ltr'>cruciaris.</span> <span class='ocrx_word' id='word_1_88' title='bbox 1107 947 1247 984; x_wconf 84' lang='lat' dir='ltr'>Rursus</span> 
     </span>
     <span class='ocr_line' id='line_1_13' title="bbox 287 1006 1244 1067; baseline -0.013 -12"><span class='ocrx_word' id='word_1_89' title='bbox 287 1017 347 1055; x_wconf 86' lang='lat' dir='ltr'>hic</span> <span class='ocrx_word' id='word_1_90' title='bbox 371 1030 440 1055; x_wconf 90' lang='lat' dir='ltr'>non</span> <span class='ocrx_word' id='word_1_91' title='bbox 458 1016 569 1061; x_wconf 80' lang='lat' dir='ltr'>dixit,</span> <span class='ocrx_word' id='word_1_92' title='bbox 588 1014 741 1067; x_wconf 81' lang='lat' dir='ltr'>Cepisti,</span> <span class='ocrx_word' id='word_1_93' title='bbox 762 1012 824 1051; x_wconf 89' lang='lat' dir='ltr'>sed</span> <span class='ocrx_word' id='word_1_94' title='bbox 843 1011 1035 1062; x_wconf 82' lang='lat' dir='ltr'>Recepisti</span> <span class='ocrx_word' id='word_1_95' title='bbox 1056 1025 1069 1048; x_wconf 92' lang='lat'>.·</span> <span class='ocrx_word' id='word_1_96' title='bbox 1087 1006 1244 1046; x_wconf 89' lang='lat' dir='ltr'>multum</span> 
     </span>
     <span class='ocr_line' id='line_1_14' title="bbox 287 1066 1246 1125; baseline -0.013 -9"><span class='ocrx_word' id='word_1_97' title='bbox 287 1078 389 1116; x_wconf 75' lang='lat' dir='ltr'>affert</span> <span class='ocrx_word' id='word_1_98' title='bbox 410 1076 629 1116; x_wconf 78' lang='lat' dir='ltr'>discriminis</span> <span class='ocrx_word' id='word_1_99' title='bbox 653 1075 790 1113; x_wconf 80' lang='lat' dir='ltr'>additio</span> <span class='ocrx_word' id='word_1_100' title='bbox 821 1069 1100 1125; x_wconf 68' lang='lat' dir='ltr'>praepositionis.</span> <span class='ocrx_word' id='word_1_101' title='bbox 1137 1066 1246 1116; x_wconf 88' lang='lat' dir='ltr'>Quod</span> 
     </span>
     <span class='ocr_line' id='line_1_15' title="bbox 287 1128 1244 1190; baseline -0.013 -13"><span class='ocrx_word' id='word_1_102' title='bbox 287 1140 382 1177; x_wconf 89' lang='lat' dir='ltr'>enim</span> <span class='ocrx_word' id='word_1_103' title='bbox 408 1151 563 1190; x_wconf 77' lang='lat' dir='ltr'>persaepe</span> <span class='ocrx_word' id='word_1_104' title='bbox 590 1137 728 1175; x_wconf 88' lang='lat' dir='ltr'>caritati</span> <span class='ocrx_word' id='word_1_105' title='bbox 758 1144 884 1173; x_wconf 66' lang='lat' dir='ltr'>vestrae</span> <span class='ocrx_word' id='word_1_106' title='bbox 916 1131 1013 1177; x_wconf 86' lang='lat' dir='ltr'>dixi,</span> <span class='ocrx_word' id='word_1_107' title='bbox 1047 1129 1106 1168; x_wconf 83' lang='lat' dir='ltr'>vel</span> <span class='ocrx_word' id='word_1_108' title='bbox 1138 1128 1244 1167; x_wconf 91' lang='lat' dir='ltr'>etiam</span> 
     </span>
     <span class='ocr_line' id='line_1_16' title="bbox 80 1191 1292 1251; baseline -0.013 -11"><span class='ocrx_word' id='word_1_109' title='bbox 80 1199 271 1238; x_wconf 66' lang='lat'>³0“”·⁵·39·</span> <span class='ocrx_word' id='word_1_110' title='bbox 287 1199 512 1251; x_wconf 78' lang='lat' dir='ltr'>syllabarum</span> <span class='ocrx_word' id='word_1_111' title='bbox 533 1206 746 1236; x_wconf 75' lang='lat' dir='ltr'>scrutatores</span> <span class='ocrx_word' id='word_1_112' title='bbox 770 1209 846 1233; x_wconf 84' lang='lat' dir='ltr'>esse</span> <span class='ocrx_word' id='word_1_113' title='bbox 869 1193 1065 1239; x_wconf 85' lang='lat' dir='ltr'>debemus;</span> <span class='ocrx_word' id='word_1_114' title='bbox 1087 1191 1246 1229; x_wconf 81' lang='lat' dir='ltr'>Scruta—</span> <span class='ocrx_word' id='word_1_115' title='bbox 1269 1194 1292 1223; x_wconf 83' lang='grc' dir='ltr'>ι)</span> 
     </span>
     <span class='ocr_line' id='line_1_17' title="bbox 286 1254 1247 1306; baseline -0.012 -9"><span class='ocrx_word' id='word_1_116' title='bbox 286 1262 384 1297; x_wconf 81' lang='lat' dir='ltr'>mini</span> <span class='ocrx_word' id='word_1_117' title='bbox 401 1261 504 1297; x_wconf 81' lang='lat' dir='ltr'>enim</span> <span class='ocrx_word' id='word_1_118' title='bbox 522 1261 750 1306; x_wconf 80' lang='lat' dir='ltr'>scripturas,</span> <span class='ocrx_word' id='word_1_119' title='bbox 771 1254 912 1306; x_wconf 85' lang='lat' dir='ltr'>inquit:</span> <span class='ocrx_word' id='word_1_120' title='bbox 933 1266 1018 1291; x_wconf 89' lang='lat' dir='ltr'>nam</span> <span class='ocrx_word' id='word_1_121' title='bbox 1041 1254 1111 1290; x_wconf 87' lang='lat' dir='ltr'>iota</span> <span class='ocrx_word' id='word_1_122' title='bbox 1133 1262 1247 1286; x_wconf 92' lang='lat' dir='ltr'>unum</span> 
     </span>
     <span class='ocr_line' id='line_1_18' title="bbox 286 1311 1246 1373; baseline -0.013 -15"><span class='ocrx_word' id='word_1_123' title='bbox 286 1329 346 1358; x_wconf 85' lang='lat' dir='ltr'>aut</span> <span class='ocrx_word' id='word_1_124' title='bbox 365 1334 456 1373; x_wconf 81' lang='lat' dir='ltr'>apex</span> <span class='ocrx_word' id='word_1_125' title='bbox 485 1333 577 1357; x_wconf 88' lang='lat' dir='ltr'>unus</span> <span class='ocrx_word' id='word_1_126' title='bbox 597 1329 839 1370; x_wconf 65' lang='lat' dir='ltr'>saepenumero</span> <span class='ocrx_word' id='word_1_127' title='bbox 864 1327 1008 1353; x_wconf 86' lang='lat' dir='ltr'>sensum</span> <span class='ocrx_word' id='word_1_128' title='bbox 1026 1311 1170 1350; x_wconf 83' lang='lat' dir='ltr'>excitat.</span> <span class='ocrx_word' id='word_1_129' title='bbox 1195 1311 1246 1348; x_wconf 89' lang='lat' dir='ltr'>Ut</span> 
     </span>
     <span class='ocr_line' id='line_1_19' title="bbox 285 1369 1244 1431; baseline -0.014 -11"><span class='ocrx_word' id='word_1_130' title='bbox 285 1391 403 1420; x_wconf 88' lang='lat' dir='ltr'>autem</span> <span class='ocrx_word' id='word_1_131' title='bbox 418 1379 595 1431; x_wconf 81' lang='lat' dir='ltr'>intelligas</span> <span class='ocrx_word' id='word_1_132' title='bbox 604 1378 711 1417; x_wconf 91' lang='lat' dir='ltr'>etiam</span> <span class='ocrx_word' id='word_1_133' title='bbox 725 1376 833 1415; x_wconf 88' lang='lat' dir='ltr'>unius</span> <span class='ocrx_word' id='word_1_134' title='bbox 845 1373 1010 1414; x_wconf 87' lang='lat' dir='ltr'>elementi</span> <span class='ocrx_word' id='word_1_135' title='bbox 1024 1369 1244 1410; x_wconf 82' lang='lat' dir='ltr'>additionem</span> 
     </span>
     <span class='ocr_line' id='line_1_20' title="bbox 85 1430 1246 1491; baseline -0.013 -8"><span class='ocrx_word' id='word_1_136' title='bbox 85 1444 426 1482; x_wconf 68' lang='lat' dir='ltr'>G‘&#39;⁷·¹·1&#39;·5·sensum</span> <span class='ocrx_word' id='word_1_137' title='bbox 453 1441 607 1488; x_wconf 83' lang='lat' dir='ltr'>efficere,</span> <span class='ocrx_word' id='word_1_138' title='bbox 636 1439 696 1477; x_wconf 89' lang='lat' dir='ltr'>hic</span> <span class='ocrx_word' id='word_1_139' title='bbox 723 1439 800 1491; x_wconf 90' lang='lat' dir='ltr'>ipse</span> <span class='ocrx_word' id='word_1_140' title='bbox 831 1435 1012 1475; x_wconf 75' lang='lat' dir='ltr'>Abraham</span> <span class='ocrx_word' id='word_1_141' title='bbox 1040 1430 1246 1486; x_wconf 83' lang='lat' dir='ltr'>patriarcha</span> 
     </span>
     <span class='ocr_line' id='line_1_21' title="bbox 286 1493 1244 1558; baseline -0.015 -15"><span class='ocrx_word' id='word_1_142' title='bbox 286 1505 385 1558; x_wconf 87' lang='lat' dir='ltr'>prius</span> <span class='ocrx_word' id='word_1_143' title='bbox 407 1503 541 1542; x_wconf 72' lang='lat' dir='ltr'>Abram</span> <span class='ocrx_word' id='word_1_144' title='bbox 560 1501 759 1547; x_wconf 83' lang='lat' dir='ltr'>dicebatur,</span> <span class='ocrx_word' id='word_1_145' title='bbox 777 1499 882 1549; x_wconf 87' lang='lat' dir='ltr'>eique</span> <span class='ocrx_word' id='word_1_146' title='bbox 901 1495 999 1535; x_wconf 84' lang='lat' dir='ltr'>dixit</span> <span class='ocrx_word' id='word_1_147' title='bbox 1018 1496 1116 1533; x_wconf 82' lang='lat' dir='ltr'>Deus</span> <span class='ocrx_word' id='word_1_148' title='bbox 1135 1510 1143 1530; x_wconf 90' lang='lat'><strong>:</strong></span> <span class='ocrx_word' id='word_1_149' title='bbox 1166 1493 1244 1531; x_wconf 88' lang='lat' dir='ltr'>Non</span> 
     </span>
     <span class='ocr_line' id='line_1_22' title="bbox 287 1552 1247 1606; baseline -0.013 -2"><span class='ocrx_word' id='word_1_150' title='bbox 287 1566 354 1604; x_wconf 92' lang='lat' dir='ltr'>erit</span> <span class='ocrx_word' id='word_1_151' title='bbox 371 1577 497 1603; x_wconf 86' lang='lat' dir='ltr'>nomen</span> <span class='ocrx_word' id='word_1_152' title='bbox 513 1572 615 1601; x_wconf 89' lang='lat' dir='ltr'>tuum</span> <span class='ocrx_word' id='word_1_153' title='bbox 634 1562 781 1606; x_wconf 83' lang='lat' dir='ltr'>Abram,</span> <span class='ocrx_word' id='word_1_154' title='bbox 795 1558 859 1598; x_wconf 86' lang='lat' dir='ltr'>sed</span> <span class='ocrx_word' id='word_1_155' title='bbox 876 1557 1058 1597; x_wconf 81' lang='lat' dir='ltr'>Abrabam</span> <span class='ocrx_word' id='word_1_156' title='bbox 1076 1571 1084 1592; x_wconf 76' lang='lat' dir='ltr'><em>z</em></span> <span class='ocrx_word' id='word_1_157' title='bbox 1103 1552 1247 1593; x_wconf 83' lang='lat' dir='ltr'>addidit</span> 
     </span>
     <span class='ocr_line' id='line_1_23' title="bbox 283 1615 1243 1679; baseline -0.013 -14"><span class='ocrx_word' id='word_1_158' title='bbox 283 1642 316 1671; x_wconf 87' lang='lat' dir='ltr'>a,</span> <span class='ocrx_word' id='word_1_159' title='bbox 331 1636 365 1665; x_wconf 90' lang='lat' dir='ltr'>et</span> <span class='ocrx_word' id='word_1_160' title='bbox 387 1635 523 1679; x_wconf 89' lang='lat' dir='ltr'>patrem</span> <span class='ocrx_word' id='word_1_161' title='bbox 545 1624 649 1662; x_wconf 89' lang='lat' dir='ltr'>illum</span> <span class='ocrx_word' id='word_1_162' title='bbox 668 1622 862 1661; x_wconf 80' lang='lat' dir='ltr'>multarum</span> <span class='ocrx_word' id='word_1_163' title='bbox 887 1619 1047 1672; x_wconf 82' lang='lat' dir='ltr'>gentium</span> <span class='ocrx_word' id='word_1_164' title='bbox 1066 1615 1243 1655; x_wconf 86' lang='lat' dir='ltr'>reddidit.</span> 
     </span>
     <span class='ocr_line' id='line_1_24' title="bbox 284 1679 1245 1738; baseline -0.014 -11"><span class='ocrx_word' id='word_1_165' title='bbox 284 1689 377 1727; x_wconf 85' lang='lat' dir='ltr'>Ecce</span> <span class='ocrx_word' id='word_1_166' title='bbox 395 1687 507 1738; x_wconf 77' lang='lat' dir='ltr'>igitur</span> <span class='ocrx_word' id='word_1_167' title='bbox 524 1686 630 1724; x_wconf 89' lang='lat' dir='ltr'>unius</span> <span class='ocrx_word' id='word_1_168' title='bbox 646 1682 810 1723; x_wconf 88' lang='lat' dir='ltr'>elementi</span> <span class='ocrx_word' id='word_1_169' title='bbox 830 1680 969 1720; x_wconf 86' lang='lat' dir='ltr'>additio</span> <span class='ocrx_word' id='word_1_170' title='bbox 987 1679 1139 1718; x_wconf 89' lang='lat' dir='ltr'>multam</span> <span class='ocrx_word' id='word_1_171' title='bbox 1154 1691 1245 1730; x_wconf 91' lang='lat' dir='ltr'>pro-</span> 
     </span>
     <span class='ocr_line' id='line_1_25' title="bbox 282 1743 1245 1803; baseline -0.011 -16"><span class='ocrx_word' id='word_1_172' title='bbox 282 1750 419 1803; x_wconf 83' lang='lat' dir='ltr'>sapiam</span> <span class='ocrx_word' id='word_1_173' title='bbox 438 1747 625 1787; x_wconf 77' lang='lat' dir='ltr'>indicavit.</span> <span class='ocrx_word' id='word_1_174' title='bbox 640 1746 725 1786; x_wconf 87' lang='lat' dir='ltr'>Noli</span> <span class='ocrx_word' id='word_1_175' title='bbox 743 1759 828 1797; x_wconf 78' lang='lat' dir='ltr'>ergo</span> <span class='ocrx_word' id='word_1_176' title='bbox 845 1743 931 1782; x_wconf 82' lang='lat' dir='ltr'>talia</span> <span class='ocrx_word' id='word_1_177' title='bbox 949 1751 1080 1780; x_wconf 90' lang='lat' dir='ltr'>temere</span> <span class='ocrx_word' id='word_1_178' title='bbox 1096 1748 1245 1793; x_wconf 86' lang='lat' dir='ltr'>praeter-</span> 
     </span>
     <span class='ocr_line' id='line_1_26' title="bbox 284 1801 1245 1860; baseline -0.01 -11"><span class='ocrx_word' id='word_1_179' title='bbox 284 1812 335 1850; x_wconf 90' lang='lat' dir='ltr'>ire</span> <span class='ocrx_word' id='word_1_180' title='bbox 352 1827 359 1848; x_wconf 92' lang='lat'>:</span> <span class='ocrx_word' id='word_1_181' title='bbox 374 1825 441 1850; x_wconf 91' lang='lat' dir='ltr'>non</span> <span class='ocrx_word' id='word_1_182' title='bbox 459 1809 553 1848; x_wconf 88' lang='lat' dir='ltr'>enim</span> <span class='ocrx_word' id='word_1_183' title='bbox 567 1809 676 1856; x_wconf 80' lang='lat' dir='ltr'>dixit,</span> <span class='ocrx_word' id='word_1_184' title='bbox 692 1807 826 1860; x_wconf 83' lang='lat' dir='ltr'>Cepisti</span> <span class='ocrx_word' id='word_1_185' title='bbox 843 1806 935 1844; x_wconf 88' lang='lat' dir='ltr'>bona</span> <span class='ocrx_word' id='word_1_186' title='bbox 956 1812 1029 1851; x_wconf 87' lang='lat' dir='ltr'>tua,</span> <span class='ocrx_word' id='word_1_187' title='bbox 1049 1801 1111 1840; x_wconf 86' lang='lat' dir='ltr'>sed</span> <span class='ocrx_word' id='word_1_188' title='bbox 1129 1802 1245 1840; x_wconf 85' lang='lat' dir='ltr'>Rece-</span> 
     </span>
     <span class='ocr_line' id='line_1_27' title="bbox 285 1861 1245 1924; baseline -0.013 -13"><span class='ocrx_word' id='word_1_189' title='bbox 285 1875 379 1924; x_wconf 72' lang='grc' dir='ltr'>Ῑιὶεεὶ</span> <span class='ocrx_word' id='word_1_190' title='bbox 399 1888 410 1908; x_wconf 92' lang='grc'>.·</span> <span class='ocrx_word' id='word_1_191' title='bbox 432 1871 493 1923; x_wconf 82' lang='lat' dir='ltr'>qui</span> <span class='ocrx_word' id='word_1_192' title='bbox 515 1884 602 1909; x_wconf 78' lang='lat' dir='ltr'>vero</span> <span class='ocrx_word' id='word_1_193' title='bbox 624 1869 766 1921; x_wconf 85' lang='lat' dir='ltr'>recipit,</span> <span class='ocrx_word' id='word_1_194' title='bbox 790 1867 912 1905; x_wconf 90' lang='lat' dir='ltr'>debita</span> <span class='ocrx_word' id='word_1_195' title='bbox 933 1864 1071 1917; x_wconf 88' lang='lat' dir='ltr'>recipit.</span> <span class='ocrx_word' id='word_1_196' title='bbox 1094 1861 1245 1901; x_wconf 83' lang='lat' dir='ltr'>Attende</span> 
     </span>
     <span class='ocr_line' id='line_1_28' title="bbox 285 1924 1291 1984; baseline -0.012 -13"><span class='ocrx_word' id='word_1_197' title='bbox 285 1933 381 1984; x_wconf 87' lang='lat' dir='ltr'>quod</span> <span class='ocrx_word' id='word_1_198' title='bbox 394 1932 496 1979; x_wconf 80' lang='lat' dir='ltr'>dico3</span> <span class='ocrx_word' id='word_1_199' title='bbox 512 1931 613 1969; x_wconf 90' lang='lat' dir='ltr'>aliud</span> <span class='ocrx_word' id='word_1_200' title='bbox 628 1931 724 1969; x_wconf 86' lang='lat' dir='ltr'>enim</span> <span class='ocrx_word' id='word_1_201' title='bbox 734 1938 785 1968; x_wconf 84' lang='lat' dir='ltr'>est</span> <span class='ocrx_word' id='word_1_202' title='bbox 798 1941 936 1980; x_wconf 83' lang='lat' dir='ltr'>capere,</span> <span class='ocrx_word' id='word_1_203' title='bbox 950 1924 1051 1964; x_wconf 84' lang='lat' dir='ltr'>aliud</span> <span class='ocrx_word' id='word_1_204' title='bbox 1067 1924 1242 1976; x_wconf 89' lang='lat' dir='ltr'>recipere:</span> <span class='ocrx_word' id='word_1_205' title='bbox 1267 1926 1291 1956; x_wconf 78' lang='lat' dir='ltr'>F-</span> 
     </span>
     <span class='ocr_line' id='line_1_29' title="bbox 286 1986 1242 2046; baseline -0.009 -14"><span class='ocrx_word' id='word_1_206' title='bbox 286 2008 368 2033; x_wconf 90' lang='lat' dir='ltr'>nam</span> <span class='ocrx_word' id='word_1_207' title='bbox 402 1993 527 2046; x_wconf 82' lang='lat' dir='ltr'>recipit</span> <span class='ocrx_word' id='word_1_208' title='bbox 552 1993 635 2043; x_wconf 84' lang='lat' dir='ltr'>quis</span> <span class='ocrx_word' id='word_1_209' title='bbox 652 2006 691 2029; x_wconf 88' lang='lat' dir='ltr'>ea</span> <span class='ocrx_word' id='word_1_210' title='bbox 711 2005 790 2042; x_wconf 81' lang='lat' dir='ltr'>quae</span> <span class='ocrx_word' id='word_1_211' title='bbox 812 1989 986 2034; x_wconf 79' lang='lat' dir='ltr'>habebat3</span> <span class='ocrx_word' id='word_1_212' title='bbox 1008 1986 1104 2039; x_wconf 85' lang='lat' dir='ltr'>capit</span> <span class='ocrx_word' id='word_1_213' title='bbox 1124 1994 1242 2023; x_wconf 89' lang='lat' dir='ltr'>autem</span> 
     </span>
     <span class='ocr_line' id='line_1_30' title="bbox 285 2048 1243 2107; baseline -0.008 -15"><span class='ocrx_word' id='word_1_214' title='bbox 285 2069 378 2107; x_wconf 69' lang='lat' dir='ltr'>saepe</span> <span class='ocrx_word' id='word_1_215' title='bbox 401 2069 480 2106; x_wconf 71' lang='lat' dir='ltr'>quse</span> <span class='ocrx_word' id='word_1_216' title='bbox 501 2067 569 2091; x_wconf 93' lang='lat' dir='ltr'>non</span> <span class='ocrx_word' id='word_1_217' title='bbox 602 2051 817 2105; x_wconf 79' lang='lat' dir='ltr'>possidebat.</span> <span class='ocrx_word' id='word_1_218' title='bbox 840 2051 1028 2100; x_wconf 82' lang='lat' dir='ltr'>Recepisti</span> <span class='ocrx_word' id='word_1_219' title='bbox 1045 2048 1146 2085; x_wconf 83' lang='lat' dir='ltr'>hona</span> <span class='ocrx_word' id='word_1_220' title='bbox 1163 2055 1243 2093; x_wconf 82' lang='lat' dir='ltr'>cua,</span> 
     </span>
     <span class='ocr_line' id='line_1_31' title="bbox 286 2109 1243 2154; baseline -0.008 0"><span class='ocrx_word' id='word_1_221' title='bbox 286 2126 321 2153; x_wconf 79' lang='lat' dir='ltr'>cl</span> <span class='ocrx_word' id='word_1_222' title='bbox 342 2118 517 2154; x_wconf 81' lang='lat' dir='ltr'>Lazarus</span> <span class='ocrx_word' id='word_1_223' title='bbox 537 2115 646 2152; x_wconf 83' lang='lat' dir='ltr'>mala</span> <span class='ocrx_word' id='word_1_224' title='bbox 663 2128 748 2152; x_wconf 81' lang='lat' dir='ltr'>sua.</span> <span class='ocrx_word' id='word_1_225' title='bbox 771 2113 862 2151; x_wconf 87' lang='lat' dir='ltr'>Ecce</span> <span class='ocrx_word' id='word_1_226' title='bbox 884 2122 917 2150; x_wconf 93' lang='lat' dir='ltr'>et</span> <span class='ocrx_word' id='word_1_227' title='bbox 932 2110 1036 2149; x_wconf 82' lang='lat' dir='ltr'>dives</span> <span class='ocrx_word' id='word_1_228' title='bbox 1057 2109 1150 2147; x_wconf 91' lang='lat' dir='ltr'>bona</span> <span class='ocrx_word' id='word_1_229' title='bbox 1180 2122 1243 2147; x_wconf 89' lang='lat' dir='ltr'>sua</span> 
     </span>
     <span class='ocr_line' id='line_1_32' title="bbox 288 2166 1245 2229; baseline -0.008 -14"><span class='ocrx_word' id='word_1_230' title='bbox 288 2177 435 2229; x_wconf 86' lang='lat' dir='ltr'>recepit,</span> <span class='ocrx_word' id='word_1_231' title='bbox 454 2185 487 2214; x_wconf 92' lang='lat' dir='ltr'>et</span> <span class='ocrx_word' id='word_1_232' title='bbox 509 2166 665 2213; x_wconf 59' lang='lat' dir='ltr'>Lamnus</span> <span class='ocrx_word' id='word_1_233' title='bbox 689 2174 781 2212; x_wconf 88' lang='lat' dir='ltr'>mala</span> <span class='ocrx_word' id='word_1_234' title='bbox 802 2187 880 2211; x_wconf 78' lang='lat' dir='ltr'>sua,</span> <span class='ocrx_word' id='word_1_235' title='bbox 904 2172 988 2210; x_wconf 83' lang='lat' dir='ltr'>Haec</span> <span class='ocrx_word' id='word_1_236' title='bbox 1009 2180 1126 2209; x_wconf 89' lang='lat' dir='ltr'>autem</span> <span class='ocrx_word' id='word_1_237' title='bbox 1146 2184 1165 2207; x_wconf 87' lang='lat' dir='ltr'>a</span> <span class='ocrx_word' id='word_1_238' title='bbox 1189 2183 1245 2208; x_wconf 86' lang='lat' dir='ltr'>me</span> 
     </span>
     <span class='ocr_line' id='line_1_33' title="bbox 289 2231 1244 2289; baseline -0.005 -13"><span class='ocrx_word' id='word_1_239' title='bbox 289 2238 386 2277; x_wconf 87' lang='lat' dir='ltr'>dicta</span> <span class='ocrx_word' id='word_1_240' title='bbox 403 2246 485 2276; x_wconf 84' lang='lat' dir='ltr'>sunt</span> <span class='ocrx_word' id='word_1_241' title='bbox 503 2237 621 2275; x_wconf 88' lang='lat' dir='ltr'>omnia</span> <span class='ocrx_word' id='word_1_242' title='bbox 642 2245 787 2289; x_wconf 89' lang='lat' dir='ltr'>propter</span> <span class='ocrx_word' id='word_1_243' title='bbox 802 2249 876 2282; x_wconf 88' lang='lat' dir='ltr'>eos,</span> <span class='ocrx_word' id='word_1_244' title='bbox 888 2233 948 2285; x_wconf 90' lang='lat' dir='ltr'>qui</span> <span class='ocrx_word' id='word_1_245' title='bbox 969 2232 1170 2285; x_wconf 86' lang='lat' dir='ltr'>puniuntur</span> <span class='ocrx_word' id='word_1_246' title='bbox 1185 2231 1244 2271; x_wconf 88' lang='lat' dir='ltr'>hic</span> 
     </span>
     <span class='ocr_line' id='line_1_34' title="bbox 288 2293 1241 2351; baseline -0.006 -15"><span class='ocrx_word' id='word_1_247' title='bbox 288 2308 322 2337; x_wconf 85' lang='lat' dir='ltr'>et</span> <span class='ocrx_word' id='word_1_248' title='bbox 340 2313 408 2337; x_wconf 92' lang='lat' dir='ltr'>non</span> <span class='ocrx_word' id='word_1_249' title='bbox 430 2299 519 2348; x_wconf 90' lang='lat' dir='ltr'>illic,</span> <span class='ocrx_word' id='word_1_250' title='bbox 541 2307 686 2351; x_wconf 86' lang='lat' dir='ltr'>propter</span> <span class='ocrx_word' id='word_1_251' title='bbox 699 2311 758 2335; x_wconf 88' lang='lat' dir='ltr'>eos</span> <span class='ocrx_word' id='word_1_252' title='bbox 772 2297 833 2347; x_wconf 87' lang='lat' dir='ltr'>qui</span> <span class='ocrx_word' id='word_1_253' title='bbox 850 2295 953 2347; x_wconf 78' lang='lat' dir='ltr'>genio</span> <span class='ocrx_word' id='word_1_254' title='bbox 968 2295 1026 2333; x_wconf 89' lang='lat' dir='ltr'>hic</span> <span class='ocrx_word' id='word_1_255' title='bbox 1040 2293 1241 2345; x_wconf 83' lang='lat' dir='ltr'>indulgent,</span> 
     </span>
     <span class='ocr_line' id='line_1_35' title="bbox 286 2356 1245 2413; baseline -0.006 -15"><span class='ocrx_word' id='word_1_256' title='bbox 286 2370 322 2399; x_wconf 89' lang='lat' dir='ltr'>et</span> <span class='ocrx_word' id='word_1_257' title='bbox 355 2362 430 2400; x_wconf 85' lang='lat' dir='ltr'>illic</span> <span class='ocrx_word' id='word_1_258' title='bbox 458 2362 672 2413; x_wconf 84' lang='lat' dir='ltr'>puniuntur.</span> <span class='ocrx_word' id='word_1_259' title='bbox 710 2357 861 2397; x_wconf 76' lang='lat' dir='ltr'>Attende</span> <span class='ocrx_word' id='word_1_260' title='bbox 891 2357 1002 2409; x_wconf 83' lang='lat' dir='ltr'>igitur</span> <span class='ocrx_word' id='word_1_261' title='bbox 1026 2356 1073 2394; x_wconf 91' lang='lat' dir='ltr'>ad</span> <span class='ocrx_word' id='word_1_262' title='bbox 1099 2370 1139 2394; x_wconf 90' lang='lat' dir='ltr'>ea</span> <span class='ocrx_word' id='word_1_263' title='bbox 1167 2369 1245 2406; x_wconf 73' lang='lat' dir='ltr'>quze</span> 
     </span>
     <span class='ocr_line' id='line_1_36' title="bbox 289 2416 1245 2474; baseline -0.006 -15"><span class='ocrx_word' id='word_1_264' title='bbox 289 2422 385 2461; x_wconf 77' lang='lat' dir='ltr'>(lico.</span> <span class='ocrx_word' id='word_1_265' title='bbox 402 2424 537 2474; x_wconf 82' lang='lat' dir='ltr'>Recepi</span> <span class='ocrx_word' id='word_1_266' title='bbox 543 2424 590 2459; x_wconf 80' lang='lat' dir='ltr'>sti</span> <span class='ocrx_word' id='word_1_267' title='bbox 603 2423 705 2458; x_wconf 84' lang='lat' dir='ltr'>bona</span> <span class='ocrx_word' id='word_1_268' title='bbox 715 2428 795 2466; x_wconf 81' lang='lat' dir='ltr'>tua,</span> <span class='ocrx_word' id='word_1_269' title='bbox 806 2428 840 2457; x_wconf 80' lang='lat' dir='ltr'>et</span> <span class='ocrx_word' id='word_1_270' title='bbox 853 2420 1028 2457; x_wconf 80' lang='lat' dir='ltr'>Lazarus</span> <span class='ocrx_word' id='word_1_271' title='bbox 1041 2416 1149 2454; x_wconf 84' lang='lat' dir='ltr'>mala</span> <span class='ocrx_word' id='word_1_272' title='bbox 1161 2429 1245 2463; x_wconf 84' lang='lat' dir='ltr'>sua,</span> 
     </span>
    </p>
   </div>
   <div class='ocr_carea' id='block_1_2' title="bbox 725 246 1900 294">
    <p class='ocr_par' dir='ltr' id='par_1_2' title="bbox 725 246 1900 294">
     <span class='ocr_line' id='line_1_37' title="bbox 725 246 1900 294; baseline -0.014 -1"><span class='ocrx_word' id='word_1_273' title='bbox 725 265 761 294; x_wconf 89' lang='lat' dir='ltr'>s.</span> <span class='ocrx_word' id='word_1_274' title='bbox 797 257 983 292; x_wconf 64' lang='lat' dir='ltr'>missis</span> <span class='ocrx_word' id='word_1_275' title='bbox 1017 249 1260 284; x_wconf 74' lang='lat' dir='ltr'>cunvsosr.</span> <span class='ocrx_word' id='word_1_276' title='bbox 1300 247 1507 277; x_wconf 68' lang='lat' dir='ltr'>Ancillae.</span> <span class='ocrx_word' id='word_1_277' title='bbox 1541 246 1900 278; x_wconf 59' lang='lat' dir='ltr'>coxs‘rsmriuor.</span> 
     </span>
    </p>
   </div>
   <div class='ocr_carea' id='block_1_3' title="bbox 1312 323 2355 2471">
    <p class='ocr_par' dir='ltr' id='par_1_3' title="bbox 1312 323 2355 2471">
     <span class='ocr_line' id='line_1_38' title="bbox 1315 323 2344 386; baseline 0.004 -19"><span class='ocrx_word' id='word_1_278' title='bbox 1315 345 1382 379; x_wconf 89' lang='grc' dir='ltr'>μου</span> <span class='ocrx_word' id='word_1_279' title='bbox 1415 331 1460 381; x_wconf 77' lang='grc' dir='ltr'>τῇ</span> <span class='ocrx_word' id='word_1_280' title='bbox 1480 329 1641 381; x_wconf 80' lang='grc' dir='ltr'>γλώττῃ,</span> <span class='ocrx_word' id='word_1_281' title='bbox 1657 330 1713 369; x_wconf 79' lang='grc' dir='ltr'>ὅτι</span> <span class='ocrx_word' id='word_1_282' title='bbox 1732 330 2048 381; x_wconf 80' lang='grc' dir='ltr'>ἀποτηγανίζομαι.</span> <span class='ocrx_word' id='word_1_283' title='bbox 2067 323 2120 386; x_wconf 53' lang='grc' dir='ltr'>ἓνῼ</span> <span class='ocrx_word' id='word_1_284' title='bbox 2137 331 2206 385; x_wconf 76' lang='grc' dir='ltr'>γὰρ</span> <span class='ocrx_word' id='word_1_285' title='bbox 2225 332 2344 386; x_wconf 84' lang='grc' dir='ltr'>μέτρῳ</span> 
     </span>
     <span class='ocr_line' id='line_1_39' title="bbox 1315 390 2345 444; baseline 0.007 -17"><span class='ocrx_word' id='word_1_286' title='bbox 1315 395 1497 442; x_wconf 82' lang='grc' dir='ltr'><strong>μετρεῖτε,</strong></span> <span class='ocrx_word' id='word_1_287' title='bbox 1532 390 1876 442; x_wconf 77' lang='grc' dir='ltr'>ἀντιμετρηθήσεται</span> <span class='ocrx_word' id='word_1_288' title='bbox 1912 394 2007 442; x_wconf 83' lang='grc' dir='ltr'>ὑμῖν.</span> <span class='ocrx_word' id='word_1_289' title='bbox 2045 393 2100 431; x_wconf 81' lang='grc' dir='ltr'>Οὐ</span> <span class='ocrx_word' id='word_1_290' title='bbox 2145 393 2345 444; x_wconf 74' lang='grc' dir='ltr'>μετέδωκας</span> 
     </span>
     <span class='ocr_line' id='line_1_40' title="bbox 1313 450 2346 506; baseline 0.005 -18"><span class='ocrx_word' id='word_1_291' title='bbox 1313 450 1464 503; x_wconf 79' lang='grc' dir='ltr'>ψιχίων;</span> <span class='ocrx_word' id='word_1_292' title='bbox 1485 453 1525 489; x_wconf 83' lang='grc' dir='ltr'>οὐ</span> <span class='ocrx_word' id='word_1_293' title='bbox 1546 451 1834 502; x_wconf 70' lang='grc' dir='ltr'>μεταλαμὸάνεις</span> <span class='ocrx_word' id='word_1_294' title='bbox 1855 452 2034 504; x_wconf 79' lang='grc' dir='ltr'>σταγόνος.</span> <span class='ocrx_word' id='word_1_295' title='bbox 2053 453 2203 506; x_wconf 82' lang='grc' dir='ltr'>Πέμψον</span> <span class='ocrx_word' id='word_1_296' title='bbox 2222 454 2346 500; x_wconf 81' lang='grc' dir='ltr'>Λάζα-</span> 
     </span>
     <span class='ocr_line' id='line_1_41' title="bbox 1316 511 2348 568; baseline 0.006 -18"><span class='ocrx_word' id='word_1_297' title='bbox 1316 527 1392 564; x_wconf 88' lang='grc' dir='ltr'>ρον,</span> <span class='ocrx_word' id='word_1_298' title='bbox 1413 512 1471 550; x_wconf 78' lang='grc' dir='ltr'>ἵνα</span> <span class='ocrx_word' id='word_1_299' title='bbox 1492 511 1590 565; x_wconf 82' lang='grc' dir='ltr'>ἄκρῳ</span> <span class='ocrx_word' id='word_1_300' title='bbox 1611 515 1662 565; x_wconf 80' lang='grc' dir='ltr'>τῷ</span> <span class='ocrx_word' id='word_1_301' title='bbox 1680 512 1842 566; x_wconf 79' lang='grc' dir='ltr'>δακτύλῳ</span> <span class='ocrx_word' id='word_1_302' title='bbox 1858 513 2028 567; x_wconf 80' lang='grc' dir='ltr'>ἐπιστάξῃ</span> <span class='ocrx_word' id='word_1_303' title='bbox 2044 529 2112 565; x_wconf 87' lang='grc' dir='ltr'>μου</span> <span class='ocrx_word' id='word_1_304' title='bbox 2129 517 2174 568; x_wconf 81' lang='grc' dir='ltr'>τῇ</span> <span class='ocrx_word' id='word_1_305' title='bbox 2193 515 2348 568; x_wconf 79' lang='grc' dir='ltr'>γλώττῃ,</span> 
     </span>
     <span class='ocr_line' id='line_1_42' title="bbox 1313 574 2347 629; baseline 0.003 -17"><span class='ocrx_word' id='word_1_306' title='bbox 1313 574 1368 612; x_wconf 79' lang='grc' dir='ltr'>ὅτι</span> <span class='ocrx_word' id='word_1_307' title='bbox 1393 574 1709 625; x_wconf 84' lang='grc' dir='ltr'>ἀποτηγανίζομαι.</span> <span class='ocrx_word' id='word_1_308' title='bbox 1734 575 1805 614; x_wconf 82' lang='grc' dir='ltr'>Καὶ</span> <span class='ocrx_word' id='word_1_309' title='bbox 1833 574 1869 612; x_wconf 88' lang='grc' dir='ltr'>τί</span> <span class='ocrx_word' id='word_1_310' title='bbox 1898 576 1985 627; x_wconf 81' lang='grc' dir='ltr'>πρὸς</span> <span class='ocrx_word' id='word_1_311' title='bbox 2004 576 2109 616; x_wconf 80' lang='grc' dir='ltr'>αὐτὸν</span> <span class='ocrx_word' id='word_1_312' title='bbox 2131 579 2150 615; x_wconf 94' lang='lat'><strong>6</strong></span> <span class='ocrx_word' id='word_1_313' title='bbox 2166 576 2347 629; x_wconf 71' lang='grc' dir='ltr'>Ἀδραάμς</span> 
     </span>
     <span class='ocr_line' id='line_1_43' title="bbox 1315 634 2349 690; baseline 0.004 -17"><span class='ocrx_word' id='word_1_314' title='bbox 1315 635 1450 673; x_wconf 86' lang='grc' dir='ltr'>Τέκνον</span> <span class='ocrx_word' id='word_1_315' title='bbox 1463 663 1473 682; x_wconf 89' lang='grc'>,</span> <span class='ocrx_word' id='word_1_316' title='bbox 1487 634 1663 678; x_wconf 69' lang='grc' dir='ltr'>ἀπέλαὸες</span> <span class='ocrx_word' id='word_1_317' title='bbox 1687 635 1731 674; x_wconf 79' lang='grc' dir='ltr'>τὰ</span> <span class='ocrx_word' id='word_1_318' title='bbox 1755 635 1871 687; x_wconf 83' lang='grc' dir='ltr'>ἀγαθά</span> <span class='ocrx_word' id='word_1_319' title='bbox 1891 650 1953 675; x_wconf 92' lang='grc' dir='ltr'>σου</span> <span class='ocrx_word' id='word_1_320' title='bbox 1974 639 2009 676; x_wconf 83' lang='grc' dir='ltr'>ἐν</span> <span class='ocrx_word' id='word_1_321' title='bbox 2034 638 2078 690; x_wconf 83' lang='grc' dir='ltr'>τῇ</span> <span class='ocrx_word' id='word_1_322' title='bbox 2099 639 2172 690; x_wconf 81' lang='grc' dir='ltr'>ζωῇ</span> <span class='ocrx_word' id='word_1_323' title='bbox 2190 652 2271 685; x_wconf 83' lang='grc' dir='ltr'>σου,</span> <span class='ocrx_word' id='word_1_324' title='bbox 2287 637 2349 677; x_wconf 72' lang='grc' dir='ltr'>καὶ</span> 
     </span>
     <span class='ocr_line' id='line_1_44' title="bbox 1316 691 2349 747; baseline 0.004 -13"><span class='ocrx_word' id='word_1_325' title='bbox 1316 697 1474 747; x_wconf 80' lang='grc' dir='ltr'>Λάζαρος</span> <span class='ocrx_word' id='word_1_326' title='bbox 1493 696 1621 747; x_wconf 83' lang='grc' dir='ltr'>ὁμοίως</span> <span class='ocrx_word' id='word_1_327' title='bbox 1637 696 1681 736; x_wconf 79' lang='grc' dir='ltr'>τὰ</span> <span class='ocrx_word' id='word_1_328' title='bbox 1706 696 1801 735; x_wconf 80' lang='grc' dir='ltr'>κακὰ</span> <span class='ocrx_word' id='word_1_329' title='bbox 1828 699 1955 736; x_wconf 78' lang='grc' dir='ltr'>αὐτοῦ·</span> <span class='ocrx_word' id='word_1_330' title='bbox 1984 698 2045 738; x_wconf 75' lang='grc' dir='ltr'>καὶ</span> <span class='ocrx_word' id='word_1_331' title='bbox 2074 703 2132 738; x_wconf 79' lang='grc' dir='ltr'>νῦν</span> <span class='ocrx_word' id='word_1_332' title='bbox 2161 692 2260 743; x_wconf 65' lang='grc' dir='ltr'>οὗτος</span> <span class='ocrx_word' id='word_1_333' title='bbox 2279 691 2349 738; x_wconf 70' lang='lat'>58⁸</span> 
     </span>
     <span class='ocr_line' id='line_1_45' title="bbox 1315 757 2350 810; baseline 0.004 -15"><span class='ocrx_word' id='word_1_334' title='bbox 1315 758 1599 810; x_wconf 77' lang='grc' dir='ltr'>παρακαλεῖται,</span> <span class='ocrx_word' id='word_1_335' title='bbox 1628 757 1670 795; x_wconf 78' lang='grc' dir='ltr'>σὺ</span> <span class='ocrx_word' id='word_1_336' title='bbox 1698 757 1735 797; x_wconf 82' lang='grc' dir='ltr'>δὲ</span> <span class='ocrx_word' id='word_1_337' title='bbox 1762 758 1941 798; x_wconf 76' lang='grc' dir='ltr'>ὀδυνᾶσαι.</span> <span class='ocrx_word' id='word_1_338' title='bbox 1972 759 2089 798; x_wconf 86' lang='grc' dir='ltr'>Πάλιν</span> <span class='ocrx_word' id='word_1_339' title='bbox 2119 761 2268 799; x_wconf 76' lang='grc' dir='ltr'>ἐνταῦθα</span> <span class='ocrx_word' id='word_1_340' title='bbox 2286 761 2350 799; x_wconf 74' lang='grc' dir='ltr'>οὐκ</span> 
     </span>
     <span class='ocr_line' id='line_1_46' title="bbox 1317 814 2349 874; baseline 0.002 -16"><span class='ocrx_word' id='word_1_341' title='bbox 1317 814 1412 858; x_wconf 72' lang='grc' dir='ltr'>εἶπεν</span> <span class='ocrx_word' id='word_1_342' title='bbox 1429 849 1439 864; x_wconf 90' lang='grc'>,</span> <span class='ocrx_word' id='word_1_343' title='bbox 1467 819 1611 865; x_wconf 63' lang='grc' dir='ltr'>ἔλαθες,</span> <span class='ocrx_word' id='word_1_344' title='bbox 1638 819 1744 868; x_wconf 80' lang='grc' dir='ltr'>ἀλλὰ,</span> <span class='ocrx_word' id='word_1_345' title='bbox 1773 819 1979 865; x_wconf 68' lang='grc' dir='ltr'>Ἀπέλαὸες.</span> <span class='ocrx_word' id='word_1_346' title='bbox 2003 821 2147 869; x_wconf 85' lang='grc' dir='ltr'>Πολλὴν</span> <span class='ocrx_word' id='word_1_347' title='bbox 2178 821 2349 874; x_wconf 74' lang='grc' dir='ltr'>διαφορὰν</span> 
     </span>
     <span class='ocr_line' id='line_1_47' title="bbox 1317 880 2350 936; baseline 0.002 -16"><span class='ocrx_word' id='word_1_348' title='bbox 1317 881 1390 933; x_wconf 74' lang='grc' dir='ltr'>ἔχει</span> <span class='ocrx_word' id='word_1_349' title='bbox 1418 885 1439 928; x_wconf 89' lang='grc' dir='ltr'>ἠ</span> <span class='ocrx_word' id='word_1_350' title='bbox 1463 882 1645 933; x_wconf 80' lang='grc' dir='ltr'>προσθήκη</span> <span class='ocrx_word' id='word_1_351' title='bbox 1674 884 1734 920; x_wconf 83' lang='grc' dir='ltr'>τοῦ</span> <span class='ocrx_word' id='word_1_352' title='bbox 1765 881 1971 932; x_wconf 82' lang='grc' dir='ltr'>συνδέσμου.</span> <span class='ocrx_word' id='word_1_353' title='bbox 1990 880 2111 934; x_wconf 63' lang='grc' dir='ltr'>εγΟπερ</span> <span class='ocrx_word' id='word_1_354' title='bbox 2129 882 2198 936; x_wconf 78' lang='grc' dir='ltr'>γὰρ</span> <span class='ocrx_word' id='word_1_355' title='bbox 2216 883 2350 922; x_wconf 80' lang='grc' dir='ltr'>πολλά·</span> 
     </span>
     <span class='ocr_line' id='line_1_48' title="bbox 1315 937 2351 996; baseline 0.004 -16"><span class='ocrx_word' id='word_1_356' title='bbox 1315 958 1370 986; x_wconf 87' lang='grc' dir='ltr'>κις</span> <span class='ocrx_word' id='word_1_357' title='bbox 1395 937 1490 982; x_wconf 72' lang='grc' dir='ltr'>εἶπον</span> <span class='ocrx_word' id='word_1_358' title='bbox 1518 945 1616 993; x_wconf 78' lang='grc' dir='ltr'>ὑμῶν</span> <span class='ocrx_word' id='word_1_359' title='bbox 1647 945 1690 994; x_wconf 83' lang='grc' dir='ltr'>τῇ</span> <span class='ocrx_word' id='word_1_360' title='bbox 1712 942 1857 994; x_wconf 81' lang='grc' dir='ltr'>ἀγάπῃ,</span> <span class='ocrx_word' id='word_1_361' title='bbox 1878 943 1941 981; x_wconf 82' lang='grc' dir='ltr'>καὶ</span> <span class='ocrx_word' id='word_1_362' title='bbox 1965 943 2046 996; x_wconf 77' lang='grc' dir='ltr'>περὶ</span> <span class='ocrx_word' id='word_1_363' title='bbox 2075 943 2140 987; x_wconf 78' lang='grc' dir='ltr'>τὰς</span> <span class='ocrx_word' id='word_1_364' title='bbox 2171 943 2351 988; x_wconf 76' lang='grc' dir='ltr'>συλλαὸὰς</span> 
     </span>
     <span class='ocr_line' id='line_1_49' title="bbox 1315 998 2351 1058; baseline 0.002 -16"><span class='ocrx_word' id='word_1_365' title='bbox 1315 1004 1498 1056; x_wconf 66' lang='grc' dir='ltr'>ὀφείλομεν</span> <span class='ocrx_word' id='word_1_366' title='bbox 1514 998 1602 1042; x_wconf 77' lang='grc' dir='ltr'>εἶναι</span> <span class='ocrx_word' id='word_1_367' title='bbox 1622 1004 1817 1055; x_wconf 81' lang='grc' dir='ltr'>ἐρευνηταί·</span> <span class='ocrx_word' id='word_1_368' title='bbox 1843 1003 2032 1057; x_wconf 77' lang='grc' dir='ltr'>Ἐρευνᾶτε</span> <span class='ocrx_word' id='word_1_369' title='bbox 2049 1005 2130 1058; x_wconf 73' lang='grc' dir='ltr'>γὰρ,</span> <span class='ocrx_word' id='word_1_370' title='bbox 2149 1006 2261 1058; x_wconf 79' lang='grc' dir='ltr'>φησὶ,</span> <span class='ocrx_word' id='word_1_371' title='bbox 2287 1005 2351 1049; x_wconf 78' lang='grc' dir='ltr'>τὰς</span> 
     </span>
     <span class='ocr_line' id='line_1_50' title="bbox 1314 1064 2351 1119; baseline 0.003 -16"><span class='ocrx_word' id='word_1_372' title='bbox 1314 1066 1450 1118; x_wconf 70' lang='grc' dir='ltr'>γραφάς</span> <span class='ocrx_word' id='word_1_373' title='bbox 1465 1082 1472 1089; x_wconf 95' lang='grc'>·</span> <span class='ocrx_word' id='word_1_374' title='bbox 1495 1068 1581 1104; x_wconf 81' lang='grc' dir='ltr'>ἰῶτα</span> <span class='ocrx_word' id='word_1_375' title='bbox 1602 1065 1670 1118; x_wconf 75' lang='grc' dir='ltr'>γὰρ</span> <span class='ocrx_word' id='word_1_376' title='bbox 1691 1065 1776 1113; x_wconf 81' lang='grc' dir='ltr'>ἓν,ἢ</span> <span class='ocrx_word' id='word_1_377' title='bbox 1798 1064 1864 1116; x_wconf 89' lang='grc' dir='ltr'>μία</span> <span class='ocrx_word' id='word_1_378' title='bbox 1892 1067 2017 1119; x_wconf 86' lang='grc' dir='ltr'>κεραία</span> <span class='ocrx_word' id='word_1_379' title='bbox 2041 1067 2212 1111; x_wconf 79' lang='grc' dir='ltr'>πολλάκις</span> <span class='ocrx_word' id='word_1_380' title='bbox 2234 1066 2351 1118; x_wconf 79' lang='grc' dir='ltr'>νόημα</span> 
     </span>
     <span class='ocr_line' id='line_1_51' title="bbox 1314 1126 2352 1181; baseline 0.001 -15"><span class='ocrx_word' id='word_1_381' title='bbox 1314 1129 1451 1181; x_wconf 82' lang='grc' dir='ltr'>ἐγείρει.</span> <span class='ocrx_word' id='word_1_382' title='bbox 1471 1127 1552 1166; x_wconf 87' lang='grc' dir='ltr'>Ἵνα</span> <span class='ocrx_word' id='word_1_383' title='bbox 1584 1127 1619 1165; x_wconf 79' lang='grc' dir='ltr'>δὲ</span> <span class='ocrx_word' id='word_1_384' title='bbox 1642 1126 1756 1179; x_wconf 76' lang='grc' dir='ltr'>μα’θῃς</span> <span class='ocrx_word' id='word_1_385' title='bbox 1777 1127 1833 1165; x_wconf 83' lang='grc' dir='ltr'>ὅτι</span> <span class='ocrx_word' id='word_1_386' title='bbox 1851 1127 1913 1166; x_wconf 74' lang='grc' dir='ltr'>καὶ</span> <span class='ocrx_word' id='word_1_387' title='bbox 1940 1127 2124 1178; x_wconf 78' lang='grc' dir='ltr'>προσθήκη</span> <span class='ocrx_word' id='word_1_388' title='bbox 2151 1128 2227 1172; x_wconf 77' lang='grc' dir='ltr'>ἑνὸς</span> <span class='ocrx_word' id='word_1_389' title='bbox 2254 1143 2352 1167; x_wconf 83' lang='grc' dir='ltr'>στοι-</span> 
     </span>
     <span class='ocr_line' id='line_1_52' title="bbox 1314 1183 2351 1242; baseline 0.002 -16"><span class='ocrx_word' id='word_1_390' title='bbox 1314 1189 1410 1240; x_wconf 76' lang='grc' dir='ltr'>χείου</span> <span class='ocrx_word' id='word_1_391' title='bbox 1448 1194 1540 1226; x_wconf 87' lang='grc' dir='ltr'>ποιεῖ</span> <span class='ocrx_word' id='word_1_392' title='bbox 1583 1187 1699 1238; x_wconf 86' lang='grc' dir='ltr'>νόημα</span> <span class='ocrx_word' id='word_1_393' title='bbox 1713 1217 1723 1236; x_wconf 91' lang='grc'>,</span> <span class='ocrx_word' id='word_1_394' title='bbox 1755 1183 1855 1232; x_wconf 68' lang='grc' dir='ltr'>οὗτος</span> <span class='ocrx_word' id='word_1_395' title='bbox 1892 1192 1911 1228; x_wconf 93' lang='lat'><strong>6</strong></span> <span class='ocrx_word' id='word_1_396' title='bbox 1947 1189 2149 1242; x_wconf 78' lang='grc' dir='ltr'>παριάρχης</span> <span class='ocrx_word' id='word_1_397' title='bbox 2189 1188 2351 1241; x_wconf 69' lang='grc' dir='ltr'>Ἀδραὰμ</span> 
     </span>
     <span class='ocr_line' id='line_1_53' title="bbox 1315 1249 2348 1302; baseline 0.004 -15"><span class='ocrx_word' id='word_1_398' title='bbox 1315 1249 1451 1302; x_wconf 74' lang='grc' dir='ltr'>’Λὸρὰμ</span> <span class='ocrx_word' id='word_1_399' title='bbox 1471 1249 1610 1299; x_wconf 86' lang='grc' dir='ltr'>ἐλέγετο</span> <span class='ocrx_word' id='word_1_400' title='bbox 1633 1249 1815 1301; x_wconf 86' lang='grc' dir='ltr'>πρότερον.</span> <span class='ocrx_word' id='word_1_401' title='bbox 1834 1250 1905 1288; x_wconf 75' lang='grc' dir='ltr'>Καὶ</span> <span class='ocrx_word' id='word_1_402' title='bbox 1937 1249 2031 1301; x_wconf 83' lang='grc' dir='ltr'>λέγει</span> <span class='ocrx_word' id='word_1_403' title='bbox 2064 1251 2158 1302; x_wconf 74' lang='grc' dir='ltr'>αὐτῷ</span> <span class='ocrx_word' id='word_1_404' title='bbox 2187 1253 2207 1289; x_wconf 83' lang='grc' dir='ltr'><strong>ὁ</strong></span> <span class='ocrx_word' id='word_1_405' title='bbox 2236 1251 2348 1297; x_wconf 72' lang='grc' dir='ltr'>Θεὸς,</span> 
     </span>
     <span class='ocr_line' id='line_1_54' title="bbox 1313 1309 2351 1364; baseline 0.002 -15"><span class='ocrx_word' id='word_1_406' title='bbox 1313 1312 1377 1349; x_wconf 84' lang='grc' dir='ltr'>οὐκ</span> <span class='ocrx_word' id='word_1_407' title='bbox 1395 1311 1494 1350; x_wconf 86' lang='grc' dir='ltr'>ἔσται</span> <span class='ocrx_word' id='word_1_408' title='bbox 1515 1309 1555 1348; x_wconf 86' lang='grc' dir='ltr'>τὸ</span> <span class='ocrx_word' id='word_1_409' title='bbox 1572 1311 1684 1360; x_wconf 84' lang='grc' dir='ltr'>ὄνομά</span> <span class='ocrx_word' id='word_1_410' title='bbox 1703 1325 1765 1348; x_wconf 88' lang='grc' dir='ltr'>σου</span> <span class='ocrx_word' id='word_1_411' title='bbox 1779 1309 1932 1362; x_wconf 70' lang='grc' dir='ltr'>Ἀὸρὰμ,</span> <span class='ocrx_word' id='word_1_412' title='bbox 1944 1311 2022 1348; x_wconf 81' lang='grc' dir='ltr'>ἀλλ’</span> <span class='ocrx_word' id='word_1_413' title='bbox 2045 1310 2220 1363; x_wconf 69' lang='grc' dir='ltr'>Ἀδραάμ.</span> <span class='ocrx_word' id='word_1_414' title='bbox 2238 1310 2351 1364; x_wconf 78' lang='grc' dir='ltr'>Ἄλφα</span> 
     </span>
     <span class='ocr_line' id='line_1_55' title="bbox 1312 1370 2350 1423; baseline -0.001 -13"><span class='ocrx_word' id='word_1_415' title='bbox 1312 1371 1531 1422; x_wconf 87' lang='grc' dir='ltr'>προσέθηκε,</span> <span class='ocrx_word' id='word_1_416' title='bbox 1550 1370 1610 1408; x_wconf 78' lang='grc' dir='ltr'>καὶ</span> <span class='ocrx_word' id='word_1_417' title='bbox 1637 1370 1776 1423; x_wconf 86' lang='grc' dir='ltr'>πατέρα</span> <span class='ocrx_word' id='word_1_418' title='bbox 1804 1370 1907 1409; x_wconf 83' lang='grc' dir='ltr'>αὐτὸν</span> <span class='ocrx_word' id='word_1_419' title='bbox 1942 1372 2083 1409; x_wconf 81' lang='grc' dir='ltr'>πολλῶν</span> <span class='ocrx_word' id='word_1_420' title='bbox 2102 1373 2210 1410; x_wconf 78' lang='grc' dir='ltr'>ἐθνῶν</span> <span class='ocrx_word' id='word_1_421' title='bbox 2223 1370 2350 1419; x_wconf 79' lang='grc' dir='ltr'>ἐποίη-</span> 
     </span>
     <span class='ocr_line' id='line_1_56' title="bbox 1313 1431 2352 1487; baseline 0 -16"><span class='ocrx_word' id='word_1_422' title='bbox 1313 1448 1386 1471; x_wconf 88' lang='grc' dir='ltr'>σεν.</span> <span class='ocrx_word' id='word_1_423' title='bbox 1403 1432 1494 1471; x_wconf 78' lang='grc' dir='ltr'>Ἰδοὺ</span> <span class='ocrx_word' id='word_1_424' title='bbox 1526 1432 1641 1471; x_wconf 80' lang='grc' dir='ltr'>τοίνυν</span> <span class='ocrx_word' id='word_1_425' title='bbox 1671 1431 1745 1476; x_wconf 81' lang='grc' dir='ltr'>ἑνὸς</span> <span class='ocrx_word' id='word_1_426' title='bbox 1765 1431 1942 1485; x_wconf 77' lang='grc' dir='ltr'>στοιχείου</span> <span class='ocrx_word' id='word_1_427' title='bbox 1975 1433 2161 1487; x_wconf 79' lang='grc' dir='ltr'>προσθήκη</span> <span class='ocrx_word' id='word_1_428' title='bbox 2188 1432 2352 1480; x_wconf 69' lang='grc' dir='ltr'>’πολλὴν</span> 
     </span>
     <span class='ocr_line' id='line_1_57' title="bbox 1314 1487 2349 1547; baseline 0.002 -16"><span class='ocrx_word' id='word_1_429' title='bbox 1314 1493 1490 1545; x_wconf 80' lang='grc' dir='ltr'>εὐγένειαν</span> <span class='ocrx_word' id='word_1_430' title='bbox 1524 1492 1645 1538; x_wconf 82' lang='grc' dir='ltr'>ἔδειξε.</span> <span class='ocrx_word' id='word_1_431' title='bbox 1677 1492 1740 1540; x_wconf 77' lang='grc' dir='ltr'>Μὴ</span> <span class='ocrx_word' id='word_1_432' title='bbox 1777 1493 1985 1547; x_wconf 77' lang='grc' dir='ltr'>παράτρεχε</span> <span class='ocrx_word' id='word_1_433' title='bbox 2032 1487 2091 1533; x_wconf 60' lang='grc' dir='ltr'>οὖν</span> <span class='ocrx_word' id='word_1_434' title='bbox 2140 1495 2263 1539; x_wconf 77' lang='grc' dir='ltr'>ἅπλῶς</span> <span class='ocrx_word' id='word_1_435' title='bbox 2303 1493 2349 1534; x_wconf 73' lang='grc' dir='ltr'>τὰ</span> 
     </span>
     <span class='ocr_line' id='line_1_58' title="bbox 1313 1547 2351 1608; baseline 0.004 -17"><span class='ocrx_word' id='word_1_436' title='bbox 1313 1557 1472 1593; x_wconf 78' lang='grc' dir='ltr'>τοιαῦτα.</span> <span class='ocrx_word' id='word_1_437' title='bbox 1492 1555 1547 1594; x_wconf 80' lang='grc' dir='ltr'>Οὐ</span> <span class='ocrx_word' id='word_1_438' title='bbox 1574 1555 1643 1607; x_wconf 78' lang='grc' dir='ltr'>γὰρ</span> <span class='ocrx_word' id='word_1_439' title='bbox 1658 1547 1775 1603; x_wconf 70' lang='grc' dir='ltr'>εἶπεν,</span> <span class='ocrx_word' id='word_1_440' title='bbox 1795 1555 1919 1600; x_wconf 73' lang='grc' dir='ltr'>ἔλαὸες</span> <span class='ocrx_word' id='word_1_441' title='bbox 1936 1556 1981 1594; x_wconf 83' lang='grc' dir='ltr'>τὰ</span> <span class='ocrx_word' id='word_1_442' title='bbox 2000 1555 2116 1608; x_wconf 81' lang='grc' dir='ltr'>ἀγαθά</span> <span class='ocrx_word' id='word_1_443' title='bbox 2136 1570 2213 1606; x_wconf 84' lang='grc' dir='ltr'>σου,</span> <span class='ocrx_word' id='word_1_444' title='bbox 2230 1554 2324 1595; x_wconf 74' lang='grc' dir='ltr'>ἀλλὰ</span> <span class='ocrx_word' id='word_1_445' title='bbox 2338 1584 2351 1605; x_wconf 83' lang='grc'>,</span> 
     </span>
     <span class='ocr_line' id='line_1_59' title="bbox 1314 1615 2351 1671; baseline 0.002 -17"><span class='ocrx_word' id='word_1_446' title='bbox 1314 1615 1506 1660; x_wconf 70' lang='grc' dir='ltr'>Ἀπέλαὸες</span> <span class='ocrx_word' id='word_1_447' title='bbox 1522 1632 1529 1639; x_wconf 91' lang='grc'>·</span> <span class='ocrx_word' id='word_1_448' title='bbox 1553 1618 1571 1654; x_wconf 99' lang='lat'><strong>6</strong></span> <span class='ocrx_word' id='word_1_449' title='bbox 1598 1615 1634 1654; x_wconf 81' lang='grc' dir='ltr'>δὲ</span> <span class='ocrx_word' id='word_1_450' title='bbox 1663 1615 1948 1667; x_wconf 71' lang='grc' dir='ltr'>ἀπολαμὸάνων,</span> <span class='ocrx_word' id='word_1_451' title='bbox 1976 1617 2022 1656; x_wconf 84' lang='grc' dir='ltr'>τὰ</span> <span class='ocrx_word' id='word_1_452' title='bbox 2053 1616 2351 1671; x_wconf 76' lang='grc' dir='ltr'>κεχρειυστημένα</span> 
     </span>
     <span class='ocr_line' id='line_1_60' title="bbox 1316 1677 2349 1733; baseline 0.002 -17"><span class='ocrx_word' id='word_1_453' title='bbox 1316 1677 1576 1728; x_wconf 71' lang='grc' dir='ltr'>ἀπολαμίῗάνει.</span> <span class='ocrx_word' id='word_1_454' title='bbox 1600 1678 1763 1730; x_wconf 79' lang='grc' dir='ltr'>Πρόσεχε</span> <span class='ocrx_word' id='word_1_455' title='bbox 1781 1677 1800 1716; x_wconf 85' lang='grc' dir='ltr'>ὃ</span> <span class='ocrx_word' id='word_1_456' title='bbox 1818 1678 1911 1730; x_wconf 86' lang='grc' dir='ltr'>λέγω</span> <span class='ocrx_word' id='word_1_457' title='bbox 1924 1694 1932 1703; x_wconf 88' lang='grc'>·</span> <span class='ocrx_word' id='word_1_458' title='bbox 1953 1679 2040 1718; x_wconf 82' lang='grc' dir='ltr'>ἄλλο</span> <span class='ocrx_word' id='word_1_459' title='bbox 2062 1679 2132 1733; x_wconf 84' lang='grc' dir='ltr'>γὰρ</span> <span class='ocrx_word' id='word_1_460' title='bbox 2152 1680 2193 1719; x_wconf 83' lang='grc' dir='ltr'>τὸ</span> <span class='ocrx_word' id='word_1_461' title='bbox 2209 1678 2349 1725; x_wconf 77' lang='grc' dir='ltr'>λαὸεῖν,</span> 
     </span>
     <span class='ocr_line' id='line_1_61' title="bbox 1314 1740 2351 1793; baseline 0.003 -16"><span class='ocrx_word' id='word_1_462' title='bbox 1314 1740 1375 1778; x_wconf 77' lang='grc' dir='ltr'>καὶ</span> <span class='ocrx_word' id='word_1_463' title='bbox 1405 1740 1493 1778; x_wconf 84' lang='grc' dir='ltr'>ἄλλο</span> <span class='ocrx_word' id='word_1_464' title='bbox 1511 1740 1552 1778; x_wconf 83' lang='grc' dir='ltr'>τὸ</span> <span class='ocrx_word' id='word_1_465' title='bbox 1584 1741 1790 1778; x_wconf 68' lang='grc' dir='ltr'>ἂπολαὸεῖν·</span> <span class='ocrx_word' id='word_1_466' title='bbox 1817 1741 2064 1791; x_wconf 76' lang='grc' dir='ltr'>ἀπολαμὸάνει</span> <span class='ocrx_word' id='word_1_467' title='bbox 2086 1741 2154 1793; x_wconf 88' lang='grc' dir='ltr'>γάρ</span> <span class='ocrx_word' id='word_1_468' title='bbox 2183 1757 2236 1785; x_wconf 88' lang='grc' dir='ltr'>τις</span> <span class='ocrx_word' id='word_1_469' title='bbox 2259 1741 2351 1792; x_wconf 80' lang='grc' dir='ltr'>ἅπερ</span> 
     </span>
     <span class='ocr_line' id='line_1_62' title="bbox 1315 1796 2351 1854; baseline 0.001 -15"><span class='ocrx_word' id='word_1_470' title='bbox 1315 1796 1411 1854; x_wconf 66' lang='grc' dir='ltr'>εἶχε,</span> <span class='ocrx_word' id='word_1_471' title='bbox 1446 1800 1622 1851; x_wconf 70' lang='grc' dir='ltr'>λαμὸάνει</span> <span class='ocrx_word' id='word_1_472' title='bbox 1656 1801 1693 1839; x_wconf 80' lang='grc' dir='ltr'>δὲ</span> <span class='ocrx_word' id='word_1_473' title='bbox 1735 1801 1905 1846; x_wconf 84' lang='grc' dir='ltr'>πολλάκις</span> <span class='ocrx_word' id='word_1_474' title='bbox 1943 1803 2034 1853; x_wconf 84' lang='grc' dir='ltr'>ἅπερ</span> <span class='ocrx_word' id='word_1_475' title='bbox 2075 1804 2137 1841; x_wconf 82' lang='grc' dir='ltr'>οὐκ</span> <span class='ocrx_word' id='word_1_476' title='bbox 2171 1802 2351 1850; x_wconf 82' lang='grc' dir='ltr'>ἐκέκτητο.</span> 
     </span>
     <span class='ocr_line' id='line_1_63' title="bbox 1314 1862 2352 1915; baseline 0.002 -15"><span class='ocrx_word' id='word_1_477' title='bbox 1314 1862 1505 1906; x_wconf 62' lang='grc' dir='ltr'>’Λπέλαῆες</span> <span class='ocrx_word' id='word_1_478' title='bbox 1530 1862 1575 1900; x_wconf 85' lang='grc' dir='ltr'>τὰ</span> <span class='ocrx_word' id='word_1_479' title='bbox 1599 1862 1716 1914; x_wconf 78' lang='grc' dir='ltr'>ἀγαθά</span> <span class='ocrx_word' id='word_1_480' title='bbox 1748 1864 1902 1909; x_wconf 77' lang='grc' dir='ltr'>σου,κα“ι</span> <span class='ocrx_word' id='word_1_481' title='bbox 1927 1864 2085 1915; x_wconf 87' lang='grc' dir='ltr'>Λάζαρος</span> <span class='ocrx_word' id='word_1_482' title='bbox 2111 1863 2156 1902; x_wconf 81' lang='grc' dir='ltr'>τὰ</span> <span class='ocrx_word' id='word_1_483' title='bbox 2175 1862 2272 1902; x_wconf 82' lang='grc' dir='ltr'>κακὰ</span> <span class='ocrx_word' id='word_1_484' title='bbox 2289 1864 2352 1902; x_wconf 85' lang='grc' dir='ltr'>αὗ·</span> 
     </span>
     <span class='ocr_line' id='line_1_64' title="bbox 1314 1923 2352 1976; baseline 0.001 -14"><span class='ocrx_word' id='word_1_485' title='bbox 1314 1929 1384 1962; x_wconf 78' lang='grc' dir='ltr'>τοῦ.</span> <span class='ocrx_word' id='word_1_486' title='bbox 1407 1923 1496 1962; x_wconf 77' lang='grc' dir='ltr'>Ἰδοὺ</span> <span class='ocrx_word' id='word_1_487' title='bbox 1517 1924 1577 1962; x_wconf 77' lang='grc' dir='ltr'>καὶ</span> <span class='ocrx_word' id='word_1_488' title='bbox 1606 1926 1624 1961; x_wconf 91' lang='lat'><strong>6</strong></span> <span class='ocrx_word' id='word_1_489' title='bbox 1653 1923 1817 1968; x_wconf 79' lang='grc' dir='ltr'>πλούσιος</span> <span class='ocrx_word' id='word_1_490' title='bbox 1843 1924 1888 1963; x_wconf 79' lang='grc' dir='ltr'>τὰ</span> <span class='ocrx_word' id='word_1_491' title='bbox 1920 1924 2034 1976; x_wconf 79' lang='grc' dir='ltr'>ἀγαθὰ</span> <span class='ocrx_word' id='word_1_492' title='bbox 2051 1927 2155 1964; x_wconf 81' lang='grc' dir='ltr'>αὐτοῦ</span> <span class='ocrx_word' id='word_1_493' title='bbox 2176 1923 2352 1971; x_wconf 76' lang='grc' dir='ltr'>ἀπέλαὸε,</span> 
     </span>
     <span class='ocr_line' id='line_1_65' title="bbox 1313 1985 2350 2038; baseline -0.001 -13"><span class='ocrx_word' id='word_1_494' title='bbox 1313 1987 1373 2025; x_wconf 78' lang='grc' dir='ltr'>καὶ</span> <span class='ocrx_word' id='word_1_495' title='bbox 1395 1989 1413 2025; x_wconf 93' lang='lat'><strong>6</strong></span> <span class='ocrx_word' id='word_1_496' title='bbox 1440 1986 1599 2038; x_wconf 83' lang='grc' dir='ltr'>Λάζαρος</span> <span class='ocrx_word' id='word_1_497' title='bbox 1627 1986 1672 2024; x_wconf 80' lang='grc' dir='ltr'>τὰ</span> <span class='ocrx_word' id='word_1_498' title='bbox 1697 1986 1792 2025; x_wconf 69' lang='grc' dir='ltr'>κακὰ</span> <span class='ocrx_word' id='word_1_499' title='bbox 1813 1989 1930 2026; x_wconf 80' lang='grc' dir='ltr'>αὑτοῦ.</span> <span class='ocrx_word' id='word_1_500' title='bbox 1951 1988 2076 2025; x_wconf 79' lang='grc' dir='ltr'>Ταῦτα</span> <span class='ocrx_word' id='word_1_501' title='bbox 2098 1986 2136 2025; x_wconf 83' lang='grc' dir='ltr'>δέ</span> <span class='ocrx_word' id='word_1_502' title='bbox 2155 2002 2215 2037; x_wconf 85' lang='grc' dir='ltr'>μοι</span> <span class='ocrx_word' id='word_1_503' title='bbox 2230 1985 2350 2026; x_wconf 86' lang='grc' dir='ltr'>πάντα</span> 
     </span>
     <span class='ocr_line' id='line_1_66' title="bbox 1313 2046 2350 2101; baseline 0 -15"><span class='ocrx_word' id='word_1_504' title='bbox 1313 2048 1451 2101; x_wconf 87' lang='grc' dir='ltr'>εἴρηται</span> <span class='ocrx_word' id='word_1_505' title='bbox 1473 2047 1530 2086; x_wconf 77' lang='grc' dir='ltr'>διὰ</span> <span class='ocrx_word' id='word_1_506' title='bbox 1552 2046 1630 2092; x_wconf 77' lang='grc' dir='ltr'>τοὺς</span> <span class='ocrx_word' id='word_1_507' title='bbox 1648 2049 1799 2086; x_wconf 79' lang='grc' dir='ltr'>ἐνταῦθα</span> <span class='ocrx_word' id='word_1_508' title='bbox 1818 2048 2092 2098; x_wconf 83' lang='grc' dir='ltr'>κολαζομένους,</span> <span class='ocrx_word' id='word_1_509' title='bbox 2107 2048 2169 2086; x_wconf 82' lang='grc' dir='ltr'>καὶ</span> <span class='ocrx_word' id='word_1_510' title='bbox 2189 2047 2240 2099; x_wconf 84' lang='grc' dir='ltr'>μὴ</span> <span class='ocrx_word' id='word_1_511' title='bbox 2262 2049 2350 2095; x_wconf 73' lang='grc' dir='ltr'>ἐκεῖ,</span> 
     </span>
     <span class='ocr_line' id='line_1_67' title="bbox 1312 2108 2348 2161; baseline 0 -13"><span class='ocrx_word' id='word_1_512' title='bbox 1312 2110 1369 2148; x_wconf 78' lang='grc' dir='ltr'>διὰ</span> <span class='ocrx_word' id='word_1_513' title='bbox 1385 2108 1464 2153; x_wconf 75' lang='grc' dir='ltr'>τοὺς</span> <span class='ocrx_word' id='word_1_514' title='bbox 1492 2111 1639 2147; x_wconf 74' lang='grc' dir='ltr'>ἐνταῦθα</span> <span class='ocrx_word' id='word_1_515' title='bbox 1655 2112 1861 2161; x_wconf 62' lang='grc' dir='ltr'>τρυφῶντας</span> <span class='ocrx_word' id='word_1_516' title='bbox 1873 2141 1883 2159; x_wconf 82' lang='lat'><em>‚</em></span> <span class='ocrx_word' id='word_1_517' title='bbox 1899 2109 1960 2148; x_wconf 84' lang='grc' dir='ltr'>καὶ</span> <span class='ocrx_word' id='word_1_518' title='bbox 1980 2111 2053 2148; x_wconf 80' lang='grc' dir='ltr'>ἐκεῖ</span> <span class='ocrx_word' id='word_1_519' title='bbox 2076 2108 2348 2160; x_wconf 83' lang='grc' dir='ltr'>κολαζομένους.</span> 
     </span>
     <span class='ocr_line' id='line_1_68' title="bbox 1313 2170 2348 2224; baseline -0.001 -14"><span class='ocrx_word' id='word_1_520' title='bbox 1313 2171 1475 2224; x_wconf 78' lang='grc' dir='ltr'>Πρόσεχε</span> <span class='ocrx_word' id='word_1_521' title='bbox 1506 2170 1618 2209; x_wconf 85' lang='grc' dir='ltr'>τοίνυν</span> <span class='ocrx_word' id='word_1_522' title='bbox 1643 2170 1662 2209; x_wconf 84' lang='grc' dir='ltr'>ὃ</span> <span class='ocrx_word' id='word_1_523' title='bbox 1685 2170 1777 2223; x_wconf 84' lang='grc' dir='ltr'>λέγω</span> <span class='ocrx_word' id='word_1_524' title='bbox 1793 2186 1800 2194; x_wconf 93' lang='grc'>·</span> <span class='ocrx_word' id='word_1_525' title='bbox 1821 2171 2012 2215; x_wconf 70' lang='grc' dir='ltr'>Ἀπέλαὸες</span> <span class='ocrx_word' id='word_1_526' title='bbox 2040 2171 2085 2210; x_wconf 74' lang='grc' dir='ltr'>τὰ</span> <span class='ocrx_word' id='word_1_527' title='bbox 2117 2170 2234 2222; x_wconf 75' lang='grc' dir='ltr'>ἀγαθά</span> <span class='ocrx_word' id='word_1_528' title='bbox 2263 2185 2348 2216; x_wconf 89' lang='grc' dir='ltr'>σου,</span> 
     </span>
     <span class='ocr_line' id='line_1_69' title="bbox 1313 2231 2349 2287; baseline -0.001 -15"><span class='ocrx_word' id='word_1_529' title='bbox 1313 2235 1372 2272; x_wconf 79' lang='grc' dir='ltr'>καὶ</span> <span class='ocrx_word' id='word_1_530' title='bbox 1395 2234 1553 2287; x_wconf 83' lang='grc' dir='ltr'>Λάζαρος</span> <span class='ocrx_word' id='word_1_531' title='bbox 1581 2232 1626 2271; x_wconf 77' lang='grc' dir='ltr'>τὰ</span> <span class='ocrx_word' id='word_1_532' title='bbox 1647 2232 1741 2272; x_wconf 79' lang='grc' dir='ltr'>κακὰ</span> <span class='ocrx_word' id='word_1_533' title='bbox 1761 2235 1886 2282; x_wconf 73' lang='grc' dir='ltr'>αὐτοῦ,</span> <span class='ocrx_word' id='word_1_534' title='bbox 1906 2233 1951 2272; x_wconf 82' lang='grc' dir='ltr'>τὰ</span> <span class='ocrx_word' id='word_1_535' title='bbox 1971 2231 2290 2285; x_wconf 64' lang='grc' dir='ltr'>κεχρεωστημένα,</span> <span class='ocrx_word' id='word_1_536' title='bbox 2304 2232 2349 2271; x_wconf 78' lang='grc' dir='ltr'>τὰ</span> 
     </span>
     <span class='ocr_line' id='line_1_70' title="bbox 1312 2294 2350 2348; baseline -0.004 -12"><span class='ocrx_word' id='word_1_537' title='bbox 1312 2296 1532 2347; x_wconf 76' lang='grc' dir='ltr'>ὀφειλόμενα.</span> <span class='ocrx_word' id='word_1_538' title='bbox 1553 2294 1755 2348; x_wconf 76' lang='grc' dir='ltr'>Προσέχετε</span> <span class='ocrx_word' id='word_1_539' title='bbox 1773 2297 1824 2348; x_wconf 80' lang='grc' dir='ltr'>τῷ</span> <span class='ocrx_word' id='word_1_540' title='bbox 1845 2295 2044 2346; x_wconf 83' lang='grc' dir='ltr'>ζητήματι·</span> <span class='ocrx_word' id='word_1_541' title='bbox 2070 2294 2189 2347; x_wconf 83' lang='grc' dir='ltr'>φθάνω</span> <span class='ocrx_word' id='word_1_542' title='bbox 2213 2294 2284 2348; x_wconf 76' lang='grc' dir='ltr'>γὰρ</span> <span class='ocrx_word' id='word_1_543' title='bbox 2301 2295 2350 2339; x_wconf 73' lang='grc' dir='ltr'>εἷς</span> 
     </span>
     <span class='ocr_line' id='line_1_71' title="bbox 1312 2356 2351 2409; baseline -0.002 -13"><span class='ocrx_word' id='word_1_544' title='bbox 1312 2358 1370 2396; x_wconf 78' lang='grc' dir='ltr'>τὸν</span> <span class='ocrx_word' id='word_1_545' title='bbox 1387 2357 1506 2396; x_wconf 86' lang='grc' dir='ltr'>τόπον·</span> <span class='ocrx_word' id='word_1_546' title='bbox 1524 2357 1609 2405; x_wconf 82' lang='grc' dir='ltr'>ἄφες</span> <span class='ocrx_word' id='word_1_547' title='bbox 1629 2357 1750 2409; x_wconf 80' lang='grc' dir='ltr'>ὑφάνω</span> <span class='ocrx_word' id='word_1_548' title='bbox 1766 2356 1824 2395; x_wconf 82' lang='grc' dir='ltr'>τὸν</span> <span class='ocrx_word' id='word_1_549' title='bbox 1836 2357 1942 2396; x_wconf 79' lang='grc' dir='ltr'>ἱστόν.</span> <span class='ocrx_word' id='word_1_550' title='bbox 1961 2356 2067 2396; x_wconf 79' lang='grc' dir='ltr'>Ἀλλὰ</span> <span class='ocrx_word' id='word_1_551' title='bbox 2085 2356 2134 2407; x_wconf 87' lang='grc' dir='ltr'>μὴ</span> <span class='ocrx_word' id='word_1_552' title='bbox 2152 2356 2351 2409; x_wconf 72' lang='grc' dir='ltr'>θορυὸεῑσθε</span> 
     </span>
     <span class='ocr_line' id='line_1_72' title="bbox 1313 2417 2355 2471; baseline -0.002 -13"><span class='ocrx_word' id='word_1_553' title='bbox 1313 2422 1349 2458; x_wconf 80' lang='grc' dir='ltr'>ἐν</span> <span class='ocrx_word' id='word_1_554' title='bbox 1378 2422 1428 2471; x_wconf 77' lang='grc' dir='ltr'>τῷ</span> <span class='ocrx_word' id='word_1_555' title='bbox 1448 2418 1644 2471; x_wconf 83' lang='grc' dir='ltr'>προοιμίῳ·</span> <span class='ocrx_word' id='word_1_556' title='bbox 1671 2417 1750 2457; x_wconf 83' lang='grc' dir='ltr'>ἀλλ’</span> <span class='ocrx_word' id='word_1_557' title='bbox 1771 2419 1856 2457; x_wconf 82' lang='grc' dir='ltr'>ὅταν</span> <span class='ocrx_word' id='word_1_558' title='bbox 1882 2434 1917 2456; x_wconf 88' lang='grc' dir='ltr'>τι</span> <span class='ocrx_word' id='word_1_559' title='bbox 1936 2421 2091 2457; x_wconf 75' lang='grc' dir='ltr'>τοιοῦτον</span> <span class='ocrx_word' id='word_1_560' title='bbox 2113 2418 2230 2469; x_wconf 86' lang='grc' dir='ltr'>λέγω,</span> <span class='ocrx_word' id='word_1_561' title='bbox 2262 2418 2355 2456; x_wconf 77' lang='grc' dir='ltr'>ἅνα-</span> 
     </span>
    </p>
   </div>
   <div class='ocr_carea' id='block_1_4' title="bbox 290 2476 2355 2596">
    <p class='ocr_par' dir='ltr' id='par_1_4' title="bbox 290 2476 2355 2596">
     <span class='ocr_line' id='line_1_73' title="bbox 290 2476 2355 2537; baseline -0 -18"><span class='ocrx_word' id='word_1_562' title='bbox 290 2497 368 2533; x_wconf 77' lang='lat' dir='ltr'>qua:</span> <span class='ocrx_word' id='word_1_563' title='bbox 388 2481 557 2520; x_wconf 68' lang='lat' dir='ltr'>solvenda</span> <span class='ocrx_word' id='word_1_564' title='bbox 574 2490 689 2529; x_wconf 81' lang='lat' dir='ltr'>crant,</span> <span class='ocrx_word' id='word_1_565' title='bbox 709 2494 789 2531; x_wconf 67' lang='lat' dir='ltr'>quae</span> <span class='ocrx_word' id='word_1_566' title='bbox 808 2479 1044 2518; x_wconf 78' lang='lat' dir='ltr'>debebantur.</span> <span class='ocrx_word' id='word_1_567' title='bbox 1066 2476 1247 2515; x_wconf 76' lang='lat' dir='ltr'>Attendite</span> <span class='ocrx_word' id='word_1_568' title='bbox 1258 2512 1306 2537; x_wconf 56' lang='grc' dir='ltr'>,Μ</span> <span class='ocrx_word' id='word_1_569' title='bbox 1317 2480 1457 2531; x_wconf 79' lang='grc' dir='ltr'>μείνατε</span> <span class='ocrx_word' id='word_1_570' title='bbox 1494 2479 1558 2527; x_wconf 76' lang='grc' dir='ltr'>τὴν</span> <span class='ocrx_word' id='word_1_571' title='bbox 1588 2479 1700 2519; x_wconf 87' lang='grc' dir='ltr'>λύσιν.</span> <span class='ocrx_word' id='word_1_572' title='bbox 1741 2479 1921 2530; x_wconf 82' lang='grc' dir='ltr'>Βούλομαι</span> <span class='ocrx_word' id='word_1_573' title='bbox 1945 2480 2013 2532; x_wconf 78' lang='grc' dir='ltr'>γὰρ</span> <span class='ocrx_word' id='word_1_574' title='bbox 2043 2479 2236 2531; x_wconf 79' lang='grc' dir='ltr'>ὀξυδερκεῖς</span> <span class='ocrx_word' id='word_1_575' title='bbox 2261 2480 2355 2529; x_wconf 70' lang='grc' dir='ltr'>ὑμᾶς</span> 
     </span>
     <span class='ocr_line' id='line_1_74' title="bbox 290 2539 2354 2596; baseline -0.001 -14"><span class='ocrx_word' id='word_1_576' title='bbox 290 2545 505 2596; x_wconf 71' lang='lat' dir='ltr'>qumstioni:</span> <span class='ocrx_word' id='word_1_577' title='bbox 536 2543 580 2580; x_wconf 84' lang='lat' dir='ltr'>ad</span> <span class='ocrx_word' id='word_1_578' title='bbox 602 2543 719 2581; x_wconf 90' lang='lat' dir='ltr'>locum</span> <span class='ocrx_word' id='word_1_579' title='bbox 746 2541 839 2580; x_wconf 84' lang='lat' dir='ltr'>enim</span> <span class='ocrx_word' id='word_1_580' title='bbox 869 2554 1003 2594; x_wconf 69' lang='lat' dir='ltr'>pergo,</span> <span class='ocrx_word' id='word_1_581' title='bbox 1033 2540 1110 2577; x_wconf 86' lang='lat' dir='ltr'>sine</span> <span class='ocrx_word' id='word_1_582' title='bbox 1137 2539 1247 2577; x_wconf 79' lang='lat' dir='ltr'>telam</span> <span class='ocrx_word' id='word_1_583' title='bbox 1270 2551 1295 2579; x_wconf 78' lang='grc' dir='ltr'>Λ</span> <span class='ocrx_word' id='word_1_584' title='bbox 1316 2545 1559 2590; x_wconf 77' lang='grc' dir='ltr'>καταστῆσαι,</span> <span class='ocrx_word' id='word_1_585' title='bbox 1587 2541 1716 2593; x_wconf 78' lang='grc' dir='ltr'>καὶμὴ</span> <span class='ocrx_word' id='word_1_586' title='bbox 1743 2543 1865 2587; x_wconf 84' lang='grc' dir='ltr'>ἁπλῶς</span> <span class='ocrx_word' id='word_1_587' title='bbox 1898 2540 2115 2585; x_wconf 75' lang='grc' dir='ltr'>ἐπιπολαίως</span> <span class='ocrx_word' id='word_1_588' title='bbox 2145 2540 2354 2593; x_wconf 79' lang='grc' dir='ltr'>γυμνάζειν,</span> 
     </span>
    </p>
   </div>
   <div class='ocr_carea' id='block_1_5' title="bbox 289 2599 1250 3328">
    <p class='ocr_par' dir='ltr' id='par_1_5' title="bbox 289 2599 1250 3328">
     <span class='ocr_line' id='line_1_75' title="bbox 289 2599 1247 2656; baseline -0.007 -13"><span class='ocrx_word' id='word_1_589' title='bbox 289 2615 486 2656; x_wconf 81' lang='lat' dir='ltr'>pertexam.</span> <span class='ocrx_word' id='word_1_590' title='bbox 517 2605 562 2643; x_wconf 73' lang='lat' dir='ltr'>At</span> <span class='ocrx_word' id='word_1_591' title='bbox 587 2604 682 2641; x_wconf 78' lang='lat' dir='ltr'>enim</span> <span class='ocrx_word' id='word_1_592' title='bbox 710 2602 820 2640; x_wconf 84' lang='lat' dir='ltr'>nolite</span> <span class='ocrx_word' id='word_1_593' title='bbox 849 2602 884 2639; x_wconf 88' lang='lat' dir='ltr'>in</span> <span class='ocrx_word' id='word_1_594' title='bbox 917 2599 1071 2639; x_wconf 82' lang='lat' dir='ltr'>exordio</span> <span class='ocrx_word' id='word_1_595' title='bbox 1096 2599 1247 2647; x_wconf 85' lang='lat' dir='ltr'>turbari,</span> 
     </span>
     <span class='ocr_line' id='line_1_76' title="bbox 291 2663 1246 2717; baseline -0.007 -12"><span class='ocrx_word' id='word_1_596' title='bbox 291 2667 351 2704; x_wconf 87' lang='lat' dir='ltr'>scd</span> <span class='ocrx_word' id='word_1_597' title='bbox 367 2681 448 2705; x_wconf 89' lang='lat' dir='ltr'>cum</span> <span class='ocrx_word' id='word_1_598' title='bbox 463 2666 530 2704; x_wconf 86' lang='lat' dir='ltr'>tale</span> <span class='ocrx_word' id='word_1_599' title='bbox 541 2665 631 2717; x_wconf 83' lang='lat' dir='ltr'>quid</span> <span class='ocrx_word' id='word_1_600' title='bbox 645 2665 788 2713; x_wconf 84' lang='lat' dir='ltr'>dixero,</span> <span class='ocrx_word' id='word_1_601' title='bbox 800 2663 1014 2702; x_wconf 87' lang='lat' dir='ltr'>solutionem</span> <span class='ocrx_word' id='word_1_602' title='bbox 1027 2669 1246 2714; x_wconf 85' lang='lat' dir='ltr'>exspectate:</span> 
     </span>
     <span class='ocr_line' id='line_1_77' title="bbox 291 2723 1246 2778; baseline -0.004 -13"><span class='ocrx_word' id='word_1_603' title='bbox 291 2728 374 2766; x_wconf 84' lang='lat' dir='ltr'>volo</span> <span class='ocrx_word' id='word_1_604' title='bbox 401 2727 495 2766; x_wconf 88' lang='lat' dir='ltr'>enim</span> <span class='ocrx_word' id='word_1_605' title='bbox 524 2736 646 2765; x_wconf 90' lang='lat' dir='ltr'>acutos</span> <span class='ocrx_word' id='word_1_606' title='bbox 674 2735 709 2764; x_wconf 89' lang='lat' dir='ltr'>et</span> <span class='ocrx_word' id='word_1_607' title='bbox 737 2725 956 2778; x_wconf 85' lang='lat' dir='ltr'>perspicaces</span> <span class='ocrx_word' id='word_1_608' title='bbox 985 2738 1049 2762; x_wconf 78' lang='lat' dir='ltr'>vos</span> <span class='ocrx_word' id='word_1_609' title='bbox 1081 2723 1246 2771; x_wconf 88' lang='lat' dir='ltr'>reddere,</span> 
     </span>
     <span class='ocr_line' id='line_1_78' title="bbox 292 2785 1247 2840; baseline -0.004 -14"><span class='ocrx_word' id='word_1_610' title='bbox 292 2803 404 2840; x_wconf 79' lang='lat' dir='ltr'>neque</span> <span class='ocrx_word' id='word_1_611' title='bbox 420 2789 544 2827; x_wconf 71' lang='lat' dir='ltr'>leviter</span> <span class='ocrx_word' id='word_1_612' title='bbox 561 2796 699 2826; x_wconf 88' lang='lat' dir='ltr'>tantum</span> <span class='ocrx_word' id='word_1_613' title='bbox 714 2800 890 2833; x_wconf 77' lang='lat' dir='ltr'>exercere,</span> <span class='ocrx_word' id='word_1_614' title='bbox 906 2785 1020 2823; x_wconf 87' lang='lat' dir='ltr'>sedin</span> <span class='ocrx_word' id='word_1_615' title='bbox 1036 2785 1247 2823; x_wconf 88' lang='lat' dir='ltr'>divinarum</span> 
     </span>
     <span class='ocr_line' id='line_1_79' title="bbox 290 2846 1248 2902; baseline -0.003 -14"><span class='ocrx_word' id='word_1_616' title='bbox 290 2852 557 2901; x_wconf 71' lang='lat' dir='ltr'>scripturarum</span> <span class='ocrx_word' id='word_1_617' title='bbox 578 2847 795 2902; x_wconf 78' lang='lat' dir='ltr'>profundum</span> <span class='ocrx_word' id='word_1_618' title='bbox 810 2847 1015 2894; x_wconf 87' lang='lat' dir='ltr'>demittere,</span> <span class='ocrx_word' id='word_1_619' title='bbox 1027 2846 1248 2899; x_wconf 81' lang='lat' dir='ltr'>profundum</span> 
     </span>
     <span class='ocr_line' id='line_1_80' title="bbox 294 2907 1250 2962; baseline -0.003 -14"><span class='ocrx_word' id='word_1_620' title='bbox 294 2912 328 2949; x_wconf 89' lang='lat' dir='ltr'>in</span> <span class='ocrx_word' id='word_1_621' title='bbox 351 2926 421 2961; x_wconf 83' lang='lat' dir='ltr'>quo</span> <span class='ocrx_word' id='word_1_622' title='bbox 441 2911 538 2949; x_wconf 87' lang='lat' dir='ltr'>nulla</span> <span class='ocrx_word' id='word_1_623' title='bbox 560 2911 662 2948; x_wconf 80' lang='lat' dir='ltr'>saevit</span> <span class='ocrx_word' id='word_1_624' title='bbox 682 2918 886 2962; x_wconf 87' lang='lat' dir='ltr'>tempestas,</span> <span class='ocrx_word' id='word_1_625' title='bbox 912 2907 1130 2960; x_wconf 80' lang='lat' dir='ltr'>profundum</span> <span class='ocrx_word' id='word_1_626' title='bbox 1153 2917 1250 2946; x_wconf 86' lang='lat' dir='ltr'>tran-</span> 
     </span>
     <span class='ocr_line' id='line_1_81' title="bbox 293 2969 1249 3022; baseline 0 -14"><span class='ocrx_word' id='word_1_627' title='bbox 293 2973 468 3021; x_wconf 81' lang='lat' dir='ltr'>quillitate</span> <span class='ocrx_word' id='word_1_628' title='bbox 487 2972 594 3010; x_wconf 88' lang='lat' dir='ltr'>maris</span> <span class='ocrx_word' id='word_1_629' title='bbox 621 2971 733 3009; x_wconf 86' lang='lat' dir='ltr'>tutius</span> <span class='ocrx_word' id='word_1_630' title='bbox 760 2987 768 3008; x_wconf 78' lang='lat' dir='ltr'><strong><em>z</em></strong></span> <span class='ocrx_word' id='word_1_631' title='bbox 791 2979 924 3021; x_wconf 83' lang='lat' dir='ltr'>quanto</span> <span class='ocrx_word' id='word_1_632' title='bbox 948 2969 1060 3021; x_wconf 82' lang='lat' dir='ltr'>igitur</span> <span class='ocrx_word' id='word_1_633' title='bbox 1090 2969 1249 3022; x_wconf 89' lang='lat' dir='ltr'>amplius</span> 
     </span>
     <span class='ocr_line' id='line_1_82' title="bbox 293 3031 1248 3084; baseline 0 -15"><span class='ocrx_word' id='word_1_634' title='bbox 293 3032 524 3078; x_wconf 79' lang='lat' dir='ltr'>descenderis,</span> <span class='ocrx_word' id='word_1_635' title='bbox 548 3034 717 3084; x_wconf 85' lang='lat' dir='ltr'>majorem</span> <span class='ocrx_word' id='word_1_636' title='bbox 736 3032 893 3070; x_wconf 89' lang='lat' dir='ltr'>invenies</span> <span class='ocrx_word' id='word_1_637' title='bbox 915 3031 1155 3070; x_wconf 84' lang='lat' dir='ltr'>securitatem.</span> <span class='ocrx_word' id='word_1_638' title='bbox 1170 3032 1248 3069; x_wconf 89' lang='lat' dir='ltr'>Non</span> 
     </span>
     <span class='ocr_line' id='line_1_83' title="bbox 295 3092 1246 3145; baseline 0.002 -16"><span class='ocrx_word' id='word_1_639' title='bbox 295 3094 387 3130; x_wconf 82' lang='lat' dir='ltr'>enim</span> <span class='ocrx_word' id='word_1_640' title='bbox 413 3093 470 3131; x_wconf 85' lang='lat' dir='ltr'>bic</span> <span class='ocrx_word' id='word_1_641' title='bbox 496 3103 546 3132; x_wconf 78' lang='lat' dir='ltr'>cst</span> <span class='ocrx_word' id='word_1_642' title='bbox 569 3093 754 3132; x_wconf 78' lang='lat' dir='ltr'>ordinatus</span> <span class='ocrx_word' id='word_1_643' title='bbox 782 3107 956 3144; x_wconf 83' lang='lat' dir='ltr'>aquarum</span> <span class='ocrx_word' id='word_1_644' title='bbox 988 3093 1160 3145; x_wconf 88' lang='lat' dir='ltr'>impetus,</span> <span class='ocrx_word' id='word_1_645' title='bbox 1187 3092 1246 3131; x_wconf 84' lang='lat' dir='ltr'>sed</span> 
     </span>
     <span class='ocr_line' id='line_1_84' title="bbox 296 3153 1249 3207; baseline 0.002 -17"><span class='ocrx_word' id='word_1_646' title='bbox 296 3153 454 3192; x_wconf 83' lang='lat' dir='ltr'>ordinata</span> <span class='ocrx_word' id='word_1_647' title='bbox 467 3154 653 3207; x_wconf 78' lang='lat' dir='ltr'>dispositio</span> <span class='ocrx_word' id='word_1_648' title='bbox 670 3155 1132 3207; x_wconf 71' lang='lat' dir='ltr'>sententiarum.ltecepisu</span> <span class='ocrx_word' id='word_1_649' title='bbox 1147 3156 1249 3192; x_wconf 81' lang='lat' dir='ltr'>bona</span> 
     </span>
     <span class='ocr_line' id='line_1_85' title="bbox 299 3216 1249 3267; baseline 0.002 -17"><span class='ocrx_word' id='word_1_650' title='bbox 299 3222 379 3256; x_wconf 78' lang='lat' dir='ltr'>tua.</span> <span class='ocrx_word' id='word_1_651' title='bbox 396 3224 431 3251; x_wconf 86' lang='lat' dir='ltr'>et</span> <span class='ocrx_word' id='word_1_652' title='bbox 454 3217 624 3253; x_wconf 81' lang='lat' dir='ltr'>Lazarus</span> <span class='ocrx_word' id='word_1_653' title='bbox 645 3216 753 3253; x_wconf 81' lang='lat' dir='ltr'>mala</span> <span class='ocrx_word' id='word_1_654' title='bbox 774 3229 844 3253; x_wconf 81' lang='lat' dir='ltr'>sua</span> <span class='ocrx_word' id='word_1_655' title='bbox 860 3231 873 3252; x_wconf 83' lang='lat'>.·</span> <span class='ocrx_word' id='word_1_656' title='bbox 894 3225 1054 3267; x_wconf 45' lang='lat' dir='ltr'>egnunc</span> <span class='ocrx_word' id='word_1_657' title='bbox 1078 3217 1142 3254; x_wconf 79' lang='lat' dir='ltr'>hic</span> <span class='ocrx_word' id='word_1_658' title='bbox 1159 3229 1249 3254; x_wconf 81' lang='lat' dir='ltr'>con·</span> 
     </span>
     <span class='ocr_line' id='line_1_86' title="bbox 300 3274 1246 3328; baseline 0.004 -18"><span class='ocrx_word' id='word_1_659' title='bbox 300 3274 458 3319; x_wconf 67' lang='lat' dir='ltr'>solatur,</span> <span class='ocrx_word' id='word_1_660' title='bbox 475 3283 514 3312; x_wconf 83' lang='grc' dir='ltr'>ιιι</span> <span class='ocrx_word' id='word_1_661' title='bbox 533 3289 626 3314; x_wconf 83' lang='lat' dir='ltr'>vero</span> <span class='ocrx_word' id='word_1_662' title='bbox 643 3278 840 3314; x_wconf 79' lang='lat' dir='ltr'>cruciaris.</span> <span class='ocrx_word' id='word_1_663' title='bbox 854 3277 986 3328; x_wconf 80' lang='lat' dir='ltr'>Magna</span> <span class='ocrx_word' id='word_1_664' title='bbox 1007 3285 1056 3314; x_wconf 87' lang='lat' dir='ltr'>est</span> <span class='ocrx_word' id='word_1_665' title='bbox 1081 3276 1246 3327; x_wconf 78' lang='lat' dir='ltr'>quaestio:</span> 
     </span>
    </p>
   </div>
   <div class='ocr_carea' id='block_1_6' title="bbox 345 3412 766 3455">
    <p class='ocr_par' dir='ltr' id='par_1_6' title="bbox 345 3412 766 3455">
     <span class='ocr_line' id='line_1_87' title="bbox 345 3412 766 3455; baseline 0.019 -15"><span class='ocrx_word' id='word_1_666' title='bbox 345 3421 356 3435; x_wconf 73' lang='lat'>⁸</span> <span class='ocrx_word' id='word_1_667' title='bbox 382 3412 474 3442; x_wconf 59' lang='lat' dir='ltr'>vanc</span> <span class='ocrx_word' id='word_1_668' title='bbox 507 3422 596 3446; x_wconf 63' lang='grc' dir='ltr'>’πότνν</span> <span class='ocrx_word' id='word_1_669' title='bbox 615 3420 766 3455; x_wconf 52' lang='grc' dir='ltr'>ιιγινιιον.</span> 
     </span>
    </p>
   </div>
   <div class='ocr_carea' id='block_1_7' title="bbox 1318 2603 2352 3331">
    <p class='ocr_par' dir='ltr' id='par_1_7' title="bbox 1318 2603 2352 3331">
     <span class='ocr_line' id='line_1_88' title="bbox 1318 2603 2352 2656; baseline -0.001 -15"><span class='ocrx_word' id='word_1_670' title='bbox 1318 2603 1410 2642; x_wconf 75' lang='grc' dir='ltr'>ἀλλὰ</span> <span class='ocrx_word' id='word_1_671' title='bbox 1436 2604 1497 2642; x_wconf 79' lang='grc' dir='ltr'>καὶ</span> <span class='ocrx_word' id='word_1_672' title='bbox 1528 2605 1577 2646; x_wconf 76' lang='grc' dir='ltr'>εἷς</span> <span class='ocrx_word' id='word_1_673' title='bbox 1598 2604 1701 2655; x_wconf 85' lang='grc' dir='ltr'>βυθὸν</span> <span class='ocrx_word' id='word_1_674' title='bbox 1722 2604 1934 2656; x_wconf 72' lang='grc' dir='ltr'>καταφέρειν</span> <span class='ocrx_word' id='word_1_675' title='bbox 1961 2605 2032 2641; x_wconf 80' lang='grc' dir='ltr'>τῶν</span> <span class='ocrx_word' id='word_1_676' title='bbox 2048 2603 2149 2641; x_wconf 84' lang='grc' dir='ltr'>θείων</span> <span class='ocrx_word' id='word_1_677' title='bbox 2177 2604 2328 2656; x_wconf 76' lang='grc' dir='ltr'>Γραφῶν</span> <span class='ocrx_word' id='word_1_678' title='bbox 2342 2632 2352 2648; x_wconf 87' lang='grc'>,</span> 
     </span>
     <span class='ocr_line' id='line_1_89' title="bbox 1319 2662 2351 2717; baseline -0.002 -14"><span class='ocrx_word' id='word_1_679' title='bbox 1319 2666 1420 2716; x_wconf 79' lang='grc' dir='ltr'>βυθὸν</span> <span class='ocrx_word' id='word_1_680' title='bbox 1451 2667 1512 2703; x_wconf 79' lang='grc' dir='ltr'>οὐκ</span> <span class='ocrx_word' id='word_1_681' title='bbox 1544 2664 1672 2717; x_wconf 77' lang='grc' dir='ltr'>ἔχοντα</span> <span class='ocrx_word' id='word_1_682' title='bbox 1697 2666 1859 2716; x_wconf 77' lang='grc' dir='ltr'>χειμῶνα</span> <span class='ocrx_word' id='word_1_683' title='bbox 1872 2694 1881 2711; x_wconf 90' lang='grc'>,</span> <span class='ocrx_word' id='word_1_684' title='bbox 1901 2664 2003 2715; x_wconf 85' lang='grc' dir='ltr'>βυθὸν</span> <span class='ocrx_word' id='word_1_685' title='bbox 2017 2663 2173 2714; x_wconf 82' lang='grc' dir='ltr'>γαλήνης</span> <span class='ocrx_word' id='word_1_686' title='bbox 2193 2662 2351 2714; x_wconf 77' lang='grc' dir='ltr'>ἀσφαλέ-</span> 
     </span>
     <span class='ocr_line' id='line_1_90' title="bbox 1318 2718 2351 2779; baseline -0.004 -13"><span class='ocrx_word' id='word_1_687' title='bbox 1318 2741 1454 2779; x_wconf 79' lang='grc' dir='ltr'>στερον.</span> <span class='ocrx_word' id='word_1_688' title='bbox 1472 2725 1585 2765; x_wconf 48' lang='grc' dir='ltr'>(Όσον</span> <span class='ocrx_word' id='word_1_689' title='bbox 1619 2718 1679 2763; x_wconf 67' lang='grc' dir='ltr'>οὖν</span> <span class='ocrx_word' id='word_1_690' title='bbox 1711 2725 1869 2776; x_wconf 68' lang='grc' dir='ltr'>καταὸῇς</span> <span class='ocrx_word' id='word_1_691' title='bbox 1882 2753 1892 2771; x_wconf 88' lang='grc'>,</span> <span class='ocrx_word' id='word_1_692' title='bbox 1914 2725 2059 2763; x_wconf 85' lang='grc' dir='ltr'>πλείονα</span> <span class='ocrx_word' id='word_1_693' title='bbox 2080 2724 2272 2776; x_wconf 70' lang='grc' dir='ltr'>ἀσφάλειαν</span> <span class='ocrx_word' id='word_1_694' title='bbox 2292 2725 2351 2763; x_wconf 72' lang='grc' dir='ltr'>εὖ·</span> 
     </span>
     <span class='ocr_line' id='line_1_91' title="bbox 1320 2784 2351 2839; baseline 0 -14"><span class='ocrx_word' id='word_1_695' title='bbox 1320 2788 1462 2838; x_wconf 82' lang='grc' dir='ltr'>ρίσκεις.</span> <span class='ocrx_word' id='word_1_696' title='bbox 1482 2789 1536 2826; x_wconf 79' lang='grc' dir='ltr'>Οὐ</span> <span class='ocrx_word' id='word_1_697' title='bbox 1552 2786 1621 2839; x_wconf 83' lang='grc' dir='ltr'>γάρ</span> <span class='ocrx_word' id='word_1_698' title='bbox 1640 2788 1734 2825; x_wconf 86' lang='grc' dir='ltr'>ἐστιν</span> <span class='ocrx_word' id='word_1_699' title='bbox 1757 2788 1907 2825; x_wconf 79' lang='grc' dir='ltr'>ἐνταῦθα</span> <span class='ocrx_word' id='word_1_700' title='bbox 1923 2785 2060 2825; x_wconf 73' lang='grc' dir='ltr'>ὑδάτων</span> <span class='ocrx_word' id='word_1_701' title='bbox 2080 2785 2229 2829; x_wconf 81' lang='grc' dir='ltr'>ἄτακτος</span> <span class='ocrx_word' id='word_1_702' title='bbox 2243 2784 2351 2837; x_wconf 78' lang='grc' dir='ltr'>ῥύμη,</span> 
     </span>
     <span class='ocr_line' id='line_1_92' title="bbox 1319 2846 2352 2898; baseline -0.001 -11"><span class='ocrx_word' id='word_1_703' title='bbox 1319 2851 1396 2887; x_wconf 80' lang='grc' dir='ltr'>ἀλλ’</span> <span class='ocrx_word' id='word_1_704' title='bbox 1433 2849 1598 2892; x_wconf 80' lang='grc' dir='ltr'>εὔτακτος</span> <span class='ocrx_word' id='word_1_705' title='bbox 1638 2847 1826 2898; x_wconf 83' lang='grc' dir='ltr'>νοημάτων</span> <span class='ocrx_word' id='word_1_706' title='bbox 1863 2847 2027 2891; x_wconf 80' lang='grc' dir='ltr'>διάθεσις.</span> <span class='ocrx_word' id='word_1_707' title='bbox 2070 2846 2262 2891; x_wconf 75' lang='grc' dir='ltr'>’Λπέλαὸες</span> <span class='ocrx_word' id='word_1_708' title='bbox 2306 2846 2352 2886; x_wconf 78' lang='grc' dir='ltr'>τὰ</span> 
     </span>
     <span class='ocr_line' id='line_1_93' title="bbox 1319 2907 2350 2962; baseline -0.003 -13"><span class='ocrx_word' id='word_1_709' title='bbox 1319 2911 1434 2961; x_wconf 73' lang='grc' dir='ltr'>ἀγαθαί</span> <span class='ocrx_word' id='word_1_710' title='bbox 1465 2926 1545 2956; x_wconf 90' lang='grc' dir='ltr'>σου,</span> <span class='ocrx_word' id='word_1_711' title='bbox 1578 2909 1638 2948; x_wconf 75' lang='grc' dir='ltr'>καὶ</span> <span class='ocrx_word' id='word_1_712' title='bbox 1672 2910 1832 2962; x_wconf 84' lang='grc' dir='ltr'>Λάζαρος</span> <span class='ocrx_word' id='word_1_713' title='bbox 1857 2908 1900 2946; x_wconf 82' lang='grc' dir='ltr'>τὰ</span> <span class='ocrx_word' id='word_1_714' title='bbox 1931 2909 2025 2947; x_wconf 80' lang='grc' dir='ltr'>κακὰ</span> <span class='ocrx_word' id='word_1_715' title='bbox 2053 2909 2156 2948; x_wconf 79' lang='grc' dir='ltr'>αὐτοῦ</span> <span class='ocrx_word' id='word_1_716' title='bbox 2175 2922 2183 2930; x_wconf 92' lang='grc'>·</span> <span class='ocrx_word' id='word_1_717' title='bbox 2205 2907 2266 2947; x_wconf 78' lang='grc' dir='ltr'>καὶ</span> <span class='ocrx_word' id='word_1_718' title='bbox 2292 2911 2350 2946; x_wconf 80' lang='grc' dir='ltr'>νῦν</span> 
     </span>
     <span class='ocr_line' id='line_1_94' title="bbox 1318 2965 2349 3023; baseline -0.004 -12"><span class='ocrx_word' id='word_1_719' title='bbox 1318 2965 1415 3015; x_wconf 67' lang='grc' dir='ltr'>οὗτος</span> <span class='ocrx_word' id='word_1_720' title='bbox 1435 2973 1721 3023; x_wconf 75' lang='grc' dir='ltr'>παρακαλεῖται,</span> <span class='ocrx_word' id='word_1_721' title='bbox 1741 2970 1783 3008; x_wconf 81' lang='grc' dir='ltr'>σὺ</span> <span class='ocrx_word' id='word_1_722' title='bbox 1811 2970 1847 3008; x_wconf 76' lang='grc' dir='ltr'>δὲ</span> <span class='ocrx_word' id='word_1_723' title='bbox 1871 2972 2050 3009; x_wconf 78' lang='grc' dir='ltr'>ὀδυνᾶσαι.</span> <span class='ocrx_word' id='word_1_724' title='bbox 2082 2970 2237 3020; x_wconf 78' lang='grc' dir='ltr'>Ζήτημα</span> <span class='ocrx_word' id='word_1_725' title='bbox 2256 2969 2349 3021; x_wconf 68' lang='grc' dir='ltr'>μέγα</span> 
     </span>
     <span class='ocr_line' id='line_1_95' title="bbox 1319 3028 2350 3084; baseline -0.005 -11"><span class='ocrx_word' id='word_1_726' title='bbox 1319 3033 1425 3073; x_wconf 80' lang='grc' dir='ltr'>ἐστίν·</span> <span class='ocrx_word' id='word_1_727' title='bbox 1441 3028 1552 3077; x_wconf 77' lang='grc' dir='ltr'>εἶπον,</span> <span class='ocrx_word' id='word_1_728' title='bbox 1571 3034 1624 3071; x_wconf 80' lang='grc' dir='ltr'>ὅτι</span> <span class='ocrx_word' id='word_1_729' title='bbox 1642 3035 1660 3071; x_wconf 87' lang='lat'><strong>6</strong></span> <span class='ocrx_word' id='word_1_730' title='bbox 1681 3031 1944 3082; x_wconf 70' lang='grc' dir='ltr'>ἀπολαμὸάνων</span> <span class='ocrx_word' id='word_1_731' title='bbox 1958 3062 1969 3078; x_wconf 87' lang='grc'>,</span> <span class='ocrx_word' id='word_1_732' title='bbox 1992 3032 2036 3070; x_wconf 82' lang='grc' dir='ltr'>τὰ</span> <span class='ocrx_word' id='word_1_733' title='bbox 2055 3030 2350 3084; x_wconf 68' lang='grc' dir='ltr'>κιχριωστημένα</span> 
     </span>
     <span class='ocr_line' id='line_1_96' title="bbox 1320 3086 2349 3145; baseline -0.004 -11"><span class='ocrx_word' id='word_1_734' title='bbox 1320 3094 1580 3145; x_wconf 57' lang='grc' dir='ltr'>ἀπολαμβάνει.</span> <span class='ocrx_word' id='word_1_735' title='bbox 1598 3094 1641 3132; x_wconf 74' lang='lat' dir='ltr'>Ei</span> <span class='ocrx_word' id='word_1_736' title='bbox 1661 3093 1772 3133; x_wconf 86' lang='grc' dir='ltr'>τοίνυν</span> <span class='ocrx_word' id='word_1_737' title='bbox 1789 3095 1808 3131; x_wconf 97' lang='lat'><strong>6</strong></span> <span class='ocrx_word' id='word_1_738' title='bbox 1828 3093 1985 3145; x_wconf 85' lang='grc' dir='ltr'>Λάζαρος</span> <span class='ocrx_word' id='word_1_739' title='bbox 2002 3093 2134 3135; x_wconf 90' lang='grc' dir='ltr'>δίκαιος</span> <span class='ocrx_word' id='word_1_740' title='bbox 2152 3086 2210 3141; x_wconf 71' lang='grc' dir='ltr'>ἦν,</span> <span class='ocrx_word' id='word_1_741' title='bbox 2227 3090 2349 3143; x_wconf 77' lang='grc' dir='ltr'>ὥσπερ</span> 
     </span>
     <span class='ocr_line' id='line_1_97' title="bbox 1319 3151 2351 3206; baseline -0.004 -11"><span class='ocrx_word' id='word_1_742' title='bbox 1319 3151 1376 3195; x_wconf 64' lang='grc' dir='ltr'>οὖν</span> <span class='ocrx_word' id='word_1_743' title='bbox 1407 3157 1467 3195; x_wconf 77' lang='grc' dir='ltr'>καὶ</span> <span class='ocrx_word' id='word_1_744' title='bbox 1486 3151 1552 3204; x_wconf 65' lang='grc' dir='ltr'>ἦν,</span> <span class='ocrx_word' id='word_1_745' title='bbox 1585 3155 1645 3195; x_wconf 74' lang='grc' dir='ltr'>καὶ</span> <span class='ocrx_word' id='word_1_746' title='bbox 1675 3154 1801 3199; x_wconf 68' lang='grc' dir='ltr'>ἔδειξεν</span> <span class='ocrx_word' id='word_1_747' title='bbox 1829 3157 1847 3192; x_wconf 88' lang='lat'><strong>6</strong></span> <span class='ocrx_word' id='word_1_748' title='bbox 1868 3155 1997 3198; x_wconf 85' lang='grc' dir='ltr'>κόλπος</span> <span class='ocrx_word' id='word_1_749' title='bbox 2023 3157 2083 3193; x_wconf 74' lang='grc' dir='ltr'>τοῦ</span> <span class='ocrx_word' id='word_1_750' title='bbox 2115 3152 2300 3206; x_wconf 72' lang='grc' dir='ltr'>Ἀδραᾶμ,</span> <span class='ocrx_word' id='word_1_751' title='bbox 2332 3156 2351 3191; x_wconf 87' lang='lat'><strong>6</strong></span> 
     </span>
     <span class='ocr_line' id='line_1_98' title="bbox 1320 3213 2348 3270; baseline -0.005 -13"><span class='ocrx_word' id='word_1_752' title='bbox 1320 3218 1506 3270; x_wconf 60' lang='grc' dir='ltr'>στέφανος,</span> <span class='ocrx_word' id='word_1_753' title='bbox 1540 3217 1584 3255; x_wconf 81' lang='grc' dir='ltr'>τὰ</span> <span class='ocrx_word' id='word_1_754' title='bbox 1616 3216 1788 3269; x_wconf 75' lang='grc' dir='ltr'>βραδεῖα,</span> <span class='ocrx_word' id='word_1_755' title='bbox 1819 3218 1842 3261; x_wconf 80' lang='grc' dir='ltr'>ἡ</span> <span class='ocrx_word' id='word_1_756' title='bbox 1872 3215 2008 3265; x_wconf 79' lang='grc' dir='ltr'>ἄνεσις,</span> <span class='ocrx_word' id='word_1_757' title='bbox 2029 3219 2051 3263; x_wconf 83' lang='grc' dir='ltr'>ἡ</span> <span class='ocrx_word' id='word_1_758' title='bbox 2083 3213 2298 3261; x_wconf 79' lang='grc' dir='ltr'>ἀπόλαυσις,</span> <span class='ocrx_word' id='word_1_759' title='bbox 2325 3216 2348 3260; x_wconf 81' lang='grc' dir='ltr'><strong>ἡ</strong></span> 
     </span>
     <span class='ocr_line' id='line_1_99' title="bbox 1321 3270 2348 3331; baseline -0.002 -16"><span class='ocrx_word' id='word_1_760' title='bbox 1321 3279 1488 3331; x_wconf 80' lang='grc' dir='ltr'>καρτερία</span> <span class='ocrx_word' id='word_1_761' title='bbox 1503 3309 1512 3326; x_wconf 85' lang='lat'>‚</span> <span class='ocrx_word' id='word_1_762' title='bbox 1527 3282 1550 3326; x_wconf 80' lang='grc' dir='ltr'>ἡ</span> <span class='ocrx_word' id='word_1_763' title='bbox 1566 3277 1723 3328; x_wconf 78' lang='grc' dir='ltr'>ὓπομονή</span> <span class='ocrx_word' id='word_1_764' title='bbox 1737 3291 1745 3299; x_wconf 92' lang='grc'>·</span> <span class='ocrx_word' id='word_1_765' title='bbox 1767 3270 1865 3321; x_wconf 65' lang='grc' dir='ltr'>οὗτος</span> <span class='ocrx_word' id='word_1_766' title='bbox 1885 3275 1919 3315; x_wconf 77' lang='grc' dir='ltr'>δὲ</span> <span class='ocrx_word' id='word_1_767' title='bbox 1941 3275 2148 3329; x_wconf 80' lang='grc' dir='ltr'>ἁμαρτωλὸς</span> <span class='ocrx_word' id='word_1_768' title='bbox 2170 3275 2230 3314; x_wconf 74' lang='grc' dir='ltr'>καὶ</span> <span class='ocrx_word' id='word_1_769' title='bbox 2249 3289 2348 3324; x_wconf 83' lang='grc' dir='ltr'>παμ·</span> 
     </span>
    </p>
   </div>
   <div class='ocr_carea' id='block_1_8' title="bbox 2477 3700 2506 3852">
    <p class='ocr_par' dir='ltr' id='par_1_8' title="bbox 2477 3700 2506 3852">
     <span class='ocr_line' id='line_1_100' title="bbox 2477 3700 2506 3852; textangle 90"><span class='ocrx_word' id='word_1_770' title='bbox 2477 3700 2506 3852; x_wconf 52' lang='lat' dir='ltr'>*nin-</span> 
     </span>
    </p>
   </div>
  </div>
 </body>
</html>
