2513 3871
274 274 367 337 764

272 382 311 411 ut
326 371 476 411 multam
493 366 771 408 sollicitudinem
790 365 951 404 babeatis
967 377 1033 417 pro
1053 362 1226 402 membris

271 432 412 471 nostris.
427 432 456 469 N
461 444 480 467 e
489 427 666 475 dixeritis,
678 426 778 474 Quid
795 440 871 465 mea
888 425 1019 464 refert?
1029 438 1094 463 cur
1104 432 1224 462 autem

270 506 335 543 ego
354 504 470 530 rerum
488 489 684 527 alienarum
703 489 866 526 curiosus
884 487 953 525 sim
969 495 1005 524 et
1023 485 1224 524 sollicitus?

271 552 446 591 Dominus
461 559 578 588 nostor
592 557 738 602 propter
751 562 814 586 nos
830 557 992 586 mortuus
1000 556 1071 594 est3
1091 555 1129 584 tu
1141 559 1225 584 vero

271 627 314 651 ne
326 625 523 651 sermonem
542 609 686 662 quidem
705 609 870 662 profers?
889 618 922 647 et
937 622 1046 660 quam
1067 607 1226 646 invenioe

271 673 431 721 veniam,
451 681 512 709 aut
532 685 640 723 quam
656 670 809 722 reperies
822 669 1088 708 excusationem
1099 669 1117 706 ?
1135 682 1226 720 quo·

271 733 378 773 modo
391 733 436 772 ad
453 733 586 772 Christi
604 731 763 770 tribunal
779 731 890 769 stabis
906 745 987 769 cum
1006 729 1226 777 fiducia,dic

272 795 382 843 mihi,
402 804 451 834 tot
470 794 670 833 animarum
689 793 841 831 exitium
863 791 1119 830 dissimulans?
1138 791 1224 829 Uti-
1237 824 1286 850 ω

273 871 356 896 nam
367 856 457 895 mibi
471 856 689 907 contingeret
698 868 738 893 eo
749 863 932 893 currentes
945 853 1083 901 videre,
1094 866 1226 904 nequa·
1250 865 1276 892 Α

275 932 382 970 quam
399 927 558 956 vestrum
573 915 661 955 mihi
678 930 769 968 opus
787 924 900 961 esset,
922 914 984 953 sed
1003 914 1227 954 celerrimam

84 998 264 1027 Adi-omno
275 977 485 1018 adhiberem
497 975 761 1015 correctionem.
769 974 918 1020 Quoties
927 973 1036 1011 scater
1051 981 1102 1011 est
1113 986 1228 1010 emcn-

73 1041 108 1068 ὦ
124 1040 247 1067 ’ω’-’Μ’
279 1039 434 1087 dandus,
445 1039 552 1077 etiam
565 1037 594 1075 si
606 1036 679 1075 vita
691 1033 1003 1087 sitimpendenda,
1012 1047 1056 1072 ne
1070 1047 1227 1072 recuses:

73 1084 184 1110 tionem
204 1080 287 1109 [εν.

73 1129 164 1150 trun.

89 2337 183 2367 Num.
207 2343 254 2364 ιο.

96 2388 140 2407 to.

277 1101 418 1139 imitare
430 1099 624 1138 Dominum
639 1106 753 1135 tuum.
766 1095 871 1142 Quod
885 1097 913 1133 si
924 1095 1097 1133 famulum
1107 1094 1230 1141 habes,

276 1163 306 1200 si
318 1174 481 1207 uxorem,
489 1158 601 1197 multa
615 1171 697 1196 cum
711 1156 896 1208 diligentia
919 1156 999 1193 illos
1009 1154 1229 1193 domiconti-

275 1236 373 1263 noeS.
385 1220 526 1260 Etenim
540 1219 652 1258 sinon
668 1217 846 1270 permittis
858 1217 931 1255 illis
947 1225 985 1253 ut
1002 1217 1036 1254 in
1054 1216 1231 1253 theatrum

275 1291 371 1329 eant,
393 1289 526 1332 quanto
546 1278 660 1330 magis
679 1292 698 1315 a
716 1291 900 1330 synagoga
917 1276 1128 1317 Judaeorum
1148 1284 1232 1314 sunt

275 1341 448 1383 arcendi?
469 1342 588 1393 Majus
609 1348 661 1378 est
680 1339 739 1377 hic
756 1339 871 1377 scelus
889 1352 997 1390 quain
1019 1337 1094 1376 illic
1113 1336 1231 1388 :quod

277 1405 353 1444 illic
368 1403 424 1452 fit,
443 1411 626 1456 peccatum
648 1409 718 1447 est;
735 1399 832 1451 quod
853 1399 927 1445 hic,
950 1399 1128 1452 impietas.
1149 1398 1233 1438 Haec

279 1480 348 1505 non
370 1465 450 1504 ideo
466 1465 604 1516 loquor,
620 1471 659 1500 ut
677 1461 756 1500 illos
774 1461 897 1499 sinatis
912 1460 947 1498 in
964 1460 1143 1498 theatrum
1165 1459 1230 1509 ire,

279 1542 361 1567 nam
379 1536 414 1565 et
435 1525 472 1564 id
492 1525 624 1563 malum
639 1532 716 1572 est;
737 1522 797 1562 scd
818 1531 856 1560 ut
878 1522 925 1560 ab
946 1521 1013 1560 hoc
1030 1520 1143 1560 multo
1163 1534 1234 1558 ma-

281 1589 334 1641 gis
371 1587 604 1642 prohibeatis,
645 1584 743 1635 Quid
780 1593 1004 1638 spectaturus
1039 1583 1154 1622 curris
1188 1583 1235 1622 ad

279 1663 499 1703 synagogam
520 1648 586 1687 Dei
612 1647 771 1685 hostium
800 1645 1040 1685 Judaeorum?
1068 1659 1153 1683 num
1173 1645 1235 1683 ho·
1260 1661 1283 1691 Β

281 1712 393 1750 mines
404 1712 490 1749 tuba
501 1708 689 1748 canentes?
701 1710 745 1745 At
764 1708 923 1761 oportuit
937 1706 1034 1745 domi
1056 1706 1236 1746 sedentem

280 1772 434 1825 gemitus
448 1785 489 1809 30
509 1771 685 1823 lacrymas
704 1783 768 1821 pro
787 1768 860 1807 illis
884 1769 1098 1820 profundere
1111 1797 1121 1814 ‚
1139 1766 1236 1818 quod

282 1834 455 1872 rebellent
472 1841 648 1885 praecepto
662 1832 744 1875 Dei,
761 1830 857 1881 quod
876 1829 1064 1868 diabolum
1083 1829 1237 1868 habeant

283 1910 364 1934 cum
386 1894 472 1947 ipsis
488 1893 634 1931 choreas
651 1900 827 1943 agentem.
848 1891 960 1937 Nam,
978 1900 1016 1929 ut
1033 1900 1115 1929 ante
1139 1889 1235 1935 dixi,

283 1955 378 2009 quod
394 1956 433 1994 fit
449 1964 576 2008 praeter
591 1953 810 1991 voluntatem
825 1952 907 2002 Dei,
921 1952 1058 1990 etiamsi
1076 1952 1239 2004 aliquan-

285 2017 334 2057 do
350 2017 416 2055 suit
436 2016 649 2069 permissum
664 2045 673 2062 ‚
695 2023 814 2067 postca
835 2014 984 2053 violatio
1002 2014 1090 2066 legis
1111 2024 1162 2052 est
1178 2044 1187 2060 ,
1207 2023 1241 2052 ct

286 2077 601 2118 innumerabilium
639 2077 897 2129 suppliciorum
941 2077 1099 2114 matcria.
1135 2077 1241 2114 Tuba

286 2141 460 2180 canebant
477 2138 593 2179 ,ludaei
628 2147 703 2176 tum
734 2153 814 2175 cum
842 2137 1021 2176 habebant
1047 2137 1243 2185 sacrificia,

288 2215 383 2240 nunc
404 2215 488 2238 vero
516 2213 584 2237 non
607 2198 687 2236 licet
715 2198 788 2237 illis
817 2198 911 2237 idem
941 2200 1066 2237 facere.
1089 2198 1246 2238 Proinde

288 2262 410 2315 accipe
424 2264 520 2314 jain,
540 2275 609 2312 qua
627 2259 673 2298 de
690 2273 795 2298 causa
821 2259 915 2297 data:
943 2260 1014 2298 sint
1034 2260 1108 2298 illis
1133 2260 1241 2300 tubae.

290 2326 397 2371 Fac,
423 2323 561 2374 inquit,
586 2322 657 2359 tibi
687 2322 800 2359 tubas
823 2321 987 2359 ductiles
1013 2331 1246 2374 argenteas;

291 2398 444 2435 moxque
463 2390 746 2422 commonstrans
767 2396 871 2420 usum
892 2382 1051 2429 illarum,
1072 2383 1244 2434 subjicit:

293 2448 345 2485 Et
363 2446 635 2484 iltiscanitein
648 2443 974 2482 holocautomatis
987 2447 1143 2493 vestris,
1157 2454 1193 2482 et
1207 2447 1249 2481 in
1272 2464 1297 2495 C
1322 2449 1358 2488 δὲ
1378 2452 1399 2496 ἡ
1422 2448 1534 2496 σκηνὴ
1558 2448 1616 2486 καὶ
1630 2447 1676 2486 τὰ
1698 2448 1779 2498 ἅγια
1800 2450 1869 2486 τῶν
1889 2447 2017 2499 ἇγίων;
2037 2449 2103 2485 ποῦ
2124 2446 2158 2485 δὲ
2179 2449 2197 2485 ὁ
2215 2446 2360 2498 ἱεριύςςῥ

292 2507 498 2559 sacrifici&
524 2505 760 2544 salutarium
779 2513 1012 2544 vestrorum.
1037 2505 1109 2544 Ijbi
1138 2505 1250 2557 igitur

293 2579 345 2607 cst
364 2569 490 2615 altare,
509 2567 571 2605 ubi
591 2581 686 2614 arca,
707 2566 768 2604 ubi
791 2566 1061 2605 tabernaculum
1080 2577 1115 2605 et
1130 2577 1250 2606 sancta

296 2639 514 2677 sanctorum,
533 2627 594 2666 ubi
614 2627 790 2675 sacerdos,
805 2627 865 2665 ubi
886 2628 1082 2667 Cherubim
1103 2628 1226 2679 glcriae
1239 2658 1250 2676 ,

297 2691 357 2728 uhi
392 2689 618 2728 thuribulum
648 2703 820 2736 aureum,
852 2689 912 2727 ubi
943 2691 1247 2743 propitiatorium,

297 2753 357 2790 ubi
381 2752 521 2804 phiala,
545 2751 605 2789 ubi
629 2760 758 2804 patera:
780 2751 975 2798 libatoriae‚
995 2752 1056 2789 ubi
1080 2752 1172 2803 ignis
1192 2752 1253 2790 ille

297 2812 434 2849 emlinus
455 2811 659 2849 demissus?
681 2812 772 2849 Cum
801 2810 919 2848 omnia
950 2812 1137 2861 amiseris,
1159 2812 1250 2850 nihil

299 2871 397 2910 aliud
426 2873 553 2910 retines
581 2886 688 2923 quam
715 2871 851 2910 tubas?
878 2872 992 2911 Vides
1021 2873 1104 2911 illos
1130 2873 1253 2913 ludere

302 2933 422 2971 verius
439 2948 545 2984 quam
565 2936 680 2972 Deum
700 2933 841 2971 colere?
861 2935 998 2972 Verum
1018 2935 1251 2985 quemadmo-

302 2994 389 3033 dum
410 2995 490 3032 illos
505 2995 712 3047 culpamus,
728 2994 824 3046 quod
847 2995 960 3048 legem
982 2996 1254 3048 transgrediun-

305 3065 363 3093 tur
383 3071 391 3091 :
414 3056 463 3093 ita
484 3058 595 3094 multo
621 3056 736 3107 magis
760 3071 824 3095 vos
844 3058 1070 3105 incusamus,
1092 3059 1190 3110 quod
1210 3059 1255 3097 ad

305 3125 578 3166 transgressores
609 3117 703 3168 leges
727 3119 964 3167 concuri·itis;
991 3134 1053 3159 nec
1076 3121 1157 3160 illos
1175 3131 1258 3159 tan-

307 3185 396 3221 tum,
413 3178 473 3227 qui
489 3193 529 3215 eo
543 3188 771 3225 concurrunt,
786 3193 912 3218 verum
928 3182 1034 3220 etiam
1050 3196 1109 3220 eos
1125 3183 1257 3233 quibus
1280 3184 1306 3214 D

309 3252 388 3273 cum
403 3247 446 3274 sit
463 3239 650 3276 auctoritas
666 3240 877 3291 prohibendi
895 3257 991 3290 sum,
1011 3244 1124 3282 nolint
1141 3253 1256 3282 tannen

312 3297 346 3333 id
368 3298 491 3335 sarcre.
515 3300 566 3336 Ne
587 3300 673 3337 mihi
692 3301 853 3340 dixeris:
870 3303 966 3348 Quid
985 3304 1073 3341 mihi
1095 3319 1176 3343 cum
1196 3305 1259 3343 illo

358 3431 369 3445 ⁸
397 3422 485 3457 ilar,
504 3427 531 3455 ἂν
555 3430 589 3457 τῆ
605 3433 754 3464 τυινχοογῆ
773 3435 828 3457 τῶν
846 3431 1002 3469 otoni-gau
1030 3427 1177 3467 iamlam-2,
1195 3427 1315 3461 ‹ln-suut

315 3477 347 3507 in
365 3473 563 3516 quibu-dnm
579 3473 665 3513 &luni
683 3474 781 3506 mutu
793 3485 867 3507 anto·
882 3478 958 3509 sm.
978 3480 1044 3512 ΗΓ
1058 3486 1100 3513 7η
1115 3486 1161 3513 mi
1179 3487 1316 3514 ιάιιίνωι

683 284 722 315 S.
761 282 951 314 JOANMS
986 278 1232 311 cttnYSOST.
1273 277 1483 308 Anemssv.
1521 276 1885 308 CONSTANTtNOP.

1297 360 1484 413 πρόνοιαν,
1517 361 1574 398 ἵνα
1607 360 1657 410 μὴ
1684 359 1827 411 λέγητε·
1857 357 1892 397 τί
1913 357 1950 396 δι’
1987 374 2047 409 μοι
2079 357 2177 408 μέλει
2187 372 2199 408 ;
2230 358 2265 396 τί
2284 358 2321 397 δὶ

1297 421 1367 472 ἐγὼ
1382 420 1658 474 περιεργάζομαι
1674 420 1734 459 καὶ
1749 421 2057 470 πολυπραγμονῶ;
2076 418 2123 457 Ὁ
2141 418 2324 466 Δεσπότης

1297 484 1399 531 ἡμῶν
1420 482 1464 519 δι’
1482 484 1578 532 ἡμᾶς
1592 482 1764 528 ἀπέθανε,
1787 479 1828 519 σὺ
1845 479 1881 518 δὲ
1909 478 1986 518 οὐδὲ
2006 481 2109 532 λόγον
2137 479 2320 532 προΐεσαις

1298 543 1359 581 καὶ
1377 542 1482 581 ποίαν
1501 542 1588 587 ἕξεις
1606 543 1841 594 συγγνώμην;
1857 541 1960 584 ποίας
1985 541 2175 591 ἀπολογίας
2204 539 2325 592 τεύξῃ;

1297 607 1372 647 πῶς
1389 604 1448 643 ἐπὶ
1467 608 1527 643 τοῦ
1545 606 1703 655 βήματος
1723 603 1837 653 στήσῃ
1858 605 1919 640 τοῦ
1941 603 2095 655 Χριστοῦ
2122 600 2212 651 μετὰ
2231 602 2325 653 παῤ·

1298 666 1441 718 ρησίας,
1467 665 1545 704 εἶπέ
1565 680 1642 716 μοι,
1662 665 1838 703 τοσούτων
1863 666 1987 716 ψυχῶν
2014 662 2192 702 α’πώλειαν
2213 678 2328 716 παρο-

1301 730 1391 781 ρῶνς
1414 728 1498 767 Εἴθε
1529 743 1589 778 μοι
1616 727 1760 765 δυνατὸν
1789 720 1831 773 ἦν
1859 725 1940 769 τοὺς
1969 727 2041 764 ἐκεῖ
2059 724 2249 777 τρέχοντας
2276 726 2327 763 εί-

1300 789 1412 837 δὲναι,
1428 790 1488 828 καὶ
1507 790 1568 828 οὐκ
1595 788 1636 828 ἂν
1661 788 1804 836 ἐδεήθην
1824 789 1923 838 ὑμῶν
1937 818 1947 835 ,
1967 786 2058 826 ἀλλὰ
2075 785 2138 833 τὴν
2155 786 2326 839 ταχίστην

1301 852 1516 902 ἐποιήσαμεν
1550 850 1591 888 ἂν
1626 850 1822 903 διόρθωσιν.
1841 849 1957 888 ”Οταν
1988 849 2046 888 τὸν
2081 848 2228 900 ἀδελφὸν
2265 846 2326 900 δέη

1300 915 1509 966 διορθῶσαι,
1530 913 1595 951 κᾶν
1614 912 1678 959 τὴν
1696 912 1814 964 ψυχὴν
1830 912 2008 950 ἐπιδοῦναι
2027 909 2109 961 δίη,
2129 909 2179 959 μὴ
2200 924 2327 962 παραι-

1301 976 1391 1027 τήσῃ
1405 1005 1415 1021 ,
1437 974 1593 1026 μίμησαί
1612 989 1673 1013 σου
1693 975 1751 1012 τὸν
1767 973 1970 1020 Δεσπότην·
1989 971 2053 1010 κᾶν
2068 971 2207 1019 οἰκέτην
2222 971 2328 1024 ἔχῃς,

1302 1037 1368 1075 κᾶν
1392 1038 1565 1088 γυναῖκα,
1594 1035 1719 1087 κάτεχε
1754 1034 1812 1073 ἐπὶ
1840 1037 1903 1081 τῆς
1934 1034 2045 1077 οἰκίας
2076 1033 2165 1083 μετὰ
2196 1033 2329 1079 πολλῆς

1302 1100 1364 1144 τῆς
1384 1097 1627 1149 σφοδρότητος.
1649 1098 1692 1135 Et
1710 1095 1778 1148 γὰρ
1807 1098 1856 1139 εἰς
1873 1096 2016 1147 θέατρον
2043 1096 2107 1133 οὐκ
2131 1094 2330 1147 ἐπιτρέπεις

1304 1159 1491 1206 ἀπελθεῖν,
1511 1159 1633 1209 πολλῷ
1653 1158 1787 1207 μᾶλλον
1820 1157 1878 1196 ἐπὶ
1909 1160 2113 1208 συναγωγῆς
2142 1160 2245 1195 τοῦτο
2259 1155 2330 1208 χρὴ

1304 1225 1415 1256 ποιεῖν
1430 1229 1439 1237 ·
1475 1218 1603 1268 μείζων
1645 1217 1713 1268 γὰρ
1742 1220 1763 1263 ἡ
1796 1218 2001 1268 παρανομία
2045 1218 2178 1264 ἐκείνης
2223 1216 2329 1263 αὕτη·

1305 1282 1376 1318 ἐκεῖ
1410 1278 1568 1332 ἁμαρτία
1600 1278 1640 1316 τὸ
1673 1278 1878 1329 γινόμενον,
1914 1281 2062 1317 ἐνταῦθα
2101 1278 2137 1317 δὲ
2169 1278 2327 1317 ἅσέὸεια.

1304 1343 1431 1380 Ταῦτα
1462 1340 1498 1379 δὲ
1525 1340 1673 1391 λέγομεν
1687 1369 1698 1387 ,
1720 1341 1786 1392 οὐχ
1804 1339 1861 1378 ἵνα
1881 1340 1928 1383 εἷς
1955 1339 2100 1392 θέατρον
2120 1342 2231 1392 α’φῆτε
2251 1341 2333 1377 ἀνα·

1306 1403 1459 1451 ὅαίνειν,
1489 1403 1597 1441 κακὸν
1626 1399 1694 1453 γὰρ
1726 1403 1890 1448 κάκεῖνο,
1924 1401 2003 1440 ἀλλ’
2033 1401 2090 1440 ἵνα
2137 1417 2198 1439 και
2232 1403 2335 1440 τοῦτο

1305 1466 1426 1503 πολλῶ
1457 1463 1564 1502 πλέον
1595 1460 1792 1511 κωλύσητε.
1828 1462 1878 1501 Τι’
1908 1462 2045 1515 τρέχεις
2080 1463 2162 1501 ἰδεῖν
2195 1465 2274 1501 ἐν·
2289 1465 2333 1514 τῇ

1307 1528 1492 1578 συναγωγῇ
1514 1528 1584 1564 τῶν
1614 1526 1799 1578 θεομάχων
1818 1524 2013 1573 Ἰουδαίων,
2034 1524 2111 1563 εἰπέ
2140 1539 2220 1575 μοι,
2243 1524 2334 1562 σαλ-

1306 1587 1472 1632 πίζοντας
1499 1587 1718 1639 ἀνθρώπους
1747 1587 1821 1626 δέον
1849 1602 1888 1626 σε
1910 1587 1999 1625 οἴκοι
2026 1586 2222 1636 καθήμενον
2250 1601 2335 1624 στε-

1308 1650 1422 1695 νάζειν
1441 1649 1528 1702 ὑπὲρ
1557 1650 1698 1688 ἐκείνων
1730 1650 1789 1688 καὶ
1818 1649 1978 1702 δακρύειν
1995 1679 2003 1695 ,
2024 1648 2079 1687 ὅτι
2100 1651 2151 1700 τῷ
2180 1649 2337 1700 προστά-

1308 1728 1418 1764 γματι
1434 1715 1494 1749 τοῦ
1515 1714 1609 1751 Θεοῦ
1631 1712 1827 1764 μάχονται,
1849 1714 1902 1749 ὅτι
1934 1711 1992 1750 τὸν
2025 1710 2188 1749 διάὸολον
2217 1710 2336 1762 ἔχουσι

1310 1775 1386 1823 μεθ’
1416 1776 1549 1811 ἑαυτῶν
1568 1773 1768 1826 χορεύοντα.
1787 1772 1907 1824 σθπερ
1935 1773 2002 1824 γὰρ
2026 1772 2132 1824 ἔφθην
2151 1771 2278 1818 εἰπὼν,
2298 1773 2340 1811 τὸ

1309 1834 1407 1887 παρὰ
1454 1834 1599 1886 γνώμην
1643 1838 1704 1872 τοῦ
1749 1836 1843 1872 Θεοῦ
1877 1835 2059 1885 γινόμενον
2094 1835 2124 1871 εἶ
2157 1833 2217 1871 καὶ
2254 1832 2339 1875 πού

1312 1896 1629 1948 συγκεχωρημένον
1664 1889 1725 1942 ἦν,
1757 1895 1900 1947 ὕστερον
1932 1895 2136 1946 παρανομία
2168 1894 2221 1938 τίς
2241 1897 2343 1942 ἔστι,

1313 1958 1373 1996 καὶ
1389 1956 1520 2011 μυρίων
1533 1960 1710 2011 τιμωριῶν
1725 1957 1895 2000 ὑπόθεσις.
1906 1957 2119 2002 Ἰἰσαίλπιζον
2135 1958 2167 1994 οἱ
2177 1955 2343 1995 Ἰουδαῖοί

1314 2035 1400 2058 ποτε
1412 2049 1422 2067 ,
1441 2020 1497 2058 ὅτε
1516 2019 1578 2062 τὰς
1593 2019 1714 2062 θυσίας
1736 2012 1845 2071 εἶχον,
1867 2021 1927 2056 νῦν
1944 2017 1980 2056 δὲ
2003 2019 2118 2060 αὐτοῖς
2140 2016 2225 2056 ιὀὐκ
2244 2017 2344 2070 ἀφίε-

1315 2096 1375 2119 ται
1390 2083 1492 2119 τοῦτο
1506 2085 1630 2118 ποιεῖν.
1649 2081 1816 2119 1Ἀκουσον
1834 2083 1934 2130 γοῦν,
1955 2079 2014 2117 καὶ
2035 2078 2092 2117 διὰ
2119 2078 2152 2116 τί
2183 2078 2245 2123 τὰς
2260 2079 2344 2118 σάλ-

1317 2158 1445 2194 πιγγας
1478 2141 1623 2180 {lacma-
1647 2141 1801 2187 Ποίησον
1823 2143 1979 2193 σεαυτῷ,
2010 2140 2114 2192 φησὶ,
2146 2141 2344 2192 σάλπιγγας

1319 2203 1446 2246 ἐλατὰς
1477 2206 1642 2255 ἀργυρᾶς.
1690 2196 1780 2241 Εἶτα
1820 2202 1931 2253 λέγων
1964 2203 2076 2240 αὐτῶν
2105 2201 2170 2248 τὴν
2202 2201 2346 2254 χρείαν,

1319 2266 1494 2317 ἐπήγαγε·
1517 2265 1586 2303 Καὶ
1611 2265 1812 2303 σαλπιεὶται
1831 2266 1866 2302 ἐν
1894 2264 2013 2306 αὐταῖς
2033 2263 2090 2302 ἐπὶ
2110 2269 2181 2307 τοῖς
2199 2264 2346 2302 ὁλοκαυ-

1321 2327 1480 2377 τώμασιν
1499 2329 1617 2376 ὑμῶν,
1638 2326 1698 2364 καὶ
1713 2331 1788 2369 ταῖς
1803 2325 1936 2368 θυσίαις
1950 2327 2018 2362 τῶν
2037 2324 2220 2376 σωτηρίων
2234 2326 2346 2375 ὑμῶν.

1322 2390 1398 2427 Ποῦ
1417 2387 1528 2427 τοίνυν
1559 2388 1652 2426 ἐστὶν
1680 2390 1698 2425 ὁ
1727 2386 1863 2438 βωμός,
1892 2391 1959 2425 ποῦ
1979 2386 2014 2424 δὲ
2044 2388 2066 2432 ἡ
2087 2385 2260 2432 κιὸωτός;
2280 2390 2349 2425 ποῦ

1322 2515 1389 2549 ποῦ
1408 2509 1443 2547 δὲ
1472 2509 1516 2547 τὰ
1538 2508 1717 2562 Χερουῧὶμ
1745 2510 1807 2553 τῆς
1835 2507 1955 2555 δόξης
1983 2511 2049 2545 ποῦ
2078 2507 2113 2545 δὲ
2142 2507 2182 2546 τὸ
2200 2512 2349 2560 χρυσοῦν

1324 2571 1574 2623 θυμιατήριον;
1596 2574 1663 2609 ποῦ
1687 2570 1722 2608 δὲ
1754 2569 1792 2607 τὸ
1821 2569 2044 2621 ἱλαστήριονς
2072 2571 2138 2606 ποῦ
2171 2572 2192 2615 ἡ
2220 2568 2350 2619 φιάλῃ

1324 2637 1391 2671 ποῦ
1422 2632 1464 2670 τὰ
1499 2632 1687 2676 σπονδεῐα;
1725 2633 1790 2669 ποῦ
1824 2630 1863 2668 τὸ
1898 2633 1968 2681 πῦρ
2000 2628 2040 2667 τὸ
2072 2629 2201 2667 ἄνωθεν
2239 2644 2349 2667 κατε-

1324 2694 1468 2745 νεχθέν;
1490 2692 1612 2730 Πάντα
1633 2694 1769 2743 ἀφῆκας
1786 2720 1795 2737 ,
1816 2690 1954 2733 καὶτὰς
1977 2690 2174 2741 σάλπιγγας
2190 2690 2351 2742 κατέχεις

1326 2754 1449 2805 μόνον’,
1468 2753 1578 2806 Ὀρᾷς
1609 2752 1663 2791 ὅτι
1695 2752 1856 2795 παίζουσι
1889 2752 2042 2801 μᾶλλον,
2063 2751 2085 2797 ἢ
2106 2751 2352 2802 λατρεύουσινς

1325 2817 1417 2856 Ἀλλ’
1439 2815 1558 2866 ὥσπερ
1590 2816 1731 2857 ἐκείνοις
1757 2815 1970 2865 ἐγκαλοῦμεν
1990 2814 2043 2852 ὅτι
2072 2817 2353 2865 παρανομοῦσιν,

1326 2877 1417 2917 οὕτω
1436 2878 1495 2915 καὶ
1521 2877 1642 2928 πολλῷ
1661 2877 1794 2925 μᾶλλον
1814 2876 1915 2925 ὑμῖν,
1938 2875 1991 2913 ὅτι
2012 2881 2080 2918 τοῖς
2109 2879 2353 2926 παρανομοῦσι

1327 2938 1554 2991 συνέρχεσθε,
1579 2937 1638 2975 καὶ
1658 2936 1735 2988 οὐχὶ
1766 2941 1836 2979 τοῖς
1863 2936 2090 2988 συντρέχουσι
2118 2936 2242 2986 μόνον,
2263 2935 2355 2975 ἀλλὰ

1329 3000 1388 3039 καὶ
1407 3006 1477 3044 τοῖς
1496 2998 1626 3050 κυρίοις
1645 2992 1721 3036 οὖσι
1754 3000 1930 3048 κωλῦσαι,
1953 2998 2011 3036 καὶ
2040 2998 2090 3048 μὴ
2121 2998 2354 3049 βουλομένοις.

1330 3062 1392 3109 Μή
1427 3077 1487 3113 μοι
1517 3060 1617 3112 λέγε·
1647 3058 1682 3097 τί
1700 3059 1769 3111 γὰρ
1785 3058 1856 3112 ἷχω
1883 3059 1995 3097 κοινὸν
2023 3060 2107 3110 πρὸς
2127 3059 2356 3108 ἐκεῖνοηᾶλ-

1329 3123 1465 3175 λότριός
1494 3123 1568 3160 ἐστι
1598 3120 1658 3159 καὶ
1690 3120 1878 3171 ἄγνωστος.
1902 3119 2000 3163 Ἵίως
2028 3114 2110 3171 ἂνῇ
2136 3119 2279 3167 πιστὸς,
2297 3119 2358 3159 καὶ

1330 3186 1400 3222 τῶν
1418 3184 1530 3221 αὐτῶν
1547 3198 1600 3222 σοι
1617 3182 1776 3233 μετέχων
1792 3181 1991 3232 μυστηρίων
2006 3212 2013 3223 ,
2030 3181 2090 3219 καὶ
2107 3183 2155 3224 είς
2172 3180 2236 3227 τὴν
2251 3179 2357 3227 αὐτὴν

1332 3245 1549 3291 Ἐκκλησίαν
1579 3246 1737 3294 ἀπαντᾷ.
1758 3242 1816 3280 καὶ
1841 3243 1998 3293 ἀδελφῶν
2019 3242 2078 3279 καὶ
2104 3244 2276 3294 συγγενῶν
2298 3241 2357 3279 καὶ

1334 3305 1539 3353 ἐπιτηδείων
1555 3305 1614 3343 καὶ
1628 3305 1768 3343 πάντων
1788 3303 1881 3342 ἐστὶν
1901 3303 2116 3354 οἰκειότερος.
2135 3303 2280 3353 Ὥσπερ
2298 3296 2370 3343 οῦν,

1352 3446 1398 3462 ιη
1411 3434 1521 3463 τούτων
1539 3433 1651 3470 nabun.
1669 3428 1762 3458 Furi.
1775 3425 1837 3466 leg.
1850 3430 1896 3459 ἵνα
1915 3432 2046 3460 tiu-⁴191
2061 3431 2108 3459 tui
2126 3425 2262 3467 miros-l

1396 3483 1411 3505 t·
1438 3481 1496 3513 Alit
1516 3478 1894 3523 0211;‹³÷2÷.[t‘tace=,]
