2513 3871
188 2039 203 2067 ..Ὶ

237 2047 255 2067 Β

86 2041 159 2068 (inl.
187 2061 214 2067 ..

283 338 380 371 mur,
400 331 441 361 ut
458 330 648 372 antequam
670 334 733 358 nos
750 334 788 358 re
805 321 883 371 ipsa
900 319 1035 357 malum
1053 318 1227 365 invadat,

282 381 479 420 remedium
498 381 608 433 possit
638 380 815 419 adhiberi.
844 381 1034 432 Propterea
1055 393 1126 418 non
1146 379 1234 432 ipsis

696 239 735 268 S.
772 238 959 269 JOANMS
993 237 1235 268 cttnYSOST.
1277 238 1486 268 Aacutffl‘.
1524 237 1883 268 CONSTANTINOP-

1307 320 1398 358 ὥστε
1415 320 1484 372 πρὸ
1501 322 1563 366 τῆς
1582 319 1705 372 πείρας
1723 323 1784 358 τοῦ
1803 323 1912 358 κακοῦ
1938 319 2002 365 τὴν
2022 319 2245 372 ’διόρθωσιιη
2263 323 2333 361 Διὸ

1309 385 1411 420 τοῦτο
1439 382 1519 434 οὐχὶ
1539 380 1626 432 πρὸς
1656 381 1764 424 αὐτὰς
1794 380 1857 424 τὰς
1888 380 2024 432 ἡμέρας
2046 382 2256 434 παρῄνεσα,
2277 382 2335 422 ἵνα

283 443 355 480 illis
375 442 502 481 diebus
520 441 774 479 instituendam
792 442 912 479 censui
931 440 1233 490 adhortationem,
1259 453 1285 484 ι)
1311 441 1360 493 μὴ
1378 446 1401 489 ἡ
1417 446 1476 480 τοῦ
1503 445 1626 494 καιροῦ
1653 442 1870 495 στενοχωρία
1897 442 2070 495 ἑμποδίσῃ
2087 443 2175 494 πρὸς
2192 443 2257 490 τὴν
2277 444 2338 491 οή.

283 517 328 540 ne
340 501 610 553 forteangustiis
621 510 822 553 temporum
835 501 998 554 impediti
1008 511 1150 553 captare
1162 502 1232 541 sra-

280 573 350 601 tres
371 572 504 601 vestros
522 576 563 601 ac
582 563 705 601 venari
725 577 794 601 non
816 563 966 616 possetis
979 593 990 612 ,
1010 563 1072 602 sed
1092 564 1232 602 multo-

280 638 360 662 rum
377 623 518 662 dierum
535 624 650 677 spatio
667 625 751 662 dato
768 639 890 663 secure
905 625 1052 678 possetis
1069 639 1143 670 eos,
1169 624 1234 676 qui

278 684 455 737 ejusmodi
485 686 613 724 morbo
638 685 825 733 laborant,
857 686 1026 737 indagare
1055 695 1161 738 atque
1187 686 1234 725 ab

278 745 346 784 hac
363 755 458 799 peste
472 760 650 785 revocare.
669 747 723 785 Ita
743 761 887 799 quoque
904 747 1017 786 facere
1032 747 1146 786 solent
1169 748 1232 799 qui

282 807 426 860 nuptias
455 808 657 855 celebrant,
681 818 715 847 et
733 808 850 847 lautas
874 809 1057 847 instruunt
1082 823 1199 847 coenas
1220 825 1228 846 ε

283 885 352 910 uon
371 872 459 925 ipsis
473 872 615 918 diebus,
633 871 695 911 sed
714 873 829 912 multo
846 883 928 911 ante
944 883 1102 925 tempore
1121 873 1235 925 pisca-

284 942 378 971 ποι-ω
408 933 560 985 piscium
591 943 625 971 et
653 933 776 972 avium
795 948 952 987 aucupes
971 934 1205 986 alloquuntur
1220 963 1231 980 ,

283 1008 328 1031 ne
343 994 456 1032 ullum
471 994 558 1046 ipsis
570 995 616 1033 ab
630 996 803 1048 angustiis
816 995 985 1048 temporis
998 994 1046 1033 ad
1061 996 1237 1034 instruen-

283 1054 368 1093 dam
380 1069 537 1094 mensam
545 1056 837 1108 impedimentum
848 1056 1074 1095 adhibeatur.
1083 1056 1236 1106 Quando

282 1115 395 1165 igitur
424 1130 486 1154 nos
506 1131 646 1167 quoque
675 1131 829 1155 mensam
850 1117 953 1155 vobis
972 1117 1146 1156 adversus
1165 1119 1236 1157 Ju-

281 1175 442 1215 daeorum
461 1185 642 1228 stuporem
659 1178 860 1230 apposituri
879 1192 1033 1224 eramus,
1055 1181 1156 1230 prius
1173 1193 1238 1216 vos

283 1236 475 1288 piscatores
495 1237 736 1289 alloquimur,
759 1249 798 1276 ut
818 1238 1032 1276 infirmiores
1051 1253 1096 1277 ex
1114 1239 1238 1277 fratri-

283 1298 352 1335 bus
376 1298 502 1336 vestris
529 1298 707 1348 indegctis
728 1308 761 1337 et
777 1300 939 1352 captetis,
961 1309 995 1337 et
1017 1299 1063 1338 ad
1089 1299 1238 1338 audien-

281 1359 347 1397 dos
376 1374 555 1398 sermones
574 1369 713 1398 nostros
731 1360 931 1400 deducatis.
958 1362 1144 1412 Quotquot
1166 1361 1236 1413 igi-

282 1429 342 1458 tur
357 1421 432 1472 jam
453 1421 580 1473 piscati
598 1421 695 1469 estis,
713 1431 746 1459 et
764 1421 857 1460 intra
876 1422 964 1460 retia
980 1432 1101 1475 captos
1116 1436 1238 1461 secure

284 1481 429 1529 tenetis,
461 1491 598 1520 manete
625 1497 666 1520 ac
694 1483 950 1522 cohortationis
974 1484 1056 1522 illos
1077 1497 1238 1522 sermone

283 1542 513 1594 constringite
532 1560 541 1582 z
566 1553 740 1595 quotquot
767 1553 887 1582 autem
907 1544 1067 1583 nondum
1089 1545 1240 1598 praecla-

283 1617 358 1641 ram
390 1603 489 1642 illam
510 1604 667 1656 praedam
686 1605 850 1658 cepistiS,
870 1606 1052 1645 sufficiens
1080 1607 1239 1658 quinque

282 1664 422 1703 dierum
444 1666 600 1718 spatium
620 1665 781 1714 habetis,
813 1676 853 1705 ut
873 1667 935 1705 illa
954 1676 1102 1719 captura
1123 1667 1238 1719 potia·

282 1725 383 1763 mini.
414 1725 675 1778 Expandamus
707 1726 818 1778 igitur
835 1727 1008 1766 doctrinae
1036 1728 1142 1774 retia,
1165 1728 1237 1766 eir·

282 1796 498 1825 cumstemus
517 1800 575 1825 eos
605 1787 641 1826 in
660 1787 782 1826 orbem
808 1797 990 1840 tamquam
1009 1789 1160 1828 venatici
1179 1803 1238 1828 ca·

1312 520 1374 557 ραν
1394 506 1487 555 ὑμᾶς
1513 506 1583 542 τῶν
1603 503 1761 556 ἀδελφῶν
1781 506 1850 542 τῶν
1877 503 2076 554 ὑμετέρων,
2098 506 2176 543 ἀλλ’
2198 504 2337 558 ἔχοντες

1309 565 1373 612 τὴν
1393 565 1462 604 ἀπὸ
1481 569 1542 603 τοῦ
1565 563 1719 611 πλήθους
1742 567 1812 603 τῶν
1830 566 1973 615 ἡμερῶν
1991 565 2228 617 εὐρυχωρίαν,
2246 566 2337 616 μετὰ

1310 627 1427 670 ἀδείας
1451 626 1591 672 ἁπάσης
1623 626 1791 672 δυνηθῆτε
1813 625 1892 669 τοὺς
1913 625 1958 663 τὰ
1978 628 2123 665 τοιαῦτα
2152 630 2340 671 νοσοῦντας

1311 688 1507 741 ἐξιχνιάσαι
1534 687 1593 726 καὶ
1617 687 1897 734 ἀνακτήσασθαι.
1920 686 2026 726 Οὕτω
2049 702 2117 725 που
2135 686 2195 725 καὶ
2219 689 2251 726 οἱ
2270 687 2340 740 γά-

1312 765 1396 800 μους
1412 751 1670 796 ἐπιτελοῦντες,
1689 747 1749 786 καὶ
1768 749 1892 786 δεῖπνα
1919 749 2094 794 πολυτελῆ
2117 749 2337 788 κατασκευά-

1312 812 1425 855 ζοντες
1455 814 1614 849 ποιοῦσιν
1634 823 1641 830 ·
1671 811 1709 848 οὐ
1741 810 1825 861 παρ’
1845 808 1952 853 αὐτὰς
1984 809 2047 853 τὰς
2078 809 2339 861 ἡμέρας,ἀλλὰ

1312 872 1381 923 πρὸ
1409 873 1540 911 πολλοῦ
1570 874 1630 910 τοῦ
1659 870 1785 923 χρόνου
1818 870 1971 909 ἁλιεῦσιν
2000 870 2130 923 ἰχθύων
2162 870 2224 909 καὶ
2250 870 2341 922 ὀρνί·

1313 937 1380 970 θων
1397 936 1564 986 θηραταῖς
1587 932 1822 983 διαλέγονται,
1841 930 1897 970 ἵνα
1915 931 2023 982 μηδὲν
2045 934 2160 976 αὐτοῖς
2188 932 2259 971 ἀπὸ
2277 933 2339 978 τῆς

1312 999 1373 1033 τοῦ
1398 998 1520 1046 καιροῦ
1549 994 1782 1045 στενοχωρίας
1802 992 1945 1044 γένηται
1975 992 2124 1043 κώλυμα
2156 992 2243 1045 πρὸς
2274 993 2339 1041 τὴν

1313 1059 1376 1102 τῆς
1388 1056 1562 1107 τραπέζης
1580 1056 1821 1108 παρασκευήν.
1841 1054 1943 1094 Ἐπεὶ
1961 1049 2018 1094 οὖν
2035 1055 2094 1094 καὶ
2115 1059 2218 1106 ἡμεῖς
2236 1054 2338 1106 ἐμέλ-

1313 1119 1418 1167 λομεν
1445 1119 1528 1167 ὒμῖν
1558 1118 1790 1169 παρατιθέναι
1822 1117 1995 1167 τράπεζαν
2034 1117 2125 1156 κατὰ
2155 1119 2219 1163 τῆς
2249 1116 2336 1156 Ἰου-

1314 1178 1421 1215 δαίων
1450 1178 1697 1225 ἀναισθησίας,
1726 1177 1961 1229 προλαῧόντες
1990 1181 2072 1227 ὑμῖν
2105 1184 2176 1222 τοῖς
2204 1179 2340 1218 ἁλιεῦσι

1313 1238 1557 1290 διελέχθημεν,
1573 1238 1631 1276 ἵνα
1648 1238 1887 1289 σαγηνεύσητε
1903 1240 1972 1275 τῶν
1989 1239 2148 1290 ἀδελφῶν
2167 1242 2236 1278 τῶν
2256 1241 2341 1290 ὑμε-

1312 1300 1421 1350 τέρων
1451 1298 1530 1341 τοὺς
1559 1298 1847 1349 ἀσθενεστέρους,
1873 1299 1933 1336 καὶ
1960 1299 2047 1349 πρὸς
2077 1299 2141 1346 τὴν
2175 1300 2343 1352 ἀκρόασιν

1314 1364 1383 1398 τῶν
1402 1360 1585 1412 ἡμετέρων
1612 1359 1769 1411 ἀγάγητε
1793 1359 1918 1411 λόγων.
1936 1359 2043 1398 υΟσοι
2063 1359 2125 1410 μὲν
2145 1353 2204 1399 οῦν
2222 1360 2345 1407 ἡλιεύ-

1314 1438 1418 1470 σατε,
1437 1421 1497 1460 καὶ
1517 1421 1600 1460 εἴσω
1619 1424 1688 1459 τῶν
1717 1420 1865 1459 δικτύων
1899 1421 1998 1473 ἔχετε
2019 1420 2110 1472 μετὰ
2130 1421 2344 1474 ἀσφαλείας,

1314 1482 1456 1533 μείνατε
1489 1482 1754 1534 ἐπισφίγγοντες
1782 1481 1906 1526 αὐτοὺς
1932 1485 1983 1534 τῷ
2010 1482 2104 1536 λόγῳ
2127 1484 2191 1529 τῆς
2213 1498 2344 1535 παραι-

1313 1545 1456 1589 νέσεως·
1476 1544 1550 1583 ὅσοι
1583 1543 1618 1583 δὲ
1651 1544 1801 1594 μηδέπω
1831 1547 1894 1590 τῆς
1927 1545 2040 1590 καλῆς
2069 1545 2200 1591 ταύτης
2231 1547 2344 1597 ἐκρα-

1312 1607 1444 1653 τήσατε
1464 1606 1573 1657 θήρας
1586 1635 1596 1652 ,
1617 1605 1741 1652 ἱκανὴν
1769 1605 1870 1658 ἔχετε
1896 1605 2133 1658 προθεσμίαν,
2159 1606 2222 1650 τὰς
2241 1608 2346 1646 πέντε

1312 1667 1442 1711 ταύτας
1470 1667 1626 1720 ἡμέρας,
1645 1665 1736 1706 ὥστε
1758 1667 2001 1718 περιγενέσθαι
2021 1669 2083 1713 τῆς
2103 1667 2225 1720 ἄγρας.
2244 1667 2343 1706 ’Ava-

1315 1728 1525 1779 πετάσωμεν
1551 1728 1663 1766 τοίνυν
1683 1727 1727 1766 τὰ
1746 1728 1869 1765 δίκτυα
1889 1729 1951 1773 τῆς
1973 1729 2218 1775 διδασκαλίας,
2238 1744 2342 1782 περι-

1315 1790 1454 1840 στῶμεν
1476 1789 1613 1841 κύκλῳ,
1634 1788 1794 1840 καθάπερ
1813 1789 1911 1832 κύνες
1935 1789 2140 1842 θηρατικοὶ,
2173 1789 2344 1830 πάντοθεν

282 1861 343 1886 nes
358 1879 368 1894 ,
396 1847 634 1900 undequaque
655 1849 736 1888 illos
767 1850 802 1888 in
823 1850 917 1901 leges
937 1849 1106 1892 Ecclesia:
1133 1864 1235 1889 com-
1252 1880 1299 1904 ω,
1316 1850 1439 1894 αὐτοὺς
1452 1850 1715 1893 συνελαύνοντες
1733 1851 1781 1894 εἰς
1798 1849 1876 1894 τοὺς
1892 1853 1954 1897 τῆς
1968 1850 2186 1898 Ἔκκλησίας
2201 1851 2341 1903 νόμους.

282 1908 457 1960 pellamus
482 1925 489 1946 ε
510 1910 687 1962 optimum
715 1920 834 1950 autem
859 1911 933 1949 illis
952 1921 1158 1950 venatorem
1175 1942 1185 1961 ,
1207 1911 1236 1949 si
1265 1918 1288 1946 Λ
1315 1913 1578 1965 Ἐπαγάγωμεν
1597 1911 1633 1951 δὲ
1653 1913 1789 1959 αὐτοῖς,
1810 1913 1839 1950 εἶ
1865 1913 1974 1957 δοκεῖ,
1993 1911 2113 1965 ὥσπερ
2135 1912 2214 1952 τινὰ
2233 1929 2344 1961 κυνη-

283 1969 427 2008 videtur
441 2000 451 2016 ,
472 1970 617 2009 beatum
638 1971 791 2010 Paulum
820 1971 1058 2011 adhibeamus
1080 1973 1238 2012 claman-

261 2059 267 2066 .
285 2038 354 2068 tem
368 2044 409 2069 ac
422 2029 598 2069 dicentem
616 2047 624 2068 ε
642 2033 746 2070 Ecce
761 2047 829 2085 ego
846 2034 999 2071 Paulus
1012 2035 1099 2071 dico
1111 2035 1238 2081 vobis,

284 2094 470 2143 quoniam
491 2095 526 2130 si
542 2095 879 2132 circumcidamini
896 2123 906 2141 ,
928 2096 1108 2133 Christus
1127 2095 1238 2133 vobis

286 2153 387 2190 nihil
399 2154 586 2202 proderit.
610 2155 699 2192 Nam
719 2164 753 2193 et
775 2155 882 2193 multa
903 2156 975 2193 sera
994 2164 1028 2193 et
1047 2155 1236 2208 sylvestria

285 2214 467 2261 animalia,
487 2214 514 2252 si
532 2215 674 2265 quando
690 2216 757 2254 sub
771 2216 926 2254 arbustis
941 2215 1159 2265 delitescant,
1176 2216 1237 2255 ubi

286 2276 442 2328 primum
466 2277 646 2315 venatoris
671 2291 792 2316 vocem
812 2278 1025 2322 exaudiunt,
1049 2293 1122 2331 prae
1141 2289 1236 2318 metu

284 2336 468 2382 exsiliunt,
492 2351 532 2374 ac
552 2338 649 2375 vocis
670 2338 873 2377 necessitate
890 2340 1089 2392 compulsa,
1108 2341 1238 2393 ssepius

284 2397 390 2435 ctiam
415 2397 527 2435 invita
555 2399 709 2437 cl.·more
739 2400 913 2439 concitata
945 2401 980 2439 in
1011 2401 1104 2454 ipsas
1122 2416 1237 2442 casses

283 2457 524 2497 detruduntur
547 2473 556 2497 ε
579 2460 627 2498 ita
658 2475 799 2512 quoque
829 2462 954 2501 fratres
986 2464 1111 2509 vestri,
1144 2465 1235 2514 qui,

285 2527 465 2570 tamquam
482 2520 518 2557 in
534 2520 679 2560 arbusto
697 2521 865 2573 quodam,
887 2525 921 2561 in
942 2523 1129 2563 Judaismo
1146 2525 1238 2565 deli-

287 2579 486 2628 tescebant,
520 2581 549 2619 si
571 2582 673 2620 Pauli
699 2597 819 2622 vocem
847 2583 1053 2633 audierint,
1079 2586 1183 2625 facile
1200 2587 1236 2626 in

285 2641 409 2679 salutis
437 2642 522 2680 retia
555 2642 738 2690 incident,
775 2654 828 2683 sat
855 2645 955 2694 scio,
989 2656 1022 2685 et
1043 2647 1236 2686 ,ludaicum

285 2715 423 2739 omnem
438 2717 594 2742 errorem
610 2705 795 2756 abjicient.
827 2707 906 2745 Non
923 2708 1016 2745 enim
1037 2708 1170 2747 Paulus
1184 2719 1237 2748 est

286 2763 346 2812 qui
379 2763 538 2814 loquitur
555 2794 565 2813 ,
602 2765 663 2803 sed
683 2766 868 2814 Christus,
901 2768 963 2818 qui
984 2769 1139 2808 animam
1160 2770 1236 2822 ejus

288 2832 415 2861 movet.
450 2824 573 2874 ltaque
597 2840 679 2864 cum
706 2827 916 2867 clamantem
949 2829 1053 2868 illum
1074 2831 1178 2870 audis
1197 2846 1239 2871 ac

287 2882 459 2921 «licentem
479 2900 487 2922 :
508 2887 610 2925 Ecce
629 2903 698 2941 ego
717 2890 867 2929 Paulus
886 2892 974 2929 dico
993 2894 1121 2938 vobis,
1145 2908 1239 2945 (μω-

291 2946 395 2980 m'mn
410 2949 440 2982 si
455 2947 802 2997 cit-ciuncidamim‘,
821 2952 998 2992 Christus
1012 2955 1122 2992 vobis
1138 2955 1240 2994 nihil

287 3005 467 3053 proderit,
494 3008 605 3046 solani
625 3024 746 3049 vocem
770 3012 873 3050 Pauli
889 3028 963 3052 esse
981 3025 1077 3066 puta,
1098 3030 1241 3055 sensum

291 3074 408 3103 autem
427 3076 459 3104 et
489 3068 617 3118 dogma
639 3071 772 3110 Christi
796 3087 870 3111 esse
888 3088 908 3112 a
929 3090 1001 3126 quo
1021 3075 1116 3115 intus
1135 3076 1240 3115 doce·

117 3123 407 3165 (3..‹...,.f.,batur.
426 3128 494 3166 Sed
511 3129 603 3167 dicet
621 3132 767 3171 sortasse
780 3134 958 3187 quispiam
979 3153 987 3173 ε
1009 3136 1150 3187 Ergone
1164 3148 1242 3176 tan-

94 3188 203 3204 unnrm
228 3180 278 3202 υἷι-

96 3229 207 3244 ιοινιη·
228 3230 276 3245 ηυ-

97 3269 185 3285 num.

295 3192 367 3221 toni
381 3186 658 3229 circumcisionis
669 3202 720 3231 est
733 3193 919 3240 damnum,
935 3205 972 3234 ut
984 3206 1091 3235 totam
1105 3198 1240 3237 Christi

295 3242 588 3294 dispensationem
619 3252 779 3291 inutilem
806 3254 964 3293 reddat?
992 3257 1053 3295 Sic
1072 3267 1141 3306 est;
1162 3269 1240 3297 tan-

298 3312 370 3341 tum
382 3315 431 3343 cst
442 3306 610 3348 damnum
622 3312 914 3363 circumcisionis,
926 3331 994 3355 non
1003 3318 1049 3357 ob
1058 3319 1239 3371 propriam

1265 2705 1286 2735 B

1314 1975 1418 2028 γέτην
1437 1975 1598 2027 ἄριστον,
1616 1974 1674 2012 τὸν
1692 1973 1865 2027 μακάριον
1884 1975 2027 2012 Παῦλον
2047 1976 2183 2024 βοῶντα
2213 1975 2273 2013 καὶ
2291 1975 2345 2015 λέ·

1313 2035 1524 2088 γοντα·Ὶδε
1546 2035 1616 2086 ἐγὼ
1642 2036 1782 2078 Παῦλος
1801 2035 1894 2086 λέγω
1913 2036 1995 2085 ὑμῖν
2016 2035 2089 2083 ὅτι,
2109 2034 2168 2074 ἐὰν
2196 2036 2343 2089 περιτέ-

1316 2101 1471 2148 μνησθε,
1499 2097 1651 2149 Χριστὸς
1691 2098 1783 2147 ὑμᾶς
1816 2095 1912 2135 οὐδὲν
1945 2097 2135 2149 ὠφελήσει.
2172 2097 2242 2136 Καὶ
2273 2098 2344 2150 γὰρ

1314 2159 1428 2199 πολλὰ
1445 2161 1515 2197 τῶν
1544 2158 1729 2211 ἀνημέρων
1746 2157 1842 2203 ζώων
1864 2158 1923 2196 καὶ
1949 2157 2230 2210 ἐξηγριωμένων,
2246 2161 2343 2197 ἐπει-

1315 2221 1377 2259 δὰν
1397 2221 1463 2260 ὑπὸ
1483 2219 1612 2270 θάμνον
1641 2219 1865 2271 κρυπτόμενα
1886 2219 1978 2271 τύχη
2012 2221 2075 2266 τῆς
2106 2223 2167 2258 τοῦ
2194 2219 2342 2272 κυνηγέ-

1314 2299 1374 2321 του
1420 2285 1536 2334 φωνῆς
1570 2281 1791 2328 ἀκούσαντα,
1828 2280 2011 2325 ἐξάλλεται
2054 2281 2118 2331 μὲν
2164 2281 2235 2320 ἀπὸ
2281 2285 2342 2321 τοῦ

1315 2342 1439 2394 φόθου,
1464 2341 1742 2391 συνελαυνόμενα
1775 2341 1812 2381 δὲ
1843 2345 1886 2393 τῇ
1922 2345 1984 2388 τῆς
2021 2343 2136 2394 φωνῆς
2179 2341 2341 2395 ἀνάγκῃ,

1315 2403 1375 2441 καὶ
1401 2403 1531 2441 ἄκοντα
1560 2402 1731 2446 πολλάκις
1759 2403 1826 2441 ὑπὸ
1860 2405 1923 2449 τῆς
1954 2405 2038 2454 βοῆς
2077 2402 2343 2454 συνωθούμενα,

1315 2467 1363 2508 εἰς
1383 2465 1469 2503 αὐτὰ
1488 2464 1658 2515 ἐμπίπτει
1678 2464 1720 2503 τὰ
1739 2464 1915 2517 θήρατρα·
1937 2464 2028 2503 οὕτω
2058 2465 2119 2503 καὶ
2146 2467 2177 2503 οἱ
2198 2465 2342 2518 ἀδελφοὶ

1315 2529 1346 2564 οἱ
1362 2526 1545 2577 ὑμέτεροι,
1563 2528 1596 2565 οἱ
1621 2526 1780 2577 καθάπερ
1808 2528 1843 2564 ἐν
1870 2526 1993 2577 θάμνῳ
2015 2526 2105 2571 τινὶ,
2129 2528 2180 2579 τῷ
2207 2527 2342 2565 ἰουδαΐ-

1315 2589 1408 2636 σμῷ,
1424 2587 1673 2638 κρυπτόμενοι,
1691 2587 1731 2624 ἂν
1747 2590 1810 2633 τῆς
1831 2585 1973 2624 Παύλου
1994 2588 2110 2637 φωνῆς
2125 2586 2342 2634 ἀκούσωσιν,

1315 2641 1352 2686 εὖ
1369 2641 1432 2685 οἶδ’
1449 2648 1503 2686 ὅτι
1519 2648 1647 2700 ῥᾳδίως
1666 2649 1713 2691 εἰς
1741 2647 1784 2685 τὰ
1812 2650 1874 2692 τῆς
1901 2647 2078 2698 σωτηρίας
2104 2649 2342 2696 ἐμπεσοῦνται

1314 2708 1458 2755 δίκτυα,
1476 2710 1536 2746 καὶ
1559 2715 1672 2746 πᾶσαν
1693 2708 1756 2754 τὴν
1773 2707 1970 2753 Ἰουδαϊκὴν
1993 2707 2230 2754 ἀποθήσονται
2250 2709 2343 2746 πλά-

1313 2786 1387 2816 νην.
1407 2769 1499 2809 Οὐδὲ
1526 2769 1594 2821 γὰρ
1624 2770 1764 2812 Παῦλός
1792 2771 1885 2807 ἐστιν
1914 2773 1932 2807 ὁ
1951 2768 2200 2820 φθεγγόμενος,
2227 2770 2307 2809 ἀλλ’
2323 2773 2343 2809 ὁ

1315 2831 1464 2883 Χριστος
1495 2834 1513 2870 ὁ
1546 2833 1651 2869 κινῶν
1689 2830 1752 2877 τὴν
1790 2831 1922 2868 ἐκείνου
1950 2830 2082 2882 ψυχήν.
2112 2830 2228 2869 “stou
2258 2830 2342 2870 ὅταν

1315 2893 1465 2942 ἀκούσης
1482 2893 1588 2931 αὐτοῦ
1605 2895 1753 2943 βοῶντος
1773 2891 1832 2930 καὶ
1852 2891 2031 2943 λέγοντος,
2051 2891 2123 2930 Ἰδε
2143 2891 2213 2943 ἐγὼ
2240 2892 2343 2931 Παῦ-

1314 2956 1371 2997 λος
1390 2954 1483 3005 λέγω
1512 2955 1594 3003 ὑμῖν
1616 2952 1684 3000 ὅτι,
1699 2952 1762 2990 ἐὰν
1789 2953 2060 3003 περιτέμνησθε,
2080 2952 2230 3004 Χριστὸς
2251 2955 2343 3004 ὑμᾶς

1314 3015 1411 3054 οὐδὲν
1437 3017 1626 3067 ὠφελήσει,
1648 3013 1712 3061 τὴν
1736 3013 1852 3066 φωνὴν
1876 3008 1964 3052 εἶναι
1987 3012 2130 3052 Παύλου
2152 3012 2263 3064 μόνην
2281 3013 2343 3052 νό-

1316 3079 1413 3127 μιζε,
1432 3078 1472 3116 τὸ
1501 3077 1616 3126 νόημα
1644 3075 1679 3114 δὲ
1701 3074 1819 3114 καὶτὸ
1845 3075 1959 3125 δόγμα
1988 3078 2048 3113 τοῦ
2078 3074 2211 3113 ἔνδοθεν
2245 3074 2342 3127 αὐτῷ

1315 3141 1520 3191 ἑνηχοῦντος
1553 3139 1717 3189 Χριστοῦ.
1750 3135 1840 3174 Ἀλλ’
1880 3136 1962 3178 ἴσως
1994 3136 2085 3174 εἴποι
2116 3151 2168 3178 τις
2196 3134 2260 3181 ἂν,
2280 3134 2342 3174 καὶ

1315 3200 1469 3245 τοσαύτη
1488 3200 1551 3244 τῆς
1569 3199 1761 3248 περιτομῆς
1779 3200 1801 3243 ἡ
1823 3197 1955 3247 βλάὸη,
1973 3199 2019 3239 ὡς
2038 3202 2155 3235 πᾶσαν
2174 3196 2341 3243 ἀνόνητον

1315 3262 1463 3305 ποιῆσαι
1478 3263 1538 3297 τοῦ
1576 3260 1728 3312 Χριστοῦ
1747 3257 1810 3303 τὴν
1833 3257 2056 3307 οἰκονομίαν;
2082 3257 2164 3304 Ναὶ,
2184 3256 2338 3303 τοσαύτη

1316 3324 1377 3367 τῆς
1398 3323 1589 3371 περιτομῆς
1617 3323 1638 3366 ἡ
1671 3318 1809 3371 βλάὸη,
1841 3320 1879 3356 οὐ
1909 3317 2007 3368 παρὰ
2030 3318 2093 3365 τὴν
2118 3317 2250 3356 οἰκείαν
2277 3316 2342 3369 φύ-

345 3437 357 3451 ·
386 3427 485 3460 fone
505 3431 654 3473 ὖωρόωιν
679 3441 819 3473 seviebat.
837 3439 844 3476 l
865 3438 916 3470 ltn
933 3439 1058 3473 scilicet
1075 3443 1217 3484 conjecit
1234 3442 1292 3475 Sm
1304 3442 1338 3475 il.
1357 3443 1445 3476 Mox.
1462 3441 1524 3486 leg.
1540 3442 1670 3475 videtur
1687 3446 1748 3485 οὐχὶ
1766 3444 1839 3485 παρ’
1857 3443 1958 3478 αὐτοῖς.
1975 3442 1984 3482 J

2481 3365 2505 3532 αἵς,,
