2513 3871
317 262 411 325 098

314 358 434 397 subito
464 355 617 409 puniret,
654 367 716 406 per
751 352 992 405 poenitcntiam
1024 351 1161 390 resilire
1192 364 1262 390 non

315 412 455 454 liceret;
477 417 659 460 propterea
676 418 816 458 poenam
833 403 972 453 differt,
990 413 1031 442 ut
1050 404 1155 442 nobis
1173 412 1265 443 tem·

317 476 383 514 pus
410 461 456 499 ad
485 458 726 511 poenitentiam
755 456 991 504 concedatur,
1023 466 1062 495 ut
1093 457 1157 508 qui
1187 456 1264 495 heri

315 514 415 552 fratri
435 514 546 550 iratus
564 520 628 557 est,
647 509 753 548 hodie
772 510 1016 563 poenitentiam
1035 518 1130 561 agat,
1145 518 1182 548 et
1200 523 1263 562 pa·

313 576 409 604 ctum
426 563 605 616 quoddam
619 576 739 601 secum
754 561 920 610 ineat,uti
937 576 978 601 ue
992 562 1093 601 fratri
1108 562 1265 616 amplius

314 620 535 664 irascatur,et
548 615 810 668 quadamtenus
823 616 958 654 similoe
970 618 1046 655 Deo
1058 615 1263 654 reddamur.

315 672 385 709 Nos
412 670 506 708 enim
527 669 654 707 sensim
680 669 727 707 ab
754 668 812 716 iis,
837 683 916 721 qua:
935 669 1047 708 vitam
1067 678 1223 707 nostram
1244 682 1265 707 a

314 722 550 762 similitudine
562 722 732 767 alienant,
746 730 974 771 transmutat,
988 732 1023 761 et
1039 721 1086 761 ad
1103 722 1265 761 honesta-

314 785 384 814 tem
399 790 440 814 ac
451 774 756 828 pulchritudinem
767 783 902 814 naturae
912 776 1176 814 convenientem
1185 784 1267 828 post

314 829 410 867 liunc
428 838 560 867 statum
580 827 748 867 traducit.
774 827 830 866 Ad
846 828 884 866 id
903 843 1070 880 namque,
1089 828 1184 880 quod
1202 842 1264 866 na-

314 891 402 920 turae
422 882 603 927 convenit,
617 879 844 928 deducimur,
857 890 892 919 et
911 881 955 920 ad
974 881 1093 920 divini
1109 881 1267 934 Spiritus

314 935 616 981 communionem,
643 948 685 973 ac
708 947 896 986 perennem
923 948 1005 973 cum
1029 935 1105 972 Deo
1137 935 1264 977 vitam.

313 989 402 1025 dum
418 987 465 1026 de
481 987 525 1025 iis
545 986 649 1025 rebus
666 985 896 1027 dimicamus.
914 987 1149 1026 Attendamus
1165 987 1267 1026 nobis

316 1040 417 1092 ipsis,
434 1054 547 1092 neque
563 1054 608 1079 ex
626 1048 806 1078 contemtu
824 1054 915 1093 opus
938 1041 1046 1091 hujus
1065 1039 1199 1079 divinae
1217 1041 1269 1077 si-

318 1092 530 1131 militudinis
549 1092 774 1130 destruamus
790 1122 800 1140 ,
826 1107 867 1131 eo
889 1092 988 1146 quod
1007 1107 1144 1131 moram
1164 1093 1270 1131 faciat
1293 1097 1317 1127 C

315 1145 437 1183 venire
458 1145 657 1183 Dominus:
679 1158 722 1182 ne
739 1146 836 1183 inani
855 1158 917 1183 nos
937 1145 1070 1184 fiducia
1090 1145 1269 1190 fallamus,

318 1206 356 1234 ιιι
371 1197 514 1234 Domini
535 1205 709 1249 proecepta
729 1197 919 1242 violemus,
940 1212 1028 1235 neve
1043 1197 1270 1250 desperantes

316 1249 411 1287 istud
423 1263 484 1287 nos
497 1252 663 1300 consequi
677 1262 791 1300 posse,
801 1249 1090 1291 similitudinem,
1103 1253 1267 1301 inquam,

317 1302 395 1347 Dei,
427 1311 604 1339 certamen
624 1300 828 1339 descramus
856 1318 863 1341 :
898 1315 1023 1340 verum
1043 1302 1138 1340 adsit
1167 1302 1270 1341 nobis

316 1369 394 1407 spes
416 1363 561 1406 propter
581 1367 678 1401 eunt,
702 1354 762 1404 qui
785 1355 968 1406 praecepit,
996 1364 1030 1393 et
1049 1356 1094 1393 ad
1115 1354 1153 1393 id
1173 1355 1270 1406 quod

328 1415 530 1459 ›raeceptum
557 1415 608 1444 est
640 1407 923 1457 exsequendum,
955 1408 1080 1456 robur,
1104 1409 1270 1459 viresque

330 1459 467 1510 argitur
498 1476 505 1496 :
535 1468 736 1497 contemtus
767 1469 885 1499 autem
919 1469 952 1498 et
986 1460 1124 1499 incuria
1157 1461 1268 1510 absit,

316 1512 410 1560 quod
431 1511 613 1562 graviores
633 1526 754 1564 peenas
782 1513 829 1551 ob
856 1514 934 1565 ejus
963 1513 1270 1565 longanimitatem

316 1573 559 1617 exspectemus
585 1581 592 1600 ε
624 1574 755 1615 ιμι.ιοιο
786 1566 881 1604 enim
911 1575 1102 1606 cunctatur
1132 1567 1270 1606 diutius

317 1617 528 1668 longanimis
546 1617 828 1657 emendationem
849 1620 1046 1669 requirens,
1068 1628 1166 1659 tanto
1185 1635 1269 1674 gra-

318 1670 397 1708 vius
416 1669 675 1721 indignabitur,
698 1671 726 1708 si
749 1686 815 1709 non
836 1672 1078 1721 emendemur,
1099 1682 1132 1711 et
1151 1674 1187 1712 in
1207 1687 1270 1713 nos

316 1733 356 1761 ut
374 1723 564 1761 violatores
585 1723 708 1775 gratim
724 1738 795 1761 suae
812 1725 943 1763 acriter
960 1727 1134 1778 impetum
1153 1726 1268 1765 faciet.

318 1778 598 1815 tlontemnantm·
623 1785 742 1814 autem
772 1792 790 1814 a
815 1778 916 1815 vobis
936 1779 1054 1831 potius
1085 1793 1140 1817 res
1162 1779 1270 1832 hujus

318 1829 436 1866 saeculi
455 1843 588 1877 omnes,
602 1843 710 1879 quam
724 1829 891 1868 divinum
912 1831 1140 1870 mandatum:
1157 1833 1270 1871 multa

318 1881 494 1931 siquidem
511 1891 606 1927 sunt,
620 1896 700 1933 quae
713 1882 815 1921 facile
830 1885 1126 1923 excandescentes
1140 1885 1184 1924 ad
1202 1885 1271 1924 ira·

318 1934 486 1973 cundiam
519 1935 719 1987 impellunt.
754 1936 827 1984 Qui
861 1951 945 1975 vero
974 1938 1148 1976 tremendi
1179 1939 1271 1991 regis

320 1987 526 2025 mandatum
548 1998 702 2034 veretur,
734 2003 776 2026 ne
799 1989 944 2027 omnino
966 1990 1161 2029 irascamur
1186 2006 1269 2044 pro--

321 2040 489 2084 bibentis,
506 2054 627 2078 omnes
644 2041 748 2078 facile
764 2051 976 2090 contemnet,
992 2044 1052 2094 qui
1074 2045 1190 2096 ipsum
1208 2058 1270 2082 vo·

321 2093 452 2131 luerint
472 2093 611 2130 irritare
628 2110 634 2130 :
652 2093 755 2131 facile
770 2108 876 2146 porro
891 2109 949 2133 eos
965 2097 1141 2144 tolerabit,
1157 2111 1176 2134 a
1193 2098 1270 2148 qui-

322 2145 387 2182 bns
403 2159 563 2184 sermone
582 2146 798 2184 offenditur:
817 2147 990 2200 patienter
1012 2158 1130 2188 autem
1148 2164 1271 2188 eorum

321 2199 406 2235 seret
432 2198 592 2250 injurias.
617 2213 634 2235 a
666 2199 798 2249 quibus
819 2201 921 2238 sactis
941 2201 1028 2254 ipsis
1046 2203 1216 2253 laedetur3
1237 2213 1272 2241 et

334 2251 528 2289 ›ei-cutienti
551 2251 735 2289 maxillam
759 2253 930 2304 prtebebit
954 2263 989 2293 et
1007 2256 1170 2302 alteram,
1190 2270 1270 2295 ver-

334 2318 477 2354 numque
494 2313 594 2355 turpe
611 2305 833 2343 contumeliae
847 2321 950 2344 eausa
965 2308 1153 2359 jacientem
1166 2323 1272 2361 gene-

323 2371 449 2394 roseae
462 2357 598 2394 sortiter
619 2358 717 2406 feret,
736 2357 942 2398 admirabili
960 2361 1131 2400 nimirum
1150 2375 1269 2401 conso-

322 2409 452 2447 latione
472 2419 659 2456 recreatus,
675 2425 719 2448 ex
735 2426 777 2449 co
797 2412 894 2463 quod
910 2413 1033 2452 beatus
1045 2414 1270 2468 praedicetur,

321 2477 360 2497 :w
378 2463 528 2501 Domino
542 2462 711 2501 obediens
727 2465 925 2517 reperiatur
942 2482 950 2503 :
967 2468 1147 2519 simulque
1162 2469 1272 2521 repri-

323 2524 393 2553 mat
410 2515 630 2554 iracundiam
649 2518 682 2555 in
698 2517 843 2556 fratrem
857 2528 891 2556 et
905 2518 1156 2559 denuntiatum
1171 2522 1271 2573 ejus-

322 2567 416 2605 modi
436 2577 579 2620 peccato
599 2570 816 2621 supplicium
839 2572 958 2610 evitet.
981 2573 1055 2611 llac
1079 2572 1208 2612 etenim
1227 2573 1272 2613 dc

320 2634 424 2658 eausa
443 2635 507 2660 nos
529 2622 704 2660 Dominus
723 2623 947 2674 cohortatur,
970 2635 1007 2664 ut
1028 2640 1090 2665 nos
1109 2627 1155 2665 ab
1173 2627 1271 2665 omni
1296 2648 1320 2679 f,

321 2674 651 2723 perturbationum,
684 2676 817 2726 quibus
847 2677 891 2715 ad
914 2693 1045 2739 corpus
1074 2680 1270 2727 afficimur,

321 2727 528 2775 contagione
548 2727 784 2773 vindicemus.
803 2738 836 2767 et
864 2730 1052 2770 avaritiam
1073 2733 1269 2783 fugiamus,

321 2778 514 2830 ¹(gloria-qne
529 2780 759 2832 cupiditatem
774 2794 1105 2836 averscmiir,atqtte
1115 2786 1270 2833 omnino,

324 2841 359 2867 ut
378 2846 420 2869 ne
439 2833 616 2884 voluptati
644 2834 761 2874 locum
785 2835 819 2873 in
840 2837 942 2875 nobis
961 2837 1100 2883 demus,
1123 2853 1166 2877 ne
1184 2838 1273 2891 quid

321 2897 365 2921 ex
381 2885 456 2921 istis
468 2886 622 2924 animam
637 2897 793 2926 nostram
809 2890 900 2928 male
911 2891 1072 2930 affectam
1089 2892 1225 2939 reddat,
1239 2901 1272 2931 et

324 2949 366 2971 ne
383 2937 486 2975 alieni
507 2953 525 2975 a
545 2939 685 2991 Spiritu
710 2951 831 2979 saneto
851 2942 1052 2982 reddamur.
1074 2945 1147 2993 Qui
1176 2945 1271 2983 enim

324 2990 488 3038 pecunias
506 3001 728 3031 rontemnere
746 2994 890 3033 edoctus
908 3006 971 3042 est,
988 2997 1168 3048 quomodo
1189 3012 1272 3051 pro-

323 3049 399 3087 pter
420 3044 584 3094 pec-unias
605 3046 805 3085 irritaliitur
825 3062 996 3099 umquam
1012 3080 1022 3096 ,
1044 3051 1125 3088 licet
1143 3051 1186 3089 sit
1209 3051 1269 3102 qui

323 3105 379 3128 eas
401 3095 484 3132 velit
503 3097 690 3148 abripere?
723 3109 756 3137 et
773 3101 835 3151 qui
856 3102 1006 3150 gloriam
1028 3117 1095 3142 non
1118 3104 1271 3156 appetit,
1298 3127 1320 3154 A

325 3147 499 3192 quoin-»alo
514 3149 633 3195 gloria}
649 3166 751 3189 rausa
768 3154 1021 3193 excandescet?
1038 3157 1141 3195 Exue
1154 3158 1273 3207 itaque

327 3198 540 3237 mvn-lanum
564 3203 824 3249 indumentum,
842 3216 873 3244 et
892 3208 1077 3259 spirituale
1098 3210 1267 3248 induere:

325 3262 413 3283 exue
434 3262 581 3290 veterem
605 3255 797 3301 liotuineut,
821 3269 856 3296 ut
879 3275 1009 3298 novum
1033 3261 1159 3300 induas
1180 3278 1187 3299 ι
1212 3278 1270 3300 ea-

339 3310 466 3358 »ropter
481 3305 651 3354 siquidem
668 3313 884 3355 regeneratio
897 3313 1044 3356 dieitur.
1063 3325 1093 3352 et
1112 3316 1146 3353 iu
1162 3316 1272 3353 saeris

328 3361 436 3410 ,¹¹⁰'s''
454 3358 650 3405 al'l'⁴'ll·³¹·¹r
685 3363 772 3399 Nam
792 3365 920 3414 prioris
942 3375 1055 3404 status
1076 3369 1270 3407 mutatione

325 3403 460 3463 indiget
482 3408 573 3443 salus
602 3422 730 3457 nostra,
753 3424 789 3451 ut
811 3418 869 3454 alii
891 3418 937 3454 ali
959 3433 1000 3455 eo
1020 3420 1115 3469 quod
1146 3435 1270 3459 sumus

326 3458 451 3494 ‘mmm
467 3488 474 3501 ι
499 3469 534 3497 ¹¹¹
553 3463 646 3510 '1¹¹⁰'l
668 3479 788 3504 «umus
815 3482 886 3505 esse
909 3470 1113 3510 desinamus
1133 3503 1140 3518 ‚
1164 3474 1268 3511 aliani

1236 270 1392 307 settim
1403 288 1414 299 .

1338 346 1382 398 ἦν
1404 350 1463 390 διὰ
1495 351 1682 402 μετανοίας
1711 351 1889 396 ἐπάνοδος.
1918 352 1988 392 Διὰ
2010 353 2113 392 τοῦτο
2140 354 2363 406 ὑπερτίθεται

1338 405 1404 451 τὴν
1435 404 1627 456 τιμωρίαν,
1648 403 1707 443 ἵνα
1731 403 1870 458 ἔχωμεν
1891 404 2014 457 καιρὸν
2044 405 2241 456 μετανοίας,
2268 407 2327 448 ἶνα
2343 412 2363 448 ὁ

1339 457 1423 510 χθὲς
1443 457 1615 511 ὀργισθεὶς
1634 459 1685 510 τῷ
1705 458 1858 511 ἀδελφῷ,
1876 457 2030 510 σήμερον
2061 459 2286 511 μετανοήσῃ,
2303 461 2365 499 καὶ

1341 509 1513 557 διαθήκην
1545 512 1661 562 ἑαυτῷ
1698 510 1861 559 διάθηται
1896 511 2025 561 μηκέτι
2075 510 2273 563 ὀργίζεσθαι
2312 515 2364 565 τῷ

1341 564 1500 615 ἀδελφῷ·
1522 563 1584 602 καὶ
1602 562 1694 602 κατὰ
1717 563 1822 616 μέρος
1835 565 1951 615 ὅμοιοι
1975 565 2059 616 Θεῷ
2076 565 2268 616 γινώμεθα.
2287 565 2366 604 Με-

1340 615 1511 655 ταὸἀλλει
1529 615 1599 668 γὰρ
1618 619 1713 666 ἡμᾶς
1738 618 1778 655 ἐκ
1798 618 1867 655 τῶν
1895 616 2170 670 ἀλλοτριούντων
2185 617 2250 665 τὴν
2271 617 2365 665 ζωὴν

1341 671 1445 720 ἡμῶν
1473 671 1513 708 ἐκ
1531 670 1594 714 τῆς
1620 668 1821 719 ὁμοιώσεως
1845 673 1906 708 τοῦ
1930 673 2024 709 Θεοῦ
2038 698 2048 717 ,
2070 671 2131 709 καὶ
2154 670 2233 723 ἄγει
2258 672 2307 714 είς
2324 670 2365 710 τὸ

1342 722 1433 760 κατὰ
1450 722 1552 775 φύσιν
1572 722 1678 760 καλὸν
1703 723 1795 773 μετὰ
1810 722 1850 761 τὸ
1869 723 2100 774 προκείμενον
2117 738 2127 747 ·
2149 724 2199 767 εἰς
2226 723 2297 775 γὰρ
2323 723 2365 763 τὸ

1342 774 1434 814 κατὰ
1448 775 1550 827 φύσιν
1565 775 1737 827 ἀγόμεθα,
1755 775 1815 813 καὶ
1829 777 1877 818 εἰς
1891 775 1954 822 τὴν
1974 780 2034 815 τοῦ
2049 776 2142 815 θείου
2159 776 2252 815 Πνεύ

1343 828 1526 867 κοινωνίαν
1544 858 1554 876 ,
1575 828 1635 866 καὶ
1654 827 1717 874 τὴν
1742 830 1884 874 διηνεκῆ
1919 828 2009 878 μετὰ
2038 830 2132 868 Θεοῦ
2164 828 2256 875 ζωὴν
2283 829 2366 880 περὶ

1341 881 1554 928 τηλικούτων
1587 880 1850 932 ἀγωνιζόμενοι.
1874 881 2094 933 Πρόσχωμεν
2124 883 2260 926 ἑαυτοῖς
2274 912 2285 930 ‚
2304 882 2367 920 καὶ

1342 935 1392 981 μὴ
1414 934 1670 986 καταφρονήσει
1692 934 1731 972 τὸ
1758 933 1858 985 ἔργον
1876 936 1939 980 τῆς
1968 936 2015 978 εἰς
2043 933 2134 973 Θεὸν
2165 934 2366 984 ὁμοιώσεως

1344 987 1595 1039 διαφθείρωμεν
1610 1017 1621 1034 ,
1639 986 1760 1032 ἐπειδὴ
1781 986 1933 1039 χρονίζει
1951 989 1970 1025 ὁ
1992 986 2117 1040 Κύριος
2146 990 2207 1025 τοῦ
2228 988 2340 1026 ἐλθεῖν
2355 1001 2364 1011 ·

1343 1040 1392 1089 μὴ
1411 1042 1546 1083 ἑαυτοῖς
1566 1039 1684 1078 ἄδειαν
1703 1040 1818 1090 δῶμεν
1836 1042 1883 1083 εἰς
1896 1040 1935 1078 τὸ
1953 1039 2186 1091 παραὸαίνειν
2204 1038 2250 1078 τὰ
2263 1039 2366 1091 λόγια

1344 1093 1497 1144 Κυρίου,
1520 1091 1569 1142 μὴ
1595 1093 1851 1134 ἀπελπίσαντες
1870 1095 1917 1136 ὡς
1949 1092 1997 1142 μὴ
2027 1092 2211 1142 δυνάμενοι
2241 1092 2365 1131 τούτου

1343 1151 1461 1196 τυχεῖν
1481 1148 1541 1183 τοῦ
1569 1147 1646 1183 καθ’
1678 1144 1845 1194 ὁμοίωσιν
1876 1147 1997 1189 Θεοῦ,
2030 1146 2282 1195 καταλίπωμεν
2305 1145 2367 1184 τὸν

1344 1191 1478 1247 ἀγῶνα,
1498 1197 1576 1235 ἀλλ’
1593 1201 1614 1244 ἡ
1641 1198 1740 1241 ἐλπὶς
1764 1197 1930 1249 παρέστω
1961 1197 2019 1235 διὰ
2038 1199 2096 1236 τὸν
2117 1197 2365 1250 προστάξαντα

1343 1251 1403 1287 καὶ
1433 1249 1580 1300 δύναμιν
1613 1250 1843 1303 χαριζόμενον
1874 1250 1932 1288 ἐπὶ
1962 1253 2013 1301 τῷ
2031 1250 2299 1303 προσταχθέντι.
2318 1249 2364 1290 Ἥ

1344 1301 1379 1340 δὲ
1399 1302 1658 1355 καταφρόνησις
1684 1302 1744 1340 καὶ
1759 1305 1781 1350 ἡ
1809 1301 1958 1352 ἀμέλεια
1986 1302 2143 1350 ἀπέστω,
2167 1302 2366 1356 φοὸερωτέ-

1345 1369 1405 1405 ραν
1440 1357 1542 1404 ἡμῶν
1576 1354 1852 1405 προσδοκώντων
1885 1354 1948 1401 τὴν
1993 1354 2166 1408 τιμωρίαν
2204 1354 2263 1394 διὰ
2301 1354 2366 1403 τὴν

1343 1406 1604 1458 μακροθυμίαν.
1631 1405 1744 1446 ιὈσον
1773 1406 1843 1460 γὰρ
1883 1410 2127 1459 μακροθυμεῖ,
2161 1410 2274 1454 ζητῶν
2302 1407 2367 1456 τὴν

1343 1460 1525 1512 διόρθωσιν
1542 1490 1552 1506 ,
1571 1463 1733 1499 τοσοῦτον
1767 1460 2006 1511 ἀγανακτήσει
2038 1461 2088 1512 μὴ
2114 1460 2366 1514 διορθουμένων

1341 1516 1444 1564 ἡμῶν
1468 1543 1477 1557 ,
1511 1513 1571 1552 καὶ
1604 1514 1652 1556 ὡς
1693 1512 1893 1564 ἐξυὸρίσασι
1935 1513 1999 1560 τὴν
2039 1514 2144 1567 χάριν
2177 1512 2368 1554 ἐπελεύσε-

1342 1582 1400 1605 ται
1429 1565 1549 1611 ὀξέως.
1571 1566 1866 1618 Καταφρονείσθω
1886 1565 1923 1604 δὲ
1952 1569 2037 1617 ἡμῖν
2067 1567 2207 1605 ἅπαντα
2243 1566 2288 1606 τὰ
2305 1572 2367 1607 τοῦ

1343 1620 1466 1664 αἰῶνος
1484 1619 1608 1658 τούτου
1628 1620 1823 1671 πράγματα
1858 1620 2008 1670 μᾶλλον,
2028 1619 2051 1666 ἢ
2083 1619 2123 1658 τὸ
2141 1623 2231 1659 θεῖον
2258 1620 2367 1673 πρόσ-

1343 1687 1463 1723 ταγμα
1480 1687 1488 1695 ·
1521 1671 1636 1711 πολλὰ
1697 1671 1741 1725 ἂρ
1783 1671 1828 1710 τὰ
1867 1674 1916 1716 εἷς
1964 1671 2070 1725 ὀργὴν
2112 1672 2368 1724 εἰσκαλούμενα

1343 1725 1420 1768 τοὺς
1439 1724 1525 1770 ὀξεῖς
1547 1726 1595 1767 εἷς
1613 1726 1675 1776 ὀργ
1702 1740 1719 1762 ν
1740 1755 1749 1771 ,
1770 1725 1848 1768 τοὺς
1873 1726 2025 1778 εὐχερῶς
2056 1741 2107 1763 πα
2151 1725 2366 1776 ξυνομένους.

1343 1777 1389 1816 Ὁ
1406 1778 1442 1817 δὲ
1461 1778 1502 1816 τὸ
1517 1777 1729 1830 πρόσταγμα
1749 1783 1810 1817 τοῦ
1825 1778 1972 1830 φοὸεροῦ
1994 1780 2100 1829 βασιλ
2120 1794 2168 1822 ως
2194 1778 2367 1832 φοὸούμε-

1343 1847 1399 1876 νος
1412 1861 1421 1877 ,
1454 1835 1515 1869 τοῦ
1542 1830 1765 1875 κελεύσαντος
1789 1831 1878 1874 ὅλως
1898 1830 1948 1882 μὴ
1967 1830 2166 1883 ὀργίζεσθαι
2185 1861 2194 1878 ,
2225 1831 2366 1871 πάντων

1344 1883 1606 1923 καταπτύσεται
1645 1886 1714 1922 τῶν
1745 1883 1950 1935 παροξύνειν
1987 1884 2158 1923 θελόντων
2172 1897 2180 1906 ·
2216 1886 2296 1937 εὖχε
2323 1887 2347 1898 ”

1344 1936 1380 1975 δὲ
1400 1940 1567 1988 ὑπομενεῖ
1597 1935 1677 1980 τοὺς
1708 1937 1766 1975 διὰ
1794 1937 1907 1987 λόγων
1930 1939 2137 1985 λυποῦντας,
2158 1901 2368 1992 καρτεργῖζέῑ

1344 1990 1380 2028 δὲ
1400 1990 1487 2042 πρὸς
1505 1989 1584 2033 τοὺς
1604 1991 1649 2028 δι’
1668 1990 1780 2042 ἔργων
1811 1991 1933 2029 λυπεῖν
1952 1990 2127 2038 θέλοντας,
2147 1991 2209 2029 καὶ
2230 1993 2283 2044 τῷ
2304 1990 2368 2030 τύ·

1344 2058 1467 2081 πτοντι
1493 2042 1556 2091 τὴν
1591 2043 1759 2094 σιαγόνα,
1778 2059 1821 2082 στ
1845 2042 1921 2095 έψει
1952 2043 2013 2081 καὶ
2040 2043 2104 2089 τὴν
2137 2044 2275 2092 ἄλλην,
2307 2043 2368 2083 καὶ

1344 2095 1403 2134 τὸν
1419 2097 1521 2163 ρῆμα
1534 2096 1678 2148 αἰσχρὸν
1695 2097 1813 2148 λοιδορ
1830 2113 1869 2141 ας
1887 2095 1991 2148 χάριν
2007 2096 2184 2148 ἐπάγοντα
2201 2096 2369 2148 γενναίως

1345 2151 1503 2196 ὓποισει,
1537 2147 1742 2198 θαυμαστὴν
1781 2149 2007 2202 παραμυθίαν
2048 2152 2109 2188 τοῦ
2141 2153 2368 2202 μακαρισμοῦ

1344 2202 1572 2252 κεκτημένος,
1590 2202 1649 2240 καὶ
1678 2202 1735 2240 ἵνα
1762 2202 1916 2249 ὑπήκοος
1934 2203 1985 2253 τῷ
2007 2200 2128 2254 Κυρίῳ
2147 2203 2287 2255 εὑρεθῆ,
2307 2203 2369 2241 καὶ

1344 2255 1454 2306 σὸέσῃ
1475 2254 1538 2302 τὴν
1558 2254 1643 2306 πρὸς
1662 2256 1720 2294 τὸν
1741 2255 1886 2307 ἀδελφὸν
1905 2255 2027 2307 ὀργὴν,
2041 2254 2101 2293 καὶ
2120 2255 2210 2307 φύγῃ
2228 2245 2293 2301 τὴν
2314 2256 2369 2293 ἐπ’

1346 2310 1440 2359 αὐτῷ
1453 2307 1653 2361 ὡρισμένην
1674 2308 1831 2347 κόλασιν.
1848 2306 1918 2346 Διὰ
1936 2307 2006 2359 γὰρ
2027 2310 2130 2346 τοῦτο
2159 2309 2223 2353 τῆς
2247 2323 2370 2358 σωμα-

1346 2363 1445 2407 τικῆς
1473 2360 1690 2411 συμπαθείας
1710 2361 1939 2413 ἀπηλλάχθαι
1970 2360 2121 2412 Χριστὸς
2147 2376 2198 2400 πα
2327 2359 2371 2400 ύ-

1347 2430 1434 2461 εται,
1452 2414 1590 2466 φεύγειν
1611 2430 1648 2452 τε
1668 2416 1773 2466 φιλοχ
1795 2414 1950 2462 ηματίαν
1967 2442 1978 2461 ,
1997 2414 2057 2452 καὶ
2073 2414 2193 2467 φιλοδο
2215 2414 2268 2458 ίας
2289 2412 2370 2467 ἀφί-

1346 2470 1509 2513 στασθαι,
1531 2467 1618 2511 ὅλως
1638 2466 1673 2504 δὲ
1688 2468 1770 2513 ἡδον
1788 2483 1814 2514 ,ν
1832 2465 1880 2517 μὴ
1903 2466 2165 2519 παραδέχεσθαι
2189 2468 2225 2505 ἐν
2244 2467 2370 2520 ἐαυτῷ,

1345 2519 1402 2557 ἵνα
1423 2517 1471 2568 μὴ
1487 2519 1544 2558 διὰ
1564 2521 1673 2570 μηδὲν
1695 2519 1825 2558 τούτοιν
1847 2522 2063 2569 κακωθῶμεν
2082 2520 2148 2567 τὴν
2165 2518 2296 2572 ψυχὴν,
2310 2519 2371 2559 καὶ

1346 2574 1558 2623 διατεθῶμεν
1585 2572 1762 2625 ἀλλότριοι
1783 2574 1830 2615 εἷς
1860 2572 1900 2610 τὸ
1922 2572 2020 2623 ἅγιον
2053 2573 2212 2622 Πνεῦμα.
2230 2563 2279 2612 Ὅ
2300 2571 2370 2625 γὰρ

1346 2626 1542 2677 χρημάτων
1566 2630 1796 2678 καταφρονεῖν
1816 2624 2009 2676 διδαχθεὶς,
2030 2626 2106 2668 πῶς
2123 2624 2181 2664 διὰ
2199 2623 2370 2677 χρήματα

1345 2678 1647 2729 παροξυνθήσεται
1662 2708 1672 2723 ,
1688 2680 1718 2717 εἰ
1743 2679 1802 2716 καὶ
1833 2677 1998 2728 βούλεταί
2016 2692 2068 2721 τις
2081 2676 2248 2729 ἁρπάζειν
2265 2693 2275 2723 3
2309 2677 2370 2716 καὶ

1345 2735 1363 2769 ὁ
1385 2732 1484 2778 δόξης
1504 2731 1554 2781 μὴ
1575 2731 1792 2784 ὀρεγόμενος,
1811 2733 1886 2774 πῶς
1906 2729 1963 2768 διὰ
1983 2729 2083 2774 δόξαν
2107 2728 2370 2783 παροξυνθήσε-

1345 2799 1424 2831 ται;
1445 2783 1635 2823 Ἀπόδυσαι
1665 2783 1780 2823 τοίνυν
1799 2783 1838 2821 τὸ
1866 2782 2034 2832 κοσμικὸν
2063 2781 2220 2833 ἔνδυμα,
2241 2783 2302 2822 καὶ
2330 2782 2372 2823 τὸ

1345 2837 1582 2887 πνευματικὸν
1603 2835 1759 2874 ἔνδυσαι·
1782 2835 1956 2874 ἀπόδυσαι
1984 2835 2043 2874 τὸν
2061 2834 2210 2874 παλαιὸν
2231 2835 2372 2888 ἄνθρω-

1346 2906 1426 2935 πον,
1446 2890 1502 2928 ἵνα
1521 2890 1579 2927 τὸν
1597 2889 1671 2927 νέον
1692 2888 1830 2939 ἐνδύσῃ.
1852 2887 1921 2927 Διὰ
1942 2891 2043 2926 τοῦτο
2058 2887 2125 2940 γὰρ
2144 2887 2372 2941 ἀναγέννησις

1345 2943 1499 2994 λέγεται,
1522 2943 1581 2980 καὶ
1603 2942 1772 2992 βεὸόηται
1805 2942 1903 2994 παρὰ
1935 2947 2006 2985 τοῖς
2038 2941 2141 2985 θείοις
2194 2941 2370 2995 ράμμασι.

1347 2996 1558 3041 Μεταὸολῆς
1590 2995 1658 3047 γὰρ
1689 2997 1759 3032 τῶν
1791 2994 1972 3047 προτέρων
1990 2997 2012 3040 ἡ
2048 3009 2169 3047 σωτηρ
2186 3010 2208 3032 α
2228 2996 2251 3040 ἡ
2277 2996 2371 3044 ἡμε-

1346 3049 1430 3101 -έρα
1461 3050 1606 3093 δεῖται,
1640 3047 1698 3086 ἵνα
1731 3047 1843 3100 ἕτεροι
1869 3049 1953 3099 παρ’
1987 3047 2009 3086 8
2039 3049 2144 3098 ἐσμεν
2174 3045 2372 3097 γενώμεθα,

1306 3075 1361 3115 ΙῙΙ·;
1532 3101 1539 3113 ι

1348 3118 1402 3139 ινα
1422 3105 1638 3152 παυσι-ιμεθα
1667 3101 1754 3152 ὅπερ
1784 3099 1890 3150 cantv
1911 3130 1921 3146 ‚
1942 3099 2166 3151 ε’ναρξώμεθα
2197 3099 2234 3139 δὶ
2253 3098 2370 3150 ἶτερον

1348 3155 1438 3205 βίον,
1461 3156 1498 3193 δν
1516 3155 1586 3205 πρὸ
1604 3157 1667 3200 τῆς
1690 3153 1926 3205 παραδόσεως
1955 3157 2162 3204 κρατοῦντες
2181 3154 2240 3192 (w
2291 3151 2372 3191 ἀνο-

1347 3224 1424 3258 μεν.
1456 3210 1534 3246 (λὺκ
1561 3201 1654 3253 ἦσθα
1684 3205 1753 3258 γὰρ
1782 3209 1934 3249 τοιοῦτος
1954 3205 2051 3256 παρὰ
2082 3207 2165 3256 Θεῷ
2183 3235 2193 3253 ,
2230 3167 2298 3249 οἶς
2330 3205 2370 3243 lx

1347 3261 1480 3298 παίδων
1515 3260 1555 3311 γε’
1580 3275 1659 3302 ονας
1678 3288 1688 3304 .
1721 3259 1797 3297 οὐδὲ
1831 3262 1985 3297 τοιοῦτον
2018 3260 2057 3296 ἐκ
2087 3261 2150 3304 τῆς
2168 3257 2372 3305 θεοποιήτου

1346 3314 1506 3355 πλάσεως
1535 3329 1626 3365 ειχις
1654 3312 1693 3350 τὸ
1711 3307 1806 3358 ἦθος,
1834 3305 1904 3350 οἷον
1925 3313 1964 3350 ἐκ
1984 3313 2045 3356 τῆς
2065 3311 2286 3363 ἀνθρωπίνης
2307 3325 2370 3361 γε·

1348 3367 1483 3409 νέσεως.
1505 3366 1668 3404 Ἄκουσον
1703 3366 1818 3404 τοίνυν
1846 3364 2030 3412 ὀμνύοντος
2057 3367 2118 3402 τοῦ
2143 3365 2195 3403 Κυ
2221 3362 2370 3411 ίουμιαὶ

1350 3420 1541 3470 *soem-mi·
1568 3418 1675 3467 Ἀμὴν
1700 3417 1782 3468 γὰρ,
1812 3418 1912 3469 φησὶ,
1933 3417 2025 3467 λέγω
2055 3417 2152 3466 1ἰμῖν,
2174 3418 2189 3455 l
2216 3432 2233 3455 ν
2253 3416 2302 3467 μή
2319 3431 2369 3457 τις

1349 3473 1477 3509 ἄνωθεν
1500 3473 1670 3520 γεννηθῆ,
1692 3472 1729 3508 οὔ
1758 3471 1898 3508 δύναται
1925 3470 2087 3508 τίσε)θεῑν
2106 3472 2152 3512 εἰς
2177 3469 2238 3516 τὴν
2262 3472 2369 3519 βασι-
