2549 3825
623 258 684 287 AD
718 257 956 288 STAGthUM
994 259 1021 287 A
1056 257 1254 287 DAEMONE
1292 257 1528 287 VExATtJM.
1568 257 1654 287 Lm.
1695 257 1756 288 111.
2110 242 2201 288 205

161 339 314 389 πολέμου
339 340 566 384 συνεστῶτος,
590 337 634 376 τὰ
660 340 729 376 τῶν
758 338 827 385 ἤδη
859 338 1089 384 νενικηκότων
1118 339 1177 376 καὶ

162 398 338 438 λαὸόντων
352 397 595 449 αἰχμαλώτους
606 397 685 442 τοὺς
699 397 871 441 ἐναντίους
885 398 1016 448 ἐτόλμα
1030 398 1090 437 καὶ
1103 401 1180 438 ἐπε-

163 457 328 496 δείκνυτο.
349 457 456 496 Οὕτω
474 457 588 496 τοίνυν
611 458 694 496 ὄντα
708 456 905 496 κατώδυνον
925 459 986 496 καὶ
1004 458 1179 510 φοὸούμε-

161 534 216 557 νον
238 517 344 570 εὓρὼν
369 521 387 557 ὁ
405 518 497 557 Σιὸὰ
523 518 729 570 συνετάραξε
746 519 851 557 πλέον
871 519 1178 571 καταψευσάμενος

161 581 220 617 τοῦ
237 578 418 626 δεσπότου,
435 579 496 617 καὶ
512 577 631 626 εἰπὼν,
649 579 704 618 ὅτι
721 578 766 617 τὰ
782 583 844 617 τοῦ
857 578 1024 632 τυράννου
1045 584 1174 630 φρονεῖ.

213 641 345 678 Τοῦτον
371 639 571 692 διαδέχεται
590 642 607 678 ὃ
624 639 766 691 Σεμεεὶ,
798 639 921 692 μιαρός
941 656 993 684 τις
1011 638 1100 691 ἀνὴρ
1119 639 1178 678 καὶ

161 699 366 751 ἀχάριστος,
391 699 451 738 καὶ
478 699 612 752 μυρίοις
639 700 802 739 ὀνείδεσιν
831 700 958 738 ἔὸαλλε
983 699 1043 738 καὶ
1069 698 1178 742 λίθοις

161 760 249 810 μετὰ
273 761 341 798 τῶν
369 759 534 810 ῥημάτων
561 760 721 799 ἐκείνων·
748 760 911 808 Ἔξελθε,
936 759 1059 812 φησὶν,
1087 759 1177 812 ἀνὴρ

160 820 331 871 αἱμάτων,
353 821 413 859 καὶ
431 819 520 872 ἀνὴρ
536 823 553 859 ὃ
577 820 790 872 παράνομος.
809 821 1047 873 Ἐπέστρεψεν
1065 819 1122 858 ἐπὶ
1139 818 1177 858 σὲ
1197 827 1221 858 C

158 881 284 935 Κύριος
303 880 417 919 πάντα
436 880 481 919 τὰ
507 880 641 931 αἵματα
658 884 718 920 τοῦ
748 881 843 920 οἴκου
866 881 1003 928 Σαοὺλ,
1028 880 1103 918 ἀνθ’
1129 874 1177 917 ὧν

157 942 380 986 ἐδασίλευσας
399 943 472 980 ἀντ’
496 944 615 990 αὐτοῦ,
635 941 695 980 καὶ
714 941 821 981 ἔδωκε
842 942 967 995 Κύριος
984 940 1049 987 τὴν
1074 944 1178 990 βασι-

156 1002 252 1040 λείαν
272 1004 320 1046 εἷς
337 1007 461 1054 χεῖρας
481 1001 711 1053 Ἀὸεσσαλὼμ
726 1007 785 1041 τοῦ
804 1005 878 1041 υἱοῦ
899 1017 973 1048 σου,
993 1001 1052 1039 καὶ
1071 1000 1178 1045 ἔδειξέ

157 1078 211 1101 σοι
221 1062 284 1110 τὴν
298 1063 424 1101 κακίαν
439 1079 514 1112 σου,
529 1063 584 1102 ὅτι
601 1062 689 1115 ἀνὴρ
701 1064 859 1114 αἳμάτων
876 1062 917 1101 σὺ
931 1057 972 1101 εἷ.
988 1062 1034 1101 ‘O
1048 1062 1084 1101 δὲ
1100 1057 1177 1108 ἐτῆ·

156 1139 235 1161 κετο
249 1123 310 1174 μὲν
324 1127 436 1162 ταῦτα
450 1123 584 1163 ἀκούων
598 1124 659 1162 καὶ
672 1124 834 1177 πάσχων,
848 1127 894 1167 ὡς
909 1123 968 1162 καὶ
984 1124 1045 1162 ἀπ’
1061 1125 1174 1161 αὐτῶν

153 1186 223 1221 τῶν
241 1185 373 1237 θρήνων
388 1190 488 1225 τοῦτο
502 1186 639 1234 ἐδήλου,
654 1185 750 1224 οὐδὲν
771 1184 806 1224 δὲ
827 1185 960 1236 ἐτόλμα
978 1184 1175 1236 περαιτέρω

154 1251 264 1284 ποιεῖν
277 1262 284 1270 ·
297 1247 376 1284 ἀλλ’
386 1246 615 1299 εἷπὼν,Ἄφες
630 1247 732 1286 αὐτὸν
744 1250 961 1300 καταρᾶσθαι
967 1246 1038 1294 ,ὅτι
1049 1245 1176 1299 Κύριος

155 1306 292 1358 εἴρηκεν
323 1308 417 1359 αὐτῷ
429 1337 439 1356 ,
463 1307 556 1351 ὅπως
586 1307 643 1359 ἴδῃ
661 1307 734 1355 ,τὴν
762 1307 972 1346 ταπείνωσίν
1003 1322 1084 1357 μου,
1116 1306 1175 1344 καὶ

154 1370 169 1387 ³
185 1366 326 1419 ἀποδώῃ
349 1383 408 1418 μοι
427 1367 555 1420 Κύριος
580 1367 694 1419 ἀγαθὰ
715 1367 791 1405 ἀντὶ
819 1367 972 1419 κατάρας
992 1370 1054 1414 τῆς
1073 1368 1107 1404 ἓν
1130 1369 1175 1418 τῇ

154 1427 270 1479 ἡμέρᾳ
295 1427 423 1478 ταύτῃ,
455 1430 566 1481 ἀφῆκε
598 1431 710 1472 ζῶντα
730 1430 891 1466 ἀπελθεῖν
905 1444 912 1451 ·
936 1427 1036 1470 αὐτὸς
1055 1426 1090 1465 δὲ
1110 1443 1176 1465 πε-

157 1487 291 1539 ριέμενε
312 1488 356 1526 τὰ
378 1489 458 1542 περὶ
484 1493 546 1527 τοῦ
569 1489 679 1528 Χουσὶ
700 1491 877 1541 μεριμνῶν
897 1489 956 1527 καὶ
985 1488 1122 1540 τρέμων
1141 1488 1176 1526 τί
1197 1501 1222 1530 n

154 1565 236 1587 ποτε
253 1549 320 1601 ἄρα
335 1549 433 1588 ἔσται
447 1549 486 1588 τὸ
503 1550 612 1594 τέλος.
632 1550 693 1594 Ὡς
709 1550 744 1589 δὲ
760 1550 964 1601 ἀπηγγέλθη
977 1550 1037 1588 καὶ
1051 1553 1176 1597 ταῦτα,

154 1615 394 1661 συνεκροτεῖτο
414 1613 432 1648 ὁ
457 1610 609 1661 πόλεμος
636 1610 776 1648 πάντων
806 1610 969 1660 πολέμων
997 1613 1066 1648 τῶν
1095 1609 1175 1647 πώ-

154 1685 237 1708 ποτε
260 1671 453 1721 γενομένων
474 1671 678 1714 καινότατος
698 1671 744 1708 ὢν
757 1700 768 1718 ,
796 1671 856 1708 καὶ
879 1670 1059 1721 αἰνίγματι
1082 1672 1172 1719 μᾶλ-

153 1732 212 1768 λον
229 1731 360 1774 ἐοικώς.
381 1731 452 1770 Τὸν
471 1732 539 1783 γὰρ
559 1732 668 1770 αἴτιον
686 1733 756 1769 τῶν
779 1731 950 1770 τοσούτων
967 1734 1098 1779 κακῶν,
1117 1730 1176 1769 καὶ

154 1790 269 1843 ἐκείνῃ
300 1794 344 1844 τῇ
370 1792 468 1845 μάχῃ
497 1792 728 1844 παρασχόντα
747 1792 810 1838 τὴν
833 1792 996 1831 ὑπόθεσιν
1016 1792 1174 1839 ἅπασαν,

155 1851 212 1890 καὶ
243 1847 282 1891 οἷ
314 1853 480 1898 πεσόντος
509 1853 649 1892 ἅπαντα
679 1854 804 1892 λέλυτο
830 1853 874 1892 τὰ
905 1852 999 1891 δεινὰ
1013 1882 1023 1900 ,
1054 1857 1174 1892 τοῦτον

153 1913 245 1964 ἔχειν
274 1915 309 1952 ἐν
331 1915 445 1967 πολλῇ
465 1914 610 1968 προνοίᾳ
631 1915 691 1953 καὶ
717 1916 827 1967 φειδοῖ
851 1914 930 1958 τοὺς
960 1914 1176 1966 στρατηγοὺς

153 1973 344 2025 παρεκάλει
363 1973 440 2019 τοὺς
462 1976 584 2023 αὐτοῦ,
603 1977 757 2027 συνεχῶς
777 1974 966 2025 ἐπιλέγων·
995 1975 1176 2014 Φείσασθέ

155 2048 220 2082 μου
239 2037 298 2072 τοῧ
311 2035 496 2088 παιδαρίου
513 2035 754 2086 Ἀὸεσσαλώμ.
767 2036 815 2074 Τί
833 2034 964 2081 ταύτης
983 2035 1023 2073 ἂν
1043 2036 1176 2086 γένοιτο

153 2097 217 2141 τῆς
239 2095 387 2148 ἀπορίας
405 2103 542 2149 χεῖρον;
564 2096 598 2134 τί
619 2100 681 2144 τῆς
702 2096 904 2149 ἀμηχανίας
921 2096 1171 2148 ἐλεεινότερον;

153 2156 313 2206 Πόλεμον
329 2157 557 2202 ἀναδέξασθαι
572 2158 801 2208 ἠναγκάζετο,
812 2161 846 2196 ἓν
861 2152 889 2209 ᾧ
905 2157 965 2195 καὶ
980 2158 1019 2195 τὸ
1033 2161 1173 2205 νικῆσαι

150 2217 209 2255 καὶ
219 2217 258 2256 τὸ
270 2221 486 2270 κρατηθῆναι
500 2220 629 2270 ὁμοίως
641 2220 811 2258 ἀπευκτὸν
826 2214 869 2266 ἧν
880 2222 984 2272 αὐτῷ.
1000 2219 1092 2257 Οὔτε
1106 2219 1172 2271 γὰρ
1196 2230 1219 2260 F.

149 2277 290 2317 ἔλαττον
307 2278 401 2331 ἔχειν
421 2280 558 2327 ἤθελεν,
576 2279 653 2318 οὐδὲ
670 2280 737 2331 γὰρ
758 2280 796 2317 ἂν
819 2284 982 2318 τοσοῦτον
1001 2279 1173 2332 ἐξέπεμψε

150 2339 320 2390 στρατὸν,
345 2339 423 2378 οὔτε
452 2340 713 2392 περιγενέσθαι,
734 2340 811 2378 οὐδὲ
832 2341 900 2393 γὰρ
924 2341 962 2377 ἂν
994 2341 1051 2378 τὸν
1074 2341 1171 2378 συνέ-

147 2414 254 2451 χοντα
266 2400 325 2437 καὶ
339 2414 423 2451 συγκ
431 2404 593 2452 ροτοῦντα
606 2400 668 2446 τὴν
681 2402 744 2445 τῆς
755 2400 872 2452 μάχης
881 2400 1075 2452 παράταξιν
1089 2401 1173 2438 ἐκώ-

147 2461 249 2498 λυσεν
260 2460 592 2513 ἀνελεῖν.Κριθε’ντος
602 2461 637 2498 δὲ
648 2464 707 2499 τοῦ
718 2462 872 2512 πολέμου
880 2462 938 2499 καὶ
946 2462 1042 2505 τέλος
1050 2461 1173 2499 Medu-

147 2536 205 2563 τος
220 2522 306 2573 ὅπερ
325 2521 446 2568 ἤθελεν
463 2525 480 2560 ὃ
499 2522 603 2572 Θεὸς,
621 2522 679 2560 καὶ
700 2526 759 2560 τοῦ
778 2522 991 2574 πατραλοίου
1007 2523 1171 2567 πεσόντος

148 2581 290 2630 ἐκείνου,
311 2584 342 2621 οἱ
363 2582 426 2632 μὲν
449 2582 563 2621 λοιποὶ
583 2584 710 2625 πάντες
730 2577 818 2630 Γἦσαν
846 2586 880 2622 ἐν
902 2583 1090 2636 εὐφροσύνῃ
1112 2585 1169 2622 καὶ

147 2649 254 2695 χαρᾷ,
274 2643 376 2694 μόνος
396 2642 431 2681 δὲ
455 2644 584 2686 ἐκεῖνος
603 2642 738 2681 ἐπένθει
761 2644 819 2682 καὶ
845 2644 1008 2696 ἐδάκρυε,
1027 2645 1086 2682 καὶ
1105 2660 1169 2682 κα·-

147 2702 279 2756 θείρξας
298 2704 419 2742 ἑαυτὸν
437 2706 639 2743 ἀνεκαλεῖτο
658 2704 715 2743 τὸν
734 2706 939 2754 τεθνηκότα,
955 2707 1013 2744 καὶ
1032 2707 1171 2758 ἐδυσχέ-

149 2779 259 2816 ραινεν
274 2766 329 2804 ὅτι
349 2764 398 2815 μὴ
421 2766 495 2802 ἀντ’
516 2765 646 2804 ἐκείνου
665 2766 728 2813 τὴν
749 2766 913 2814 τελευτὴν
935 2766 1083 2811 ἐδέξατο.
1105 2768 1170 2810 Τίς

147 2823 250 2864 δώσει
267 2825 333 2877 γάρ
353 2841 428 2876 μοι,
450 2826 547 2878 φησὶ,
565 2826 723 2875 θάνατον,
742 2827 818 2866 ἀντὶ
836 2831 909 2874 σοῧ,
927 2828 1167 2878 Ἁὸεσσαλὼμ,

1129 2891 1149 2899 κ.
1181 2872 1228 2897 ΞΠ

1257 338 1418 376 duxisset
1448 337 1688 386 adversarios,
1713 339 1780 377 ista
1814 337 1969 376 audebat
2004 353 2044 377 ac
2062 353 2135 392 prae
2165 354 2204 378 se

1249 398 1396 438 ferebat.
1420 399 1480 437 Sic
1503 399 1618 450 igitur
1642 409 1809 437 moestum
1829 408 1862 437 et
1879 409 2093 438 metuentem
2115 401 2202 439 siha

1250 472 1330 495 cum
1359 458 1571 508 invenisset,
1605 460 1766 498 turbavit
1799 460 1953 512 amplius
1965 491 1976 510 ,
2007 460 2202 499 dominum

1249 517 1485 557 calumniatus
1510 533 1632 569 suum,
1645 533 1874 571 asserensque
1899 521 2003 559 illum
2019 522 2205 574 tyrannice

1249 587 1387 616 sentire.

1302 640 1340 676 9.
1352 640 1447 677 Huic
1461 641 1630 679 successit
1640 642 1756 680 Semei
1764 672 1772 688 ,
1784 641 1844 679 vir
1855 641 2003 692 quidam
2014 643 2204 682 sceleratus

1247 707 1279 736 et
1289 698 1464 749 ingratus,
1478 700 1743 752 innumerisque
1757 701 1857 739 illum
1868 702 2011 753 probris
2026 705 2204 755 respersit,

1245 756 1366 795 verbis
1382 757 1521 809 lapides
1540 759 1738 798 admiscens
1758 775 1766 796 :
1786 760 1982 811 Egredere
1995 790 2005 806 ,
2022 760 2202 811 inquiens,
2220 773 2250 793 2-
2263 766 2340 803 Reg.
2360 767 2405 795 ¹6-

1246 821 1314 856 vir
1326 821 1574 870 sanguinum,
1591 829 1628 859 et
1653 824 1721 859 vir
1749 834 1928 873 nequam.
1951 821 2146 859 Convertit
2163 826 2204 860 in
2222 817 2250 845 7‘
2275 807 2304 835 δ’

1247 888 1283 917 te
1303 881 1500 918 Dominus
1517 895 1666 919 omnem
1683 885 1915 934 sanguinem
1931 883 2067 920 domus
2082 884 2200 934 Saul,

1246 942 1315 991 qui
1324 944 1494 992 regnasti
1507 956 1579 992 pro
1593 956 1651 991 eo,
1668 951 1705 980 et
1716 943 1820 980 dedit
1836 943 2032 981 Dominus
2045 957 2205 995 regnum

1246 1005 1288 1038 in
1304 1015 1425 1039 manu
1444 1002 1637 1041 Absalom
1651 1004 1737 1055 filii
1775 1006 1845 1053 tui,
1872 1005 2117 1056 ostenditque
2135 1008 2206 1043 tibi

1246 1063 1444 1100 malitiam
1469 1072 1590 1111 tuam,
1622 1068 1715 1116 quia
1746 1067 1814 1101 vir
1836 1067 2073 1116 sanguinum
2088 1080 2128 1104 es
2150 1075 2202 1104 tu.

1244 1122 1310 1160 His
1341 1123 1404 1161 ille
1432 1123 1564 1162 auditis
1601 1134 1706 1175 atque
1724 1123 1883 1163 toleratis
1901 1125 2101 1164 tabescebat
2120 1127 2204 1177 qui·

1243 1183 1341 1233 dem,
1364 1184 1459 1236 quod
1484 1199 1529 1224 ex
1547 1184 1636 1236 ipsis
1655 1185 1821 1223 lamentis
1840 1186 2024 1224 manifeste
2037 1200 2200 1240 compro-

1244 1244 1364 1290 batur,
1392 1259 1516 1285 verum
1536 1245 1630 1283 nihil
1664 1247 1756 1283 ultra
1784 1246 1898 1284 facere
1930 1246 2106 1296 audebat;
2143 1247 2204 1286 sed

1245 1320 1327 1345 cum
1340 1305 1488 1345 dixisset
1507 1322 1514 1343 :
1534 1308 1698 1345 Dimitte
1714 1308 1826 1345 illum
1844 1308 2073 1346 maledicere
2087 1310 2205 1349 mihi:
2220 1321 2263 1349 lb.
2296 1331 2324 1348 v.
2357 1328 2403 1349 ιι.

1244 1367 1434 1405 Dominus
1452 1370 1554 1404 enim
1571 1368 1668 1405 dixit
1685 1368 1769 1406 illi:
1784 1376 1825 1405 ut
1851 1369 1985 1405 videat
2003 1368 2201 1408 humilita-
2222 1371 2268 1391 ¹²·

1247 1435 1322 1465 tem
1342 1441 1481 1474 meam,
1498 1430 1761 1479 retribuatque
1780 1429 1876 1465 mihi
1895 1429 2087 1467 Dominus
2103 1432 2201 1467 hona

1243 1502 1314 1540 pro
1334 1489 1607 1527 maledictione
1624 1490 1702 1526 diei
1715 1489 1981 1540 hztjus,·vivum
1997 1490 2044 1527 ab
2058 1504 2093 1528 se
2104 1491 2203 1529 abire

1246 1549 1419 1600 permisit.
1438 1550 1520 1602 Ipse
1539 1559 1657 1588 autem
1673 1549 1785 1588 Chusi
1805 1549 1996 1588 adventum
2014 1551 2201 1602 praestola—

1243 1611 1364 1660 batur,
1387 1612 1633 1662 sollicitusque
1659 1626 1700 1649 ac
1725 1621 1878 1649 tremens
1906 1612 1955 1649 rei
1975 1613 2202 1664 exspectabat

1245 1670 1398 1710 exitum.
1417 1673 1468 1710 Ut
1487 1681 1606 1709 autem
1625 1680 1658 1709 et
1679 1672 1743 1709 ista
1766 1672 1929 1709 nuntiata
1947 1681 2044 1722 sunt,
2067 1672 2202 1710 bellum

1245 1731 1499 1779 instruebatur,
1521 1731 1627 1769 bellis
1642 1731 1807 1769 omnibus
1827 1746 1905 1782 quae
1926 1746 2098 1783 umquam
2113 1747 2202 1771 con-

1244 1792 1402 1843 tigerunt
1422 1791 1644 1837 insolentius,
1665 1792 1846 1842 aenigmati
1863 1806 1971 1842 quam
1986 1794 2127 1831 veritati
2147 1794 2200 1831 si-

1246 1853 1379 1891 milius.
1404 1854 1497 1891 Eum
1526 1853 1620 1891 enim
1653 1853 1715 1903 qui
1746 1867 1850 1890 causa
1888 1854 2000 1890 fuerat
2025 1854 2202 1892 malorum

1245 1915 1422 1963 omniurn,
1446 1914 1594 1966 ejusque
1608 1914 1695 1952 belli
1712 1923 1823 1951 totam
1839 1914 2024 1951 materiam
2042 1915 2202 1966 praebue-

1245 1984 1313 2021 rat,
1331 1985 1364 2013 et
1378 1989 1449 2026 quo
1471 1984 1612 2013 mortuo
1633 1975 1782 2013 adversa
1811 1975 1930 2012 omnia
1953 1975 2168 2013 finiebantur
2189 2007 2198 2021 ,

1244 2050 1346 2083 eum,
1369 2037 1534 2088 inquam,
1552 2035 1708 2074 ducibus
1731 2036 1804 2074 suis
1830 2045 1900 2074 tota
1923 2036 2145 2088 providentia
2168 2047 2202 2075 ct

1246 2111 1330 2135 cura
1357 2096 1641 2142 commendabat,
1661 2098 1727 2136 ista
1750 2096 1821 2134 illis
1837 2097 1972 2148 jugiter
1991 2098 2166 2149 replicans
2189 2116 2196 2135 :

1244 2159 1415 2203 Parcite,
1434 2157 1671 2210 aiebat‚filio
1692 2171 1775 2196 meo
1794 2158 2004 2196 Absalom.
2020 2158 2116 2204 Quid
2134 2159 2200 2197 hac
2218 2170 2337 2209 21123.
2356 2173 2402 2200 ,5,

1243 2217 1462 2255 baesitatione
1478 2226 1511 2254 et
1530 2217 1766 2268 ambiguitate
1780 2217 1961 2255 deterius?
1973 2218 2060 2268 quid
2077 2232 2115 2256 ea
2128 2218 2200 2257 dif-
2218 2214 2245 2243 5·

1244 2278 1402 2316 ficultate
1427 2277 1695 2316 miserabilius?
1716 2279 1903 2330 Suscipere
1932 2279 2067 2316 bellum
2095 2294 2199 2331 coge-

1243 2339 1347 2376 batur
1362 2368 1372 2387 ,
1396 2338 1431 2376 iu
1444 2352 1514 2389 quo
1531 2347 1565 2375 ct
1580 2337 1722 2376 vincere
1738 2347 1771 2376 ct
1791 2339 1886 2377 vinci
1901 2353 2001 2389 mque
2015 2340 2067 2377 illi
2088 2341 2197 2378 molc-

1242 2408 1336 2437 stum
1367 2408 1455 2437 erat.
1493 2400 1585 2437 Nam
1613 2413 1726 2450 neque
1750 2400 1910 2450 superari
1938 2400 2077 2438 volebat
2098 2431 2106 2444 ‚
2130 2403 2192 2452 qui

1242 2469 1357 2497 tantas
1376 2459 1497 2511 copias
1509 2459 1672 2496 emiserat
1687 2474 1696 2507 ;
1713 2473 1823 2509 ucquc
1838 2473 1984 2496 rur-suin
2004 2474 2173 2511 superare
2187 2492 2195 2504 ,

1241 2521 1303 2570 qui
1337 2520 1422 2557 belli
1453 2529 1632 2557 auctorem
1663 2519 1778 2556 necari
1807 2519 2033 2570 prohibebat.
2059 2522 2196 2559 Yet-uui

1241 2580 1396 2618 discreto
1415 2580 1522 2622 bello,
1543 2594 1582 2616 ac
1601 2580 1669 2616 {ine
1697 2594 1801 2629 quein
1821 2579 1933 2616 voluit
1957 2581 2051 2617 Deus
2068 2594 2192 2618 couse-

1241 2651 1373 2692 quuto,
1408 2655 1448 2678 ac
1484 2640 1664 2692 parricida
1700 2639 1762 2677 illo
1801 2640 1982 2676 interfecto
2002 2669 2010 2683 ,
2047 2642 2195 2691 reliquis

1240 2702 1405 2739 omuibus
1419 2701 1452 2738 in
1474 2700 1594 2738 lar-titia
1616 2710 1646 2738 ct
1662 2700 1792 2749 gaudio
1807 2701 2117 2750 .·tgcutibus‚solus
2132 2716 2194 2740 rcx

1240 2762 1385 2813 lugebat
1409 2771 1441 2799 ct
1462 2761 1738 2812 lacrymabatur.
1760 2774 1800 2796 ac
1820 2761 1976 2812 scipsum
2010 2762 2195 2800 includens

1240 2825 1444 2862 desunt-uun
1467 2822 1700 2874 compellabat
1722 2822 1853 2866 tilium,
1879 2823 2080 2874 fert-batque
2107 2838 2193 2874 gra—

147 2885 198 2924 υἰέ
233 2901 320 2936 μου;
347 2886 395 2924 Τί
426 2886 556 2934 ταύτης
582 2887 737 2935 ἠκούσθη
767 2888 1077 2940 πολυπλοκώτερον
1107 2905 1168 2934 της
1191 2911 1215 2938 Λ
1245 2886 1336 2925 viter
1359 2884 1453 2935 quod
1481 2898 1544 2935 pro
1574 2883 1637 2920 illo
1655 2883 1728 2933 ipsc
1755 2896 1822 2919 uon
1842 2883 2075 2922 occubuisset.
2100 2888 2193 2934 Quis
2213 2908 2239 2926 „
2262 2899 2319 2936 lh&
2353 2910 2361 2929 ι

148 2952 341 2998 συμφορᾶς;
360 2946 450 2984 “Ore
471 2946 533 2996 μὲν
549 2947 606 2985 τὸν
625 2949 770 3000 ἀδελφὸν
792 2950 937 2996 ἀνεῖλεν,
955 2950 1087 2987 ἀνελεῖν
1106 2950 1166 2986 αὐ-

144 3005 202 3044 τὸν
222 3006 429 3051 ἐσπούδαζεν
442 3038 451 3054 ,
470 3007 526 3046 ὅτε
544 3008 580 3046 δὲ
600 3009 712 3059 ἐμάνη
733 3012 810 3047 κατ’
838 3011 942 3048 αὐτοῦ
956 3040 965 3057 ,
994 3011 1070 3047 τότε
1091 3010 1165 3061 φεί-

147 3067 241 3105 δεται
257 3069 317 3105 τοῦ
339 3067 473 3111 παιδός.
491 3068 559 3106 Καὶ
578 3071 639 3108 οὐκ
665 3071 705 3107 ἂν
740 3071 918 3108 ἐπαύσατο
949 3073 1082 3121 Ορηνῶν
1109 3071 1166 3107 ἐπὶ

146 3123 233 3164 πολὺ
252 3126 310 3166 τὸν
337 3127 479 3180 νεκρὸν,
510 3130 540 3166 εἷ
567 3129 616 3180 μὴ
637 3131 795 3176 εἰσῆλθεν
815 3134 832 3168 ὁ
852 3131 961 3169 ‘lt-1316
976 3161 986 3178 ,
1015 3130 1073 3168 καὶ
1103 3130 1166 3176 τὴν

147 3186 292 3226 ἀτοπίαν
310 3192 370 3227 τοῦ
390 3188 595 3240 πράγματος
615 3190 732 3239 ἔδειξε,
758 3191 816 3229 καὶ
843 3191 1069 3242 σφοδρότερον
1089 3192 1165 3228 δια-

148 3246 278 3299 λεχθεὶς
298 3249 468 3296 ἀνέστησέ
488 3265 524 3288 τε
543 3251 659 3300 αὐτὸν,
683 3252 741 3290 καὶ
763 3254 797 3290 ἐν
815 3252 973 3304 σχήματι
992 3255 1042 3303 τῷ
1063 3268 1166 3304 προσ·

190 3412 202 3427 ¹
228 3403 338 3437 Murci.
359 3410 490 3450 ἀποῦώῃ,
508 3408 608 3443 Sttvii.
634 3412 782 3453 ἀποδω-ις,
802 3409 897 3442 (ΜΗ),
919 3414 1127 3444 dorin-aowin.

1240 2944 1490 2990 ‹·ni¹11,;·i‹·l›.u,
1507 2945 1603 2980 milei
1619 2947 1713 2979 mori
1727 2956 1796 2993 pro
1809 2952 1844 2980 te
1858 2944 1980 2985 dame.
2002 2946 2192 2982 Ales-alma
2211 2962 2220 2968 ·
2233 2963 2242 2968 >
2260 2965 2262 2967 >

1238 3008 1362 3058 filimi
1377 3006 1393 3042 ἱ)
1409 3004 1504 3051 Quid
1518 3005 1582 3042 hac
1597 3004 1797 3040 ‹xil-unitate
1810 3004 2012 3055 pcrplexius
2024 3019 2192 3055 uniquam

1241 3069 1403 3106 multtum
1436 3076 1486 3104 cst
1503 3067 1520 3102 Ξ)
1558 3064 1712 3112 Quando
1734 3066 1876 3101 suun-em
1899 3065 1959 3102 itte
1983 3077 2166 3104 unaucurt
2184 3099 2193 3114 ,

1242 3131 1359 3182 ipsum
1379 3128 1570 3166 interfit-vu
1595 3125 1794 3176 ‹1=1.=·1·‹·l›ut;
1820 3126 1962 3175 quando
1979 3136 2095 3164 autem
2112 3141 2190 3165 con—

1242 3200 1295 3228 tra
1316 3205 1352 3227 st·
1392 3202 1540 3227 ves-'tuus
1572 3186 1761 3226 serebatur.
1792 3193 1877 3223 tuuc
1904 3186 1978 3223 libo
2011 3188 2188 3239 parcebat.

1244 3253 1364 3302 Neque
1385 3251 1467 3288 ssei-‹-
1496 3249 1640 3299 quida-ut
1675 3245 1863 3284 destitisset
1888 3257 2082 3291 mortuum.
2122 3250 2189 3287 uisi
