2513 3871
362 228 456 289 478

801 240 840 269 S.
870 238 1058 270 JOANMS
1092 235 1336 268 cnm‘sosr.
1377 235 1585 266 uictum).
1621 235 1975 267 CONSTANTINOP-

359 324 591 364 solitudinem
625 334 755 360 exuere
786 329 978 373 eoguntur,
1011 333 1127 371 exque
1157 317 1508 372 externismsszoum
1532 317 1798 369 παραπέτασμα
1825 319 1895 356 τῶν
1924 316 2021 356 ἰδίων
2051 318 2317 371 ἁμαρτημάτων
2343 320 2407 367 τὴν

361 385 518 424 motibus
555 381 693 421 nudum
728 381 895 420 omnibus
930 381 1092 420 animum
1127 380 1311 420 exhibere.
1338 385 1364 414 Δ

361 443 677 494 Quemadmodum
711 455 796 494 ergo
824 442 985 495 ipsorum
1019 441 1188 495 praeclara
1216 451 1314 494 gesta

360 505 484 544 multis
499 512 649 557 prosunt
667 502 711 541 ad
731 503 849 541 simile
861 502 1024 541 studium
1044 503 1243 548 evocantia,
1263 502 1315 541 sie

360 577 394 606 et
412 581 534 605 eorum
556 565 643 604 vitia
669 565 759 603 alios
777 564 824 603 ad
856 564 1002 603 virtutis
1027 563 1239 603 exercitium
1261 577 1315 603 se·

361 629 500 681 gniores
511 627 688 673 efficiunt,
699 626 787 664 etad
803 627 980 665 bonorum
994 640 1142 679 operum
1157 625 1316 664 laborem

361 699 501 743 torpere
515 689 660 727 faciunt.
671 688 915 734 Quamobrem
924 687 1140 739 animaesejus
1155 687 1317 738 pulchri·

362 751 523 790 tudinem
541 749 727 803 splendere
744 758 900 802 oportet,
919 757 957 786 ut
976 757 1216 801 spectatorum
1237 748 1317 786 ani-

363 827 441 852 mos
468 812 645 850 oblectare
674 810 781 849 simul
809 819 844 847 et
869 809 1049 847 illustrare
1078 809 1202 861 possit.
1226 809 1316 847 Nam

364 874 570 926 vulgarium
591 872 777 911 hominum
798 880 962 924 peccata,
982 870 1084 921 quasi
1107 870 1142 908 in
1164 869 1318 908 tenebris

362 943 575 988 perpetrata,
596 942 778 986 peccantes
796 932 890 970 solos
903 931 1060 984 perdunt
1080 946 1090 969 :
1108 931 1177 969 viri
1197 939 1316 968 autem

362 996 513 1035 illustris
527 1004 560 1033 et
577 994 699 1033 multis
714 994 847 1045 cogniti
863 993 989 1039 scelus,
999 1005 1188 1031 commune
1202 991 1319 1029 omni-

364 1057 432 1096 bus
445 1057 549 1095 affert
566 1054 818 1094 detrimentum
831 1083 840 1101 ,
860 1053 949 1091 dum
970 1053 1136 1091 remissos
1150 1051 1195 1089 ad
1209 1051 1318 1090 sudo-

363 1135 420 1159 res
439 1135 504 1173 pro
533 1119 635 1157 nobis
663 1118 832 1170 operibus
859 1117 1095 1168 capessendos
1122 1115 1320 1168 supiniores

363 1181 492 1225 efficit,
507 1194 566 1218 eos
583 1188 701 1216 autem
713 1178 773 1228 qui
796 1177 866 1214 sibi
888 1177 1071 1215 attendere
1089 1177 1254 1228 cupiunt,
1273 1176 1320 1214 ad

363 1240 570 1293 superbiam
591 1240 734 1277 excitat.
751 1236 807 1275 Ad
822 1238 899 1275 haec
914 1251 1015 1284 vero,
1035 1236 1241 1287 vulgarium
1260 1240 1322 1273 de-

362 1302 465 1346 licta,
483 1301 539 1339 vel
563 1301 599 1339 in
626 1299 787 1337 medium
806 1298 985 1344 adducta,
1006 1297 1140 1336 nemini
1165 1298 1212 1334 ita
1234 1311 1320 1348 pro-

361 1361 510 1400 fundam
545 1360 712 1411 infligunt
742 1359 885 1411 plagam
911 1374 920 1395 τ
948 1358 1011 1409 qui
1041 1366 1159 1395 autem
1187 1356 1224 1394 in
1254 1356 1322 1394 hoc

362 1422 509 1462 honoris
541 1421 682 1473 fastigio
717 1419 859 1468 sedent,
890 1420 1011 1473 primo
1040 1418 1210 1457 omnibus
1238 1427 1322 1456 sunt

363 1482 546 1536 conspicui
556 1498 566 1531 ;
578 1480 719 1529 deinde,
731 1481 815 1519 limet
827 1481 862 1519 in
875 1480 1035 1519 minimis
1046 1480 1229 1527 labantur,
1239 1492 1320 1530 quae

364 1544 502 1583 minora
517 1552 600 1582 sunt
612 1542 692 1581 aliis
702 1556 830 1594 magna
841 1542 1021 1581 videntur.
1033 1543 1112 1581 Non
1128 1541 1224 1579 enim
1237 1540 1320 1578 sacti

364 1605 614 1657 magnitudine
627 1634 638 1653 ,
658 1603 722 1643 sed
739 1603 917 1657 peccantis
934 1603 1110 1655 dignitate
1133 1611 1321 1655 peccatum

365 1681 487 1706 omnes
506 1667 716 1705 metiuntur.
733 1666 829 1704 Sane
853 1664 1074 1703 sacerdotem
1093 1672 1238 1716 oportet
1258 1677 1321 1701 ceu

364 1727 580 1778 quibusdam
593 1727 834 1765 adamantinis
848 1727 957 1765 armis
978 1725 1214 1777 undequaque
1233 1738 1319 1762 mu-

366 1789 451 1835 niri,
463 1789 607 1827 assiduo
617 1802 742 1840 nempe
753 1788 887 1832 studio,
897 1798 931 1826 et
946 1788 1090 1840 perenni
1099 1787 1194 1825 circa
1208 1787 1321 1825 vitam

365 1850 574 1901 vigilantia,
606 1849 767 1900 undique
796 1848 1138 1901 circumspiciendo,
1165 1862 1207 1886 nc
1239 1847 1322 1898 quis

367 1911 468 1949 nudo
503 1925 544 1948 ac
576 1911 735 1959 neglecto
768 1911 846 1949 loco
876 1920 1014 1963 reperto
1050 1910 1154 1948 letale
1181 1909 1323 1960 infligat

368 1972 512 2010 vulnus.
530 1972 664 2010 Omnes
680 1971 773 2009 euim
791 1972 1022 2010 circumstant
1040 1972 1167 2024 parati,
1183 1980 1222 2008 ut
1243 1971 1324 2009 vul-

369 2041 491 2070 nerent
504 2046 546 2070 ac
560 2031 746 2083 dejiciant,
764 2046 832 2070 non
855 2031 959 2070 modo
976 2047 1019 2070 ex
1035 2033 1189 2071 inimicis
1204 2031 1324 2081 multi,

368 2093 431 2131 sed
446 2091 554 2131 etiam
573 2107 619 2132 ex
635 2093 694 2144 iis,
710 2093 772 2144 qui
789 2093 988 2133 amicitiam
1004 2093 1188 2132 simulant.

423 2395 530 2434 Tales
553 2395 663 2447 igitur
689 2394 774 2447 eligi
801 2404 962 2448 oportet,
983 2396 1101 2447 qualia
1123 2404 1327 2435 sanctorum

370 2458 455 2496 olim
477 2458 622 2496 illorum
643 2471 790 2510 corpora
811 2457 846 2495 in
863 2457 1081 2510 Babylonica
1102 2458 1245 2497 fornace
1260 2458 1327 2496 Dei

370 2519 482 2568 gratia
514 2518 694 2556 exhibuit.
721 2520 844 2569 Neque
872 2518 967 2556 enim
999 2518 1094 2570 ignis
1112 2518 1222 2571 liujus
1251 2533 1328 2557 esca

369 2590 452 2618 sunt
474 2589 692 2618 sarmentum
709 2610 718 2621 ,
739 2579 803 2631 pix
828 2588 862 2617 et
883 2588 1034 2632 stuppa3
1055 2579 1117 2618 sed
1138 2579 1195 2618 his
1215 2580 1329 2618 multo

370 2642 535 2692 graviora
547 2671 556 2688 ,
571 2640 864 2693 quandoquidem
881 2654 949 2679 non
969 2641 1150 2679 sensibilis
1165 2641 1329 2693 illeignis

370 2704 548 2755 subjacet,
575 2702 636 2741 sed
657 2702 775 2740 omnia
797 2701 974 2740 devorans
1006 2701 1155 2740 invidia:
1184 2702 1327 2741 flamma

370 2764 488 2817 ipsum
505 2764 750 2809 circumsistit,
768 2763 928 2815 undique
942 2778 978 2802 se
993 2764 1176 2813 attollens,
1193 2764 1259 2817 ipsi
1276 2764 1329 2803 in·

371 2839 518 2875 gruens,
535 2824 806 2876 accuratiusque
827 2824 945 2876 ipsum
971 2824 1196 2870 examinans,
1218 2839 1328 2876 quam

372 2895 456 2924 tunc
477 2886 567 2934 ignis
583 2900 774 2938 puerorum
795 2885 940 2923 illorum
955 2899 1124 2939 corpora.
1143 2887 1235 2924 Cum
1258 2886 1327 2937 igi-

372 2956 431 2984 tur
451 2948 505 2984 vel
522 2956 624 2985 tenue
637 2946 833 2999 quodpiam
853 2946 998 3000 stipulte
1016 2947 1207 2999 vestigium
1226 2947 1326 2986 inve·

373 3009 790 3054 nerit,statiminl1a:rens
803 3008 965 3046 vitiatam
980 3008 1078 3047 illam
1092 3019 1227 3061 partem
1240 3023 1329 3048 exu-

376 3069 421 3106 rit
436 3087 444 3114 ;
460 3070 631 3120 reliquam
648 3084 732 3107 vero
748 3078 980 3114 structuram,
993 3071 1132 3108 etiamsi
1151 3070 1328 3109 solaribus

378 3130 487 3167 radiis·
503 3131 721 3182 splendidior
736 3131 860 3176 suerit.
878 3133 976 3169 sumo
994 3131 1056 3169 illo
1072 3131 1192 3170 adurit
1207 3142 1241 3171 ct
1261 3132 1330 3170 ob-

380 3200 496 3229 scurat
516 3201 633 3229 totam.
655 3193 775 3230 Donec
795 3192 889 3231 enim
911 3191 1106 3232 sacerdotis
1125 3193 1198 3232 vita
1219 3193 1330 3246 probe

425 3330 436 3342 ·
464 3319 525 3351 Alii
543 3325 574 3352 o)
593 3327 649 3361 γὰρ
667 3329 709 3362 τῷ
726 3326 830 3364 μάτρῳ
848 3327 900 3355 τοῦ
914 3330 1076 3364 γεγονότος.

426 3372 441 3393 ⁸·
465 3371 556 3402 ttnn,
573 3382 682 3414 τ’νὶιαιι
701 3375 922 3413 τποιίάζοντις.
944 3373 1035 3407 infru
1050 3374 1105 3406 alii
1124 3381 1214 3409 πίσσα
1229 3379 1277 3408 καὶ
1300 3390 1383 3410 erin-

383 3426 464 3455 rint.

1389 378 1561 429 μόνωσιν·
1578 380 1626 423 εἰς
1653 379 1689 417 δὲ
1710 379 1750 418 τὸ
1780 378 1886 429 μέσον
1906 377 2070 431 ἀχθέντες
2089 379 2248 431 καθάπερ
2268 379 2409 430 ἱμάτιον

1387 438 1451 486 τὴν
1468 438 1618 491 ἠρεμίαν
1636 440 1808 478 ἀποδῦναι
1821 439 2090 490 ἀναγκάζονται,
2104 439 2164 478 καὶ
2179 447 2268 479 πᾶσι
2276 439 2412 492 γυμνὰς

1388 500 1558 545 ἐπιδεῖξαι
1595 501 1657 544 τὰς
1686 501 1802 553 ψυχὰς
1841 499 1898 538 διὰ
1926 503 1995 538 τῶν
2029 500 2150 545 ἔξωθεν
2194 501 2411 551 κινημάτων.

1387 561 1530 613 Ὥσπερ
1548 554 1608 600 οὖν
1630 563 1744 600 αὐτῶν
1763 560 1808 599 τὰ
1838 559 2095 612 κατορθώματα
2122 560 2270 605 πολλὼς
2296 561 2413 608 ὤνησο

1389 622 1475 674 πρὸς
1499 623 1557 662 τὸν
1586 622 1662 661 ἴσον
1701 623 1976 673 παρακαλοῦντα
2004 622 2129 670 ζῆλον,
2160 621 2252 660 οὕτω
2278 622 2340 661 καὶ
2367 621 2415 661 τὰ

1389 683 1686 734 πλημμελήματα
1725 683 1979 736 ῥαθυμοτέρους
2011 683 2206 730 κατέστησε
2237 683 2320 735 περὶ
2349 683 2414 731 τὴν

1389 747 1452 790 τῆς
1471 747 1598 797 ἀρετῆς
1619 745 1784 796 ἐργασίαν
1797 773 1807 790 ,
1825 743 1886 782 καὶ
1913 744 2098 795 βλακεύειν
2120 745 2206 794 πρὸς
2231 743 2309 788 τοὺς
2326 743 2415 797 ὑπὲρ

1388 809 1457 844 τῶν
1478 806 1674 845 σπουδαίων
1704 804 1944 858 παρεσκεύασε
1973 805 2110 849 πόνους.
2134 805 2199 844 Διὸ
2225 804 2296 857 χρὴ
2322 804 2416 844 πάν-

1389 870 1486 905 τοθεν
1515 868 1621 905 αὐτοῦ
1640 866 1680 905 τὸ
1707 868 1835 910 κάλλος
1866 866 2091 906 ἀποστίλὸειν
2110 868 2173 913 τῆς
2199 868 2336 919 ψυχῆς,
2358 864 2417 905 ἵνα

1391 929 1451 967 καὶ
1480 929 1672 980 εὐφραίνειν
1706 929 1781 977 ἅμα
1811 928 1871 966 καὶ
1900 929 2060 981 φωτίζειν
2092 927 2235 974 δύνηται
2255 927 2317 971 τὰς
2345 930 2416 966 τῶν

1390 988 1552 1041 δρώντων
1568 989 1694 1041 ψυχάς.
1716 989 1774 1028 Τὰ
1795 989 1859 1039 μὲν
1875 989 1942 1041 γὰρ
1968 991 2036 1027 τῶν
2051 989 2226 1042 τυχόντων
2250 988 2416 1041 ἁμαρτή-

1393 1066 1510 1099 ματα,
1530 1049 1651 1099 ὥσπερ
1671 1050 1706 1088 ἔν
1723 1065 1790 1087 τινι
1815 1050 1930 1102 σκότῳ
1949 1050 2194 1103 πραττόμενα,
2210 1049 2287 1095 τοὺς
2306 1052 2415 1103 ἔργα·

1393 1111 1556 1160 ζομένους
1576 1110 1738 1148 ἀπώλεσε
1759 1110 1906 1160 μόνους·
1931 1112 2055 1164 ἀνδρὸς
2084 1113 2120 1150 δὲ
2140 1113 2329 1164 ἐπιφανοῦς
2357 1111 2417 1150 καὶ

1392 1172 1534 1214 πολλοῖς
1566 1170 1742 1222 γνωρίμω
1772 1172 2001 1223 πλημμέλεια
2029 1172 2148 1219 κοινὴν
2181 1173 2294 1212 ἅπασι
2321 1173 2419 1225 φέρει

1395 1232 1458 1279 ἰ-λν
1491 1232 1650 1283 βλάὸην,
1681 1232 1759 1277 τοὺς
1792 1232 1856 1283 μὲν
1897 1233 2195 1278 ἀναπεπτωκότας
2223 1234 2310 1288 πρὸς
2339 1233 2419 1277 τοὺς

1395 1292 1482 1343 ὑπὲρ
1518 1295 1589 1331 τῶν
1624 1295 1765 1345 ἀγαθῶν
1795 1294 1945 1345 ἱδρῶτας
1983 1293 2218 1345 ὓπ-τιωτέρους
2250 1298 2421 1341 ποιοῦσα,

1394 1353 1473 1397 τοὺς
1500 1355 1536 1392 δὲ
1565 1354 1751 1406 προσέχειν
1781 1356 1917 1397 ἑαυτοῖς
1951 1354 2181 1405 βουλομένους
2222 1355 2422 1407 ἐρεθίζουσα

1395 1415 1480 1467 πρὸς
1502 1414 1680 1453 ἀπόνοιαν.
1706 1414 1823 1467 Χωρὶς
1843 1415 1879 1453 δὲ
1906 1415 2038 1453 τούτων
2065 1415 2110 1454 τὰ
2139 1415 2203 1467 μὲν
2233 1418 2303 1455 τῶν
2322 1418 2424 1455 εὖτε-

1395 1477 1466 1514 λῶν
1497 1475 1793 1527 παραπτώματα,
1818 1474 1883 1513 κᾶν
1905 1476 1953 1520 εἷς
1978 1476 2018 1515 τὸ
2037 1476 2142 1526 μέσον
2175 1476 2279 1528 ἔλθῃ,
2299 1477 2422 1516 οὗδένα

1395 1536 1543 1584 ἔπληξεν
1558 1536 1736 1588 ἀξιολογον
1754 1535 1906 1588 πληγήν·
1922 1537 1954 1574 οἱ
1974 1537 2009 1575 δὲ
2025 1537 2060 1575 ἐν
2077 1539 2121 1588 τῇ
2138 1539 2272 1590 κορυφῇ
2290 1537 2422 1584 ταύτης

1395 1598 1588 1649 καθήμενοι
1606 1600 1669 1644 τῆς
1687 1599 1816 1648 τιμῆς,
1839 1600 1977 1650 πρῶτον
1997 1598 2060 1648 μὲν
2079 1598 2187 1638 πᾶσίν
2207 1601 2275 1638 εἱσι
2305 1599 2421 1638 κατά-

1395 1660 1511 1706 δηλοι,
1546 1658 1690 1705 ἔπειτα,
1719 1658 1784 1696 κᾶν
1816 1661 1850 1697 ἐν
1884 1664 1954 1702 τοῖς
1984 1659 2207 1711 μικροτάτοις
2240 1661 2424 1712 σφαλῶσι,

1396 1720 1533 1772 μεγάλα
1554 1719 1598 1758 τὰ
1621 1719 1731 1771 μικρὰ
1753 1726 1825 1764 τοῖς
1848 1720 1966 1764 ἄλλοις
1996 1721 2166 1773 φαίνεται.
2186 1723 2266 1760 Ὀὐ
2285 1721 2353 1773 γὰρ
2372 1722 2421 1771 τῷ

1394 1786 1454 1821 τοῦ
1484 1782 1663 1834 γεγονότος
1699 1781 1860 1833 μεγέθει,
1892 1783 1983 1821 ἀλλὰ
2009 1785 2053 1835 τῇ
2079 1786 2138 1822 τοῦ
2171 1783 2422 1836 διαμαρτόντος

1395 1843 1475 1895 ἀξία
1504 1843 1567 1889 τὴν
1589 1843 1764 1895 ἁμαρτίαν
1795 1847 1977 1896 μετροῦσιν
2006 1843 2167 1887 ἅπαντες.
2190 1844 2260 1883 Καὶ
2285 1845 2336 1882 δεῖ
2363 1843 2421 1882 τὸν

1396 1905 1493 1956 ἱερέα
1522 1903 1683 1956 καθάπερ
1701 1903 1792 1942 τισὶν
1815 1904 2060 1955 ἀδαμαντίνοις
2079 1904 2199 1948 ὅπλοις
2220 1904 2423 1957 πεφράχθαι

1397 1967 1566 2005 πάντοθεν
1593 1968 1636 2018 τῇ
1666 1982 1704 2004 τε
1733 1966 1885 2019 συντόνῳ
1919 1967 2055 2018 σπουδῇ
2095 1966 2156 2005 καὶ
2198 1968 2242 2018 τῇ
2274 1967 2425 2013 διηνεκεῖ

1397 2028 1478 2079 περὶ
1505 2027 1562 2066 τὸν
1592 2028 1666 2078 βίον
1695 2027 1818 2079 νήψει,
1845 2027 2013 2066 πάντοθεν
2041 2031 2344 2079 περισκοποῦντα,
2372 2026 2423 2078 μή

1397 2089 1464 2128 πού
1493 2105 1545 2132 τις
1575 2088 1704 2140 γυμνὸν
1736 2088 1847 2141 εὑρὼν
1880 2089 1985 2127 τόπον
2017 2088 2078 2127 καὶ
2104 2087 2422 2140 παρημελημένον,

1398 2150 1513 2202 πλήξῃ
1540 2149 1680 2201 καιρίαν
1718 2150 1870 2201 πληγήν.
1898 2150 2036 2192 Πάντες
2064 2148 2132 2201 γὰρ
2172 2148 2425 2202 περιεστήκασι

1398 2209 1415 2233 ¹²
1435 2214 1569 2264 τρῶσαι
1601 2211 1735 2261 ἕτοιμοι
1767 2211 1827 2249 καὶ
1856 2210 2091 2257 καταὸαλεῖν,
2121 2212 2160 2249 οὗ
2188 2212 2258 2248 τῶν
2291 2212 2425 2262 ἐχθρῶν

1401 2273 1504 2323 μόνον
1533 2274 1593 2312 καὶ
1621 2273 1797 2323 πολεμίων
1811 2302 1821 2320 ,
1849 2271 1940 2311 ἀλλὰ
1968 2272 2028 2310 καὶ
2060 2274 2173 2311 αὐτῶν
2202 2271 2327 2311 πολλοὶ
2357 2273 2427 2310 τῶν

1400 2335 1710 2389 προσποιουμένων
1726 2334 1854 2387 φιλίαν.

1453 2396 1628 2440 Τοιαύτας
1653 2390 1710 2434 οὖν
1730 2396 1955 2446 ἐπιλέγεσθαι
1983 2395 2035 2433 δεῖ
2053 2392 2189 2447 ψυχὰς,
2209 2387 2265 2432 οἷα
2294 2392 2339 2432 τὰ
2358 2396 2427 2433 τῶν

1401 2459 1509 2510 ἁγίων
1537 2458 1676 2498 ἐκείνων
1703 2457 1863 2502 ἀπέδειξε
1889 2456 2041 2507 σώματα
2059 2459 2082 2503 ἡ
2109 2459 2170 2496 τοῦ
2197 2457 2292 2495 Θεοῦ
2321 2455 2427 2508 χάρις

1403 2523 1438 2560 ἐν
1467 2523 1512 2572 τῇ
1546 2519 1755 2574 theutonia}
1784 2518 1921 2571 καμίνῳ
1949 2517 2047 2557 ποτέ.
2077 2519 2131 2557 Οὐ
2156 2517 2225 2570 γὰρ
2254 2516 2428 2567 κληματίς

1402 2583 1461 2621 καὶ
1479 2581 1590 2620 πίσσα
1607 2581 1666 2619 καὶ
1693 2587 1882 2619 στυππεῖον
1901 2583 1923 2625 ἡ
1944 2583 2004 2617 τοῦ
2023 2578 2129 2630 πυρὸς
2150 2577 2271 2616 τούτου
2292 2576 2403 2629 τροφ·>1
2415 2608 2425 2622 ,

1402 2642 1494 2682 ἀλλὰ
1520 2641 1609 2681 πολὺ
1638 2642 1767 2680 τούτων
1789 2639 2021 2693 χαλεπωτέρα
2040 2653 2048 2662 ·
2069 2639 2146 2677 ἐπεὶ
2172 2638 2261 2688 μηδὶ
2289 2642 2360 2692 πῦρ
2388 2638 2429 2677 τὸ

1403 2704 1567 2749 αἰσθητὸν
1591 2702 1774 2741 ὑπόκειται
1794 2703 1915 2748 ἐκεῖνο,
1936 2700 2014 2739 ἀλλ’
2032 2703 2054 2747 ἡ
2076 2699 2265 2752 παμφάγος
2283 2699 2427 2743 οαὐτοὺς

1401 2768 1465 2811 τῆς
1504 2763 1695 2815 βασκανίας
1738 2762 2034 2816 περιστοιχίζεται
2069 2761 2176 2813 φλὸξ,
2207 2761 2426 2814 πανταχόθεν

1404 2825 1595 2879 αἰρομένη,
1618 2825 1678 2862 καὶ
1699 2823 1945 2875 ἀκριὸέστερον
1960 2824 2071 2861 αὐτῶν
2100 2823 2246 2861 ἐπιοῦσα
2264 2822 2323 2861 καὶ
2351 2823 2427 2862 διε·

1405 2885 1600 2939 ρευνωμένη
1635 2885 1692 2924 τὸν
1727 2884 1802 2935 βίον
1845 2884 1867 2929 ἢ
1903 2884 1942 2922 τὸ
1969 2887 2040 2935 πῦρ
2079 2883 2159 2921 τότε
2189 2885 2258 2920 τῶν
2292 2882 2427 2922 παίδων

1403 2947 1542 2987 ἐκείνων
1557 2945 1602 2984 τὰ
1631 2945 1794 2995 σώματα.
1812 2944 1928 2983 Ὅταν
1950 2939 2007 2982 οὖν
2029 2943 2111 2995 εὕρῃ
2142 2943 2306 2994 καλάμης
2333 2943 2428 2996 ἴχνος

1404 3009 1548 3060 μικρὸν,
1575 3005 1835 3057 προσπλέκεται
1868 3005 2013 3056 ταχέως·
2048 3004 2109 3043 καὶ
2139 3004 2180 3042 τὸ
2209 3003 2272 3053 μὲν
2299 3004 2428 3057 σαθρὸν

1404 3072 1514 3109 ἐκεῖνο
1529 3069 1724 3107 κατέκαυσε
1746 3066 1870 3119 μέρος,
1890 3066 1954 3111 τὴν
1973 3065 2008 3103 δὲ
2029 3064 2156 3112 λοιπὴν
2176 3064 2318 3103 ἅπασαν
2340 3064 2357 3086 ‘¹
2370 3066 2427 3104 ol-

1403 3130 1575 3181 κοδομὴν,
1594 3129 1658 3167 κᾶν
1676 3131 1743 3166 τῶν
1759 3128 1916 3172 ἡλιακῶν
1931 3126 2081 3164 ἀκτίνων
2097 3125 2327 3178 λαμπροτέρα
2341 3119 2427 3165 οὖσα

1403 3193 1511 3245 τύχῃ,
1532 3193 1592 3230 ἀπ’
1612 3190 1742 3229 ἐκείνου
1764 3191 1824 3227 τοῦ
1845 3190 1979 3226 καπνοῦ
1999 3186 2211 3239 προσίφλεξι
2228 3187 2287 3226 καὶ
2303 3186 2424 3238 ἠμαύ-

1464 3332 1477 3347 ‘
1501 3320 1561 3353 Alii
1579 3324 1667 3354 αὑτόν
1680 3346 1687 3357 ,
1703 3317 1756 3351 olii
1775 3320 1890 3354 αὐτοὺς.

1463 3374 1480 3399 ἃ
1504 3373 1565 3406 Alli
1578 3377 1747 3416 οἰκονομίαν
1759 3397 1768 3411 ,
1782 3368 1838 3403 ulii
1855 3371 2038 3412 οἰκοδομίαν.
