2253 3830
0 3669 7 3830 z

423 257 496 319 D.
546 253 973 320 BERNARDI
1024 257 1133 320 DE
1193 252 1788 324 MONTFAUCON

59 497 813 605 EPISTOLA
893 493 2145 604 NUNCUPATORIA.

498 971 972 1022 ILLUSTRISSIMO
1009 970 1094 1016 ET
1130 966 1729 1016 EXCELLENTISSIMO

356 1181 1190 1274 ALEXANDRO
1283 1176 1865 1281 ALBANO‚

130 1442 306 1489 EQUITI
335 1441 538 1482 ORDINIS
569 1435 1059 1480 HIEROSOLYMITANI,
1092 1432 1273 1472 MAGNO
1302 1430 1593 1471 BAJULATUS
1624 1428 1871 1469 ARMENIAE
1900 1427 2090 1475 PRIORI,

285 1640 578 1674 SANCTISSIMI
609 1638 772 1671 DOMINI
805 1636 973 1670 NOSTRI
999 1636 1041 1669 D.
1069 1633 1325 1667 CLEMENTIS
1349 1632 1473 1664 PAPAE
1496 1631 1546 1663 XI
1578 1630 1770 1663 FRATRIS
1796 1630 1936 1663 FILIO.

128 1840 287 1887 Sancti
317 1840 516 1887 Joannis
546 1838 876 1903 Chrysostomi
913 1852 1057 1901 opera
1087 1844 1143 1881 ut
1174 1835 1292 1892 tibi,
1318 1835 1406 1882 Via
1450 1835 1888 1889 PRAESTANTlsslME,
1913 1844 2171 1892 nuncupa-

66 1929 195 1970 rem,
222 1930 320 1960 non
357 1930 454 1960 una
492 1930 568 1960 me
604 1929 746 1960 causa
785 1912 973 1976 impulit
998 1931 1007 1956 ε
1036 1909 1097 1957 ad
1132 1908 1409 1971 hujusmodi
1435 1908 1717 1970 obsequium
1743 1905 1826 1952 tibi
1849 1904 2174 1968 praestandum

63 2004 138 2034 me
165 1988 353 2051 publica
388 1989 608 2036 movebat
648 1989 803 2046 fama,
826 2005 920 2051 qua
954 1996 1107 2034 totum
1148 2002 1232 2048 per
1264 1984 1429 2030 orbem
1462 1983 1815 2039 Christianum,
1839 1981 1974 2043 quasi
1998 1981 2172 2026 artium

63 2072 108 2109 et
142 2063 502 2127 disciplinarum
545 2065 762 2111 omnium
803 2064 958 2111 cultor
993 2062 1198 2110 eximius
1238 2059 1510 2106 celebraris.
1535 2060 1598 2107 Ut
1631 2058 1759 2105 enim
1792 2071 1957 2102 omnes
1995 2054 2173 2118 ubique

63 2138 352 2201 pra-edicant,
375 2156 570 2203 unoque
595 2157 674 2187 ore
708 2139 996 2204 profitentur
1034 2138 1263 2193 universi,
1292 2151 1317 2181 a
1353 2135 1510 2199 primo
1533 2133 1803 2196 juventutis
1828 2132 1942 2177 flore
1977 2130 2103 2193 apud
2132 2141 2175 2176 te

65 2230 253 2276 semper
278 2214 493 2271 virtutis,
516 2230 662 2278 quam
686 2214 834 2260 aetatis
859 2213 946 2259 fuit
969 2227 1136 2258 cursus
1164 2210 1377 2256 celerior.
1405 2211 1513 2255 Non
1537 2208 1662 2255 ludis
1685 2217 1731 2254 et
1753 2206 1872 2270 jocis
1907 2221 2044 2268 puer,
2074 2222 2175 2251 non

63 2288 340 2334 scurrilibus
367 2289 567 2352 negotiis
590 2289 862 2335 adolescens
882 2325 894 2345 ,
920 2305 1019 2334 non
1043 2285 1270 2332 inanibus
1295 2285 1401 2330 vitae
1425 2283 1785 2331 oblectamentis
1809 2280 2174 2326 adolescentiam

62 2371 424 2426 praetergressus
455 2380 648 2426 operam
681 2364 851 2410 dedisti
874 2362 984 2409 :sed
1013 2378 1115 2408 eam
1135 2397 1147 2418 ,
1191 2376 1336 2423 quam
1374 2360 1452 2406 alii
1481 2360 1622 2421 longo
1661 2373 1899 2403 annorum
1935 2355 2174 2401 curriculo

60 2435 391 2499 adipiscuntur
413 2437 742 2482 maturitatem
782 2447 922 2500 atque
957 2435 1264 2499 sapientiam,
1304 2444 1349 2479 et
1371 2450 1491 2496 puer
1527 2431 1812 2488 exhibuisti,
1837 2440 1880 2476 et
1905 2429 2173 2476 adolescens

65 2524 187 2554 nova
204 2509 476 2555 accessione
499 2509 759 2566 decorasti,
786 2518 829 2555 et
857 2510 929 2554 vir
956 2509 1134 2554 mirum
1159 2515 1394 2569 quantum
1422 2506 1614 2551 auxisti.

128 2582 390 2630 Accedebat
424 2593 467 2630 et
502 2586 661 2647 patrui
700 2587 771 2631 tui
805 2586 887 2631 SS.
923 2584 1112 2630 Domini
1158 2582 1307 2628 nostri
1346 2580 1606 2626 Clementis
1641 2581 1776 2641 Papa}
1800 2579 1902 2634 XI,
1931 2580 2014 2639 qui
2042 2594 2173 2623 nunc

64 2658 287 2705 Ecclesia:
312 2660 496 2706 clavum
528 2662 715 2724 egregie
745 2661 1037 2714 moderatur,
1062 2658 1298 2720 judicium
1327 2678 1335 2701 :
1368 2656 1447 2702 illo
1473 2656 1647 2701 scilicet
1671 2654 1925 2699 consilium
1951 2663 2171 2698 nostrum

61 2733 385 2796 approbante,
409 2736 678 2798 nostrisque
712 2736 830 2782 votis
865 2744 1106 2781 annuente
1127 2770 1139 2789 ,
1169 2732 1227 2778 ad
1263 2733 1392 2777 hunc
1430 2730 1517 2776 tibi
1553 2729 1847 2774 vicennalcm
1887 2744 2172 2774 consecran-

65 2808 182 2854 dum
208 2810 416 2856 laborem
441 2811 657 2858 animum
686 2812 977 2875 appulimus.
1007 2810 1087 2856 lllc
1114 2825 1321 2871 namque.
1348 2816 1413 2864 tc,
1438 2806 1523 2853 Vin
1549 2805 1861 2856 Am›1,·ssm1÷.‚
1890 2820 1984 2849 non
2011 2804 2170 2849 minus

63 2883 122 2929 ab
158 2884 329 2931 indolis
363 2886 634 2949 proestantia
671 2886 851 2949 diligit,
878 2902 1025 2949 quam
1052 2901 1077 2931 a
1113 2886 1391 2946 cognatione
1419 2902 1429 2928 ε
1463 2881 1735 2926 institutum
1771 2879 1917 2941 probe
1943 2879 2170 2941 juvenem

64 2958 152 3004 sibi
171 2961 458 3021 gratulatur,
487 2961 779 3007 educationis
799 2962 1011 3007 fructum
1033 2977 1081 3005 se
1114 2959 1484 3005 cumulatissime
1506 2956 1738 3001 ‹lrmcterc
1766 2954 1993 2999 existimat
2017 2974 2028 3009 ;
2058 2971 2169 2999 cnm

65 3042 107 3077 te
131 3032 256 3078 videt
282 3049 335 3079 eo
360 3034 513 3080 studia
538 3036 699 3080 omnia
731 3035 948 3081 conferi-c
966 3071 978 3091 ,
1008 3044 1060 3080 ut,
1083 3044 1280 3079 cunctas
1305 3040 1426 3077 artes
1453 3040 1497 3075 et
1523 3029 1793 3091 disciplinas
1820 3029 2019 3080 excolas,
2048 3030 2170 3074 anti-

62 3108 256 3171 quitatis
283 3110 472 3171 vcstigia
495 3110 687 3156 secteris
705 3146 716 3165 ,
744 3119 1165 3156 nionumentm·um
1195 3116 1406 3151 veterum
1437 3104 1647 3149 festivam
1674 3103 1855 3164 copiam
1878 3103 2168 3163 quotidianis

62 3184 191 3228 curis
231 3184 599 3247 sumptibusque
640 3186 687 3230 in
728 3186 1002 3248 reipublica!
1043 3184 1256 3230 literariw
1293 3181 1670 3226 emolumentum
1707 3177 1920 3238 undiquc
1956 3179 2163 3239 colligas.

63 3255 251 3302 Gaudet
273 3258 414 3303 ctiam
443 3267 486 3303 te
512 3259 723 3304 moribus
748 3260 943 3323 integris
972 3259 1294 3322 religiosisque
1317 3264 1558 3307 ornatum,
1588 3253 1806 3297 comitati·
1827 3261 1865 3296 ct
1896 3251 2166 3297 bem-ticon-

67 3337 129 3374 tia
152 3342 434 3377 cunctorum
462 3333 646 3378 animos
679 3334 761 3378 tibi
789 3335 1056 3380 conciliare.

134 3402 419 3464 liujusmodi
448 3407 600 3450 virum
636 3406 829 3452 decebat
866 3408 911 3452 in
953 3408 1104 3451 fronti·
1130 3421 1328 3467 opi-runi
1355 3400 1676 3464 (llirysostonii
1701 3399 1915 3443 collocari
1947 3419 1954 3441 :
1983 3399 2063 3460 qui
2092 3398 2167 3442 lu-

71 3476 250 3523 hrivum
278 3477 539 3539 juventutis
565 3498 756 3528 cursum
795 3482 1024 3528 inosti-nso
1052 3492 1101 3525 ut
1131 3481 1205 3526 illi·
1234 3479 1348 3542 pede
1376 3476 1664 3530 ‹lcc11rrrri1,
1693 3474 1774 3535 qui
1803 3473 2164 3533 disciplinarum
