2513 3871
74 905 187 934 naith.
202 903 251 936 25.

68 1274 131 1303 Jaer.
158 1286 186 1315 7.
209 1273 255 1304 16.

68 1832 140 1861 Lu«.
161 1830 208 1860 16.
225 1839 255 1869 9.

276 279 370 328 9²⁰
681 276 718 306 S·

333 363 396 400 10.
428 361 511 398 llaec
539 369 657 397 autem
680 372 721 396 co
740 358 845 405 dico,
874 356 971 408 quod
997 357 1199 410 complures
1216 387 1227 403 ,

277 422 382 461 nobis
400 422 600 472 frequenter
624 418 901 458 admonentibus
920 427 960 457 ut
981 418 1050 457 sibi
1082 426 1232 457 caveant

278 483 494 535 vigilemque
512 511 525 527 ‚
559 480 745 533 negligunt
769 488 806 519 et
837 478 1119 519 admonitionem
1145 493 1233 519 ver-

274 552 355 582 tunt
378 543 414 581 in
430 543 554 580 risum.
570 542 628 580 Tu
648 540 753 588 mihi,
783 540 951 592 inquiunt
967 571 978 589 ‚
1000 540 1096 579 adsis
1115 541 1150 579 in
1169 540 1231 579 illo

273 603 344 654 die,
369 612 403 642 et
422 603 517 642 bono
535 616 614 641 sum
637 602 773 648 animo,
794 615 910 653 neque
925 601 1126 654 quidquam
1148 616 1228 640 me-

275 673 349 703 tuo.
386 665 543 703 Rursum
573 663 667 702 alius
695 679 703 700 ε
739 663 881 701 Patrem
906 692 918 712 ,
936 662 1054 714 inquit
1072 692 1083 712 ‚
1114 661 1231 702 habeo

275 734 485 779 martyrem.
505 725 551 764 Et
565 724 656 763 alius
679 739 686 760 :
713 727 849 773 Avum,
866 723 998 775 inquit,
1013 723 1127 762 habeo
1148 723 1229 776 epi-

274 800 435 840 scopum.
458 786 528 824 Atii
550 800 624 825 suae
643 785 788 824 familiae
818 785 908 823 alios
939 784 1126 837 objiciunt.
1150 785 1228 823 Fri·

274 847 361 900 gida
379 856 463 886 sunt
484 847 550 886 ista
567 847 677 886 verba
695 863 703 883 :
720 846 811 884 nihil
830 847 933 885 nobis
946 847 1099 885 aliorum
1116 846 1231 885 virtus

275 908 442 962 prodesse
468 908 614 947 valebit.
640 910 822 947 Memento
859 906 1043 959 virginum
1071 907 1230 955 illarum,

274 984 354 1022 quae
366 969 526 1022 quinque
535 968 738 1021 virginibus
754 982 821 1007 non
838 969 1147 1007 communicarunt
1160 968 1231 1007 ole-

276 1046 350 1080 um,
365 1031 425 1070 sed
444 1031 498 1069 hae
525 1031 691 1082 ingressae
707 1039 789 1069 sunt
818 1029 854 1068 in
872 1030 993 1082 sponsi
1016 1029 1229 1078 thalamum,

274 1092 345 1131 illae
366 1101 448 1131 sunt
467 1092 632 1132 exclusae.
652 1093 779 1144 lugens
795 1091 944 1141 bonum,
965 1091 1000 1129 in
1022 1091 1093 1130 tuis
1114 1090 1230 1143 ipsius

273 1152 464 1192 benefactis
482 1152 656 1191 collocare
667 1166 766 1205 spem
781 1151 926 1190 salutis:
945 1152 1020 1190 illic
1038 1152 1134 1190 enim
1154 1151 1231 1189 nul·

272 1213 328 1251 lus
358 1227 530 1265 umquam
549 1213 685 1251 amicus
716 1212 784 1250 erit
815 1211 967 1252 auxilio.
990 1214 1083 1251 Nam
1113 1212 1142 1250 si
1169 1211 1228 1250 hic

271 1273 366 1313 dixit
385 1274 562 1312 Dominus
589 1273 752 1313 Jeremiae
769 1288 778 1310 τ
797 1273 859 1311 Ne
873 1286 983 1325 roges
999 1287 1067 1324 pro
1083 1273 1229 1324 populo

271 1337 360 1383 hoc,
382 1335 440 1374 hic
471 1335 640 1387 inquam,
661 1334 723 1372 ubi
761 1334 796 1371 in
820 1342 994 1386 potestate
1025 1342 1143 1372 nostra
1175 1343 1228 1372 est

270 1397 381 1435 vitam
402 1405 556 1444 mutare,
572 1404 705 1447 quanto
721 1395 836 1447 magis
849 1393 944 1433 idem
959 1394 1100 1433 dicetur
1119 1394 1197 1432 illic
1209 1394 1228 1432 ?

267 1457 366 1505 Quid
381 1457 462 1496 ais?
472 1467 610 1510 patrem
626 1456 734 1495 habes
753 1465 948 1509 martyrem
961 1455 979 1494 Ρ
990 1455 1090 1494 Istud
1108 1456 1226 1508 ipsum

268 1518 387 1570 potius
402 1518 507 1556 saciet
521 1517 567 1556 ad
585 1519 786 1570 graviorem
808 1517 858 1556 tui
878 1516 1225 1565 condemnationem,

266 1580 343 1631 qui,
354 1593 435 1618 cum
448 1579 579 1618 habeas
592 1579 638 1618 ad
652 1579 823 1618 virtutem
838 1578 1002 1632 exempla
1015 1577 1225 1627 domestica,

267 1651 382 1679 tamen
400 1641 564 1693 teipsum
584 1641 776 1693 indignum
794 1641 972 1694 majorum
987 1649 1132 1679 tuorum
1150 1640 1227 1678 vir-

267 1711 342 1741 tute
355 1702 576 1755 praestiteris.
589 1704 723 1741 Verum
741 1701 850 1740 habes
864 1701 1021 1739 amicum
1041 1700 1224 1753 egregium

267 1763 609 1816 admirandumque.
630 1767 674 1802 At
688 1779 732 1802 ne
751 1763 815 1802 iste
831 1763 978 1814 quidem
993 1772 1076 1800 tunc
1092 1763 1158 1801 tibi
1175 1772 1227 1801 est

269 1825 468 1864 adfuturus.
482 1825 672 1872 Quomodo
693 1825 801 1877 igitur
822 1824 910 1863 dicit
930 1839 939 1863 ε
957 1826 1098 1862 Facite
1113 1826 1226 1863 vobis

269 1892 416 1925 amicos
444 1902 492 1926 es:
525 1900 750 1925 mammona
769 1888 1011 1937 iniquitatis,
1039 1893 1079 1923 ut
1097 1915 1107 1934 ,
1137 1899 1225 1923 cum

269 1949 504 2000 defeceritis,
518 1952 707 1999 recipIant
721 1960 793 1985 vos
807 1951 847 1984 in
861 1956 1006 1985 oeterna
1026 1947 1225 1985 habitacu-

271 2010 338 2047 la?
358 2010 436 2048 Non
454 2009 514 2047 hic
541 2018 592 2047 est
619 2008 773 2047 amicitia
795 2007 1025 2060 opitulatrix,
1044 2006 1104 2045 sed
1127 2007 1222 2046 elee-

270 2084 432 2123 mosyna.
461 2070 602 2108 Etenim
629 2071 659 2108 si
681 2070 755 2108 sola
788 2069 1025 2107 auxiliaretur
1048 2069 1224 2118 amicitia,

266 2130 458 2169 dicendum
472 2140 608 2169 tautum
621 2140 707 2177 erat,
720 2131 840 2169 Facite
850 2130 953 2168 vobis
963 2130 1114 2168 amicos:
1129 2144 1224 2169 nunc

266 2201 385 2230 autem
403 2191 590 2230 ostendens
605 2191 702 2243 quod
720 2205 787 2229 non
803 2191 877 2228 sola
899 2190 1085 2229 subveniat
1100 2191 1225 2229 amiei-

269 2254 328 2302 tia,
340 2253 481 2292 addidit
495 2255 559 2291 Ex
573 2267 793 2291 mammona
805 2254 1225 2305 iniquitatis.Aesortas-

266 2329 303 2353 sc
321 2313 454 2353 dixerit
472 2315 605 2366 aliquis
623 2331 630 2351 :
646 2315 794 2352 Possum
813 2323 848 2352 et
865 2315 998 2366 absque
1019 2329 1221 2354 mammona

265 2375 456 2414 conciliare
471 2377 626 2414 amicum
642 2406 651 2422 ,
674 2390 827 2427 eumque
846 2375 1029 2414 meliorem
1048 2391 1155 2428 quam
1176 2391 1221 2416 ex

267 2451 481 2476 mammona.
507 2440 642 2477 Vei-um
673 2438 722 2476 uti
753 2437 859 2475 scires
882 2437 976 2489 quod
998 2438 1221 2491 eleemosyna

264 2507 315 2535 cst
333 2513 411 2549 qua·
428 2498 668 2550 patrocinatur
687 2529 696 2543 ,
718 2513 878 2551 opusque
901 2508 1002 2537 tuum
1018 2515 1025 2534 :
1044 2513 1112 2537 non
1133 2500 1218 2538 sim-

266 2560 407 2612 pliciter
425 2561 459 2598 in
480 2569 682 2598 sanctorum
703 2560 894 2607 amicitiis,
912 2559 972 2598 sed
993 2561 1027 2599 in
1053 2561 1221 2601 amicitiis

267 2635 330 2672 per
349 2635 588 2659 mammonam
606 2621 716 2673 partis
739 2621 846 2673 jussit
872 2631 903 2659 te
921 2621 1115 2660 confidere.
1137 2623 1219 2663 llaec

267 2682 378 2731 igitur
397 2683 514 2720 omnia
535 2696 615 2721 cum
639 2683 804 2730 sciamus,
825 2682 1015 2730 carissimi,
1037 2684 1135 2722 omni
1150 2685 1220 2722 sol—

267 2744 452 2783 licitudine
472 2745 731 2798 prospiciamus
747 2744 850 2783 nobis
876 2744 977 2797 ipsis,
993 2754 1026 2782 et
1046 2745 1124 2785 sive
1140 2761 1218 2785 cot·-

267 2807 433 2858 ripimur,
448 2808 579 2859 gratias
599 2821 763 2859 agamus,
781 2807 856 2845 sive
873 2807 1106 2860 prosperitate
1125 2808 1217 2846 frui-

267 2882 368 2915 mur,
385 2869 589 2907 muniamus
608 2883 671 2907 nos
692 2869 789 2921 ipsos
807 2898 816 2914 ‚
836 2869 1060 2920 aliorumque
1079 2869 1219 2922 suppli-

266 2929 330 2967 ciis
346 2930 427 2968 sacti
447 2930 703 2980 castigatiores,
722 2944 784 2982 per
805 2929 1047 2981 poenitentiam
1069 2940 1102 2968 ct
1121 2944 1218 2970 com·

268 2991 507 3040 punctionem,
525 2990 801 3042 continuamque
817 2990 1068 3029 confessionem
1086 2992 1218 3043 gratias

266 3065 427 3099 agamus,
451 3062 483 3089 et
511 3053 536 3089 si
557 3051 645 3103 quid
664 3052 883 3103 deliquimus
902 3051 935 3089 in
960 3051 1025 3089 liae
1043 3052 1114 3090 vita
1128 3082 1137 3099 ,
1153 3052 1218 3090 ‹le-

268 3123 454 3163 pnueutes,
481 3129 688 3165 summoque
720 3113 842 3152 studio
872 3114 1021 3151 maculis
1047 3115 1217 3153 omnibus

266 3175 465 3212 auinmrum
514 3184 711 3213 nostrarum
760 3174 929 3212 abstersis
948 3204 958 3217 .
990 3175 1216 3214 observemus

272 3236 398 3279 hrum,
423 3245 458 3272 ut
479 3236 643 3274 ominibus
662 3236 744 3273 lniuc
769 3232 1027 3287 emigrantibus
1053 3236 1098 3274 ita
1127 3251 1213 3275 cun-

314 3379 325 3388 ·
353 3371 414 3403 Alii
431 3387 670 3416 πνραστςειται-

318 3436 327 3448 ⁸
352 3424 413 3455 Alii
428 3427 644 3466 ἐιντριίωμιν,
666 3433 695 3455 ιι
724 3425 821 3467 penult,
851 3435 924 3469 post
955 3431 1190 3469 iioflrtaioyrjetm
1209 3435 1256 3463 ut

271 3493 281 3510 c
304 3491 411 3521 ‘'5⁶¹¹“
428 3492 477 3514 2,·.
499 3492 543 3509 tut
563 3492 581 3508 t«
600 3492 635 3509 τι.

760 274 947 306 JOANMS
981 273 1225 306 CHRYSOST.
1265 274 1480 306 ARctssEP·
1515 274 1874 307 cONS'rANTtNOP.

1358 358 1484 396 Ταῦτα
1505 357 1542 397 δὲ
1572 358 1687 410 λέγω,
1713 358 1836 404 ἐπειδὴ
1871 359 1995 397 πολλοὶ
2022 358 2212 410 πολλάκις,
2229 364 2333 414 ἡμῶν

1303 419 1566 470 παραινούντων
1595 420 1782 473 προσέχειν
1809 422 1945 464 ἑαυτοῖς
1976 421 2036 460 καὶ
2058 421 2203 474 νήφειν,
2222 424 2331 474 ῥαθυ-

1305 483 1410 528 μοῦσι
1435 482 1495 519 καὶ
1521 483 1569 525 εἰς
1602 481 1739 534 γέλωτα
1768 481 1831 529 τὴν
1865 482 2076 534 παραίνεσιν
2095 481 2331 532 ἐκὸἄλλουσι,

1300 540 1480 593 λέγοντες·
1505 541 1547 580 σύ
1568 558 1635 593 μου
1658 542 1865 595 προστήσῃ,
1884 543 1989 594 φησὶ,
2013 545 2092 582 κατ’
2113 543 2251 590 ἐκείνην
2269 543 2333 592 τὴν

1302 602 1458 654 ἡμέραν·
1480 603 1540 642 καὶ
1565 605 1706 657 Οαῤῥῶ,
1738 605 1798 643 καὶ
1824 607 1863 643 οὖ
1885 605 2037 643 δέδοικα.
2060 604 2176 644 Πάλιν
2211 604 2332 655 ἄλλος,

1255 667 1280 697 Ε
1302 663 1438 715 πατέρα
1463 664 1627 717 μάρτυρα
1659 663 1754 716 ἔχω,
1784 665 1889 717 φησὶ,
1917 664 1977 703 καὶ
2012 664 2150 718 ἕτερος,
2185 664 2332 704 πάππον

1302 725 1511 764 ἐπίσκοπον·
1532 726 1633 765 ἄλλοι
1654 726 1761 765 πάλιν
1784 725 1862 770 τοὺς
1881 729 1944 773 τῆς
1965 725 2080 771 οἰκίας
2107 726 2243 771 πάντας
2269 728 2334 774 τῆς

1302 788 1436 825 ἑαυτῶν
1450 787 1727 840 προὸάλλονται.
1752 787 1859 826 Ἀλλὰ
1879 787 1997 826 πάντα
2014 786 2134 840 ψυχρὰ
2155 790 2267 826 ταῦτα
2287 787 2333 827 τὰ

1303 848 1462 900 ῥήματα·
1482 847 1648 901 οὐδὲγὰρ
1677 851 1772 899 ἡμᾶς
1800 853 1822 896 ἡ
1854 849 1982 901 ἑτέρων
2014 848 2122 901 ἀρετὴ
2149 849 2331 900 ὠφελῆσαι

1300 910 1378 948 τότε
1398 910 1596 956 δυνήσεται.
1616 911 1878 961 Ἀναμνήσθητι
1893 912 1963 949 τῶν
1978 910 2160 962 παρθένων
2176 907 2331 956 ἐκείνων,

1302 970 1340 1010 αἳ
1357 977 1433 1015 ταῖς
1461 971 1565 1010 πέντε
1595 972 1780 1024 παρθένοις
1797 972 1835 1010 οὗ
1863 971 2066 1023 μετέδωκαν
2098 974 2160 1010 τοῦ
2192 970 2329 1010 ἐλαίου·

1302 1031 1382 1071 ἀλλ’
1402 1033 1437 1070 αἱ
1458 1033 1522 1083 μὲν
1544 1034 1705 1078 εἰσῆλθον
1738 1034 1786 1076 εἶς
1815 1033 1874 1071 τὸν
1903 1035 2095 1085 νυμφῶνα,
2115 1034 2152 1071 αἱ
2183 1031 2218 1070 δὲ
2238 1032 2331 1069 ἀπε-

1301 1094 1526 1141 κλείσθησαν.
1558 1094 1661 1146 Μέγα
1689 1094 1818 1145 ἀγαθὸν
1836 1095 1871 1132 ἐν
1900 1100 1971 1138 τοῖς
1991 1093 2130 1138 οἰκείοις
2145 1092 2330 1144 κατορθώ-

1301 1170 1389 1204 μασι
1416 1155 1478 1199 τὰς
1506 1155 1651 1198 ἐλπίδας
1670 1158 1731 1201 τῆς
1752 1156 1930 1207 σωτηρίας
1950 1155 2062 1207 ἔχειν·
2083 1155 2181 1206 φίλος
2201 1153 2236 1191 δὲ
2257 1155 2330 1192 ἐκεῖ

1299 1215 1408 1259 οὐδεὶς
1441 1216 1609 1254 οὐδέποτε
1627 1217 1875 1267 ςπροΐσταται.
1899 1218 1942 1255 Ei
1969 1216 2038 1268 γὰρ
2067 1216 2215 1255 ἐνταῦθα’
2243 1230 2329 1267 φησι

1241 1279 1350 1331 Ἰωτῷ
1372 1275 1527 1330 Ἱερεμίᾳ
1542 1306 1552 1324 ,
1572 1275 1635 1323 Μὴ
1665 1276 1760 1321 ἀξίου
1787 1277 1868 1328 περὶ
1895 1280 1956 1314 τοῦ
1974 1278 2060 1315 λαοῦ
2086 1277 2228 1325 τούτου,
2248 1278 2330 1316 ἔνθα

1252 1343 1277 1372 Α
1299 1336 1414 1388 κύριοι
1447 1340 1507 1376 τοῦ
1543 1336 1829 1387 μεταὸαλέσῡαι·
1863 1338 1986 1389 πολλῷ
2018 1338 2153 1388 μᾶλλον
2178 1339 2262 1376 ἐκεῖ.
2280 1337 2330 1376 Τι’

1297 1398 1433 1449 λέγεις,
1467 1398 1605 1450 πατέρα
1639 1397 1802 1450 μάρτυρα
1833 1398 1943 1451 ἔχεις
1977 1399 2071 1438 Αὐτὸ
2101 1397 2164 1449 μὲν
2196 1392 2254 1437 οὖν
2288 1413 2329 1437 σε

1296 1463 1397 1498 τοῦτο
1418 1459 1575 1510 μάλιστα
1606 1459 1847 1498 καταδικάσαι
1878 1460 2064 1507 δυνήσεται
2093 1460 2223 1508 πλέον,
2243 1460 2326 1498 ὅταν

1295 1522 1428 1559 οἴκοθεν
1447 1520 1537 1573 ἔχων
1567 1520 1611 1559 τὰ
1630 1520 1904 1574 παραδείγματα
1923 1524 1987 1568 τῆς
2017 1523 2164 1573 ἀρετ-ἧς,
2185 1520 2327 1565 ἀνάξιον

1296 1581 1441 1620 σεαυτὸν
1471 1585 1534 1629 τῆς
1575 1586 1787 1634 προγονικῆς
1819 1583 2010 1635 παράσχῃς
2041 1585 2181 1635 ἀρετῆς.
2219 1582 2327 1622 Ἀλλὰ

1296 1643 1396 1695 φίλον
1414 1643 1507 1696 ἔχεις
1535 1650 1691 1695 γενναῖον
1710 1644 1770 1682 καὶ
1790 1644 2010 1694 θαυμαστόνς
2035 1645 2128 1682 Οὐδὲ
2153 1637 2252 1688 οὗτός
2270 1659 2327 1683 σοι

1296 1705 1565 1757 παραστήσεται
1586 1704 1677 1746 τότε,
1709 1706 1791 1749 Πῶς
1821 1699 1880 1744 οῧν
1912 1721 2018 1758 φησι,
2041 1705 2223 1754 Ποιήσατε
2243 1709 2325 1756 ὑμῖν

1296 1766 1414 1817 φίλους
1434 1768 1474 1805 ἐκ
1495 1771 1555 1804 τοῦ
1575 1773 1760 1817 μαμμωνᾶ
1776 1770 1838 1813 τῆς
1858 1767 2016 1815 ἀδικίας,
2045 1766 2091 1804 ἵν’
2115 1767 2200 1806 ὅταν
2228 1767 2325 1805 ε’κλί-

1296 1842 1386 1874 πητε
1400 1857 1409 1875 ,
1440 1827 1605 1872 δέξωνται
1627 1831 1717 1878 ὑμᾶς
1743 1829 1790 1871 εἷς
1810 1829 1872 1871 τὰς
1892 1828 2049 1871 αἰωνίους
2077 1829 2225 1875 σκηνάςς
2244 1830 2324 1881 Οὐχ

1294 1894 1316 1936 ἡ
1338 1889 1436 1941 φιλία
1456 1889 1549 1928 ἐστὶν
1570 1892 1719 1928 ἐνταῦθα
1736 1893 1758 1936 ἡ
1788 1890 2030 1942 προϊσταμένη
2044 1920 2054 1938 ,
2075 1889 2153 1928 ἀλλ’
2175 1892 2195 1935 ἡ
2220 1891 2325 1936 ἐλεη-

1250 1957 1273 1988 Β
1296 1950 1443 2000 μοσύνη.
1456 1950 1542 1990 Ἐὰν
1557 1950 1625 2004 γὰρ
1641 1954 1662 1998 ἡ
1676 1950 1774 2003 φιλία
1790 1951 1879 2002 μόνη
1893 1950 2103 2004 προΐστατο,
2120 1952 2190 1989 ἔδει
2205 1952 2326 1994 ἁπλῶς

1296 2013 1427 2059 εἰπεῖν,
1447 2012 1620 2060 ποιήσατε
1647 2016 1729 2063 ὑμῖν
1760 2013 1900 2064 φίλους·
1925 2013 1998 2050 νυνὶ
2032 2013 2067 2052 δὲ
2101 2011 2324 2059 δεικνὺς,ὅτι

1295 2074 1397 2124 οὖχὴ
1418 2072 1518 2125 φιλία
1539 2073 1629 2125 μόνη
1656 2073 1887 2126 προΐσταται,
1914 2074 2132 2126 προσέθηκεν
2146 2105 2155 2123 ,
2177 2075 2244 2112 Ἐκ
2264 2079 2325 2114 τοῦ

1295 2141 1480 2185 μαμμωνδί
1502 2137 1563 2181 τῆς
1581 2135 1730 2179 ἀδικίας.
1759 2135 1881 2174 Καίτοι
1910 2136 1991 2179 ἴσως
2015 2135 2105 2175 εἴποι
2122 2151 2174 2179 τις
2192 2136 2252 2185 ἂν,
2269 2135 2323 2174 ὅτι

1295 2195 1446 2247 δύναμαι
1475 2197 1584 2249 χωρὶς
1619 2201 1679 2236 τοῦ
1715 2203 1899 2247 μαμμωνᾶ
1936 2199 2082 2243 ποιῆσαι
2112 2198 2231 2250 φίλον,
2263 2199 2322 2236 καὶ

1295 2257 1567 2308 σπουδαιότερον
1600 2256 1799 2308 μᾶλλον,ἢ
1832 2258 1889 2295 διὰ
1920 2261 1979 2296 τοῦ
2013 2259 2323 2309 μαμμιι)νᾶ’.Ὰλλ’

1292 2318 1348 2355 ἵνα
1382 2318 1497 2370 μάθῃς
1527 2318 1579 2357 ὅτι
1611 2319 1829 2368 ἐλεημοσύνη
1868 2319 1962 2358 ἐστὶν
1998 2322 2020 2365 ἡ
2055 2320 2320 2373 προϊσταμένη,

1295 2379 1354 2416 καὶ
1382 2379 1421 2417 τὸ
1452 2380 1552 2431 ἔργον
1581 2380 1620 2417 τὸ
1653 2381 1713 2418 σὸν
1757 2379 1816 2418 καὶ
1849 2380 1888 2418 τὸ
1923 2380 2161 2434 κατόρθωμα,
2192 2383 2255 2419 οὐκ
2286 2383 2323 2419 ἐν

1293 2447 1370 2483 ταῖς
1398 2441 1530 2493 φιλίαις
1552 2448 1627 2484 ταῖς
1655 2444 1724 2479 τῶν
1756 2441 1865 2493 ἁγίων
1903 2443 2044 2490 ἁπλῶς,
2071 2443 2149 2481 ἀλλ’
2177 2443 2213 2481 ἐν
2245 2448 2322 2485 ταῖς

1293 2502 1424 2553 φιλίαις
1444 2509 1520 2547 ταῖς
1538 2503 1594 2541 διὰ
1615 2507 1674 2541 τοῦ
1707 2509 1892 2554 μαμμωνᾶ
1911 2503 2109 2555 γινομέναις
2136 2502 2254 2542 ἔπεισέ
2282 2517 2322 2542 σε

1294 2567 1448 2616 θαρρεῖν.
1470 2564 1582 2618 Ἄπερ
1599 2559 1656 2603 οὖν
1679 2565 1818 2602 ἅπαντα
1839 2564 1987 2610 εἰδότες,
2006 2564 2196 2616 ἀγαπητοὶ,
2207 2578 2322 2616 προσ-

1293 2626 1432 2677 έχωμεν
1460 2628 1595 2670 ἑαυτοῖς
1626 2626 1716 2675 μετὰ
1748 2625 1928 2677 ἀκριὸείας
1955 2627 2112 2671 ἁπάσης·
2133 2625 2198 2663 κᾶν
2217 2627 2322 2664 κολα·

1293 2688 1456 2736 ζώμεῠα,
1488 2689 1775 2739 εὖχαριστῶμεν·
1807 2686 1871 2724 κᾶν
1902 2688 1938 2724 ἐν
1971 2686 2139 2738 εὐημερίᾳ
2166 2685 2322 2737 'saiw--

1298 2764 1374 2797 μεν,
1389 2747 1661 2800 ἀσφαλιζώμεθα
1673 2747 1826 2792 ἑαυτοὺς,
1839 2747 1898 2785 καὶ
1910 2753 1985 2790 ταῖς
1998 2747 2124 2800 ἐτέρων
2137 2746 2323 2798 τιμωρίαις

1295 2808 1604 2860 σωφρονιζόμενοι,
1625 2808 1684 2846 διὰ
1717 2808 1900 2858 μετανοίας
1931 2808 1990 2846 καὶ
2023 2808 2244 2852 κατανύξεως
2262 2809 2322 2847 καὶ

1295 2872 1460 2920 συνεχοῦς
1489 2868 1771 2919 ἐξομολογησεως
1802 2871 2087 2921 εὐχαριστῶμεν·
2126 2869 2186 2908 καὶ
2223 2870 2255 2908 εί
2287 2885 2323 2907 τι

1294 2930 1597 2981 πεπλημμέληται
1615 2930 1707 2968 κατὰ
1725 2930 1784 2968 τὸν
1804 2931 1960 2981 παρόντα
1995 2931 2069 2982 βίον
2094 2935 2179 2981 ἡμῖν
2195 2960 2206 2980 ,
2228 2932 2322 2969 ἀπο·

1294 2992 1451 3043 Οέμενοι,
1469 2992 1528 3030 καὶ
1560 2991 1647 3042 μετὰ
1678 2993 1811 3037 πολλῆς
1841 2995 1902 3037 τῆς
1931 2995 2085 3039 σπουδῆς
2116 2998 2231 3031 πᾶσαν
2261 2996 2322 3038 τῆς

1292 3056 1407 3106 ψυχῆς
1426 3056 1528 3104 ἡμῶν
1559 3054 1824 3102 ἀποσμήξαντες
1852 3054 1914 3099 τὴν
1932 3055 2080 3100 κηλῖδα,
2100 3057 2321 3106 παρακαλῶ-

1295 3132 1358 3166 μεν
1378 3116 1436 3154 τὸν
1456 3115 1548 3153 Θεὸν
1569 3114 1785 3159 καταξιῶσαι
1800 3115 1932 3159 πάντας
1951 3117 1967 3141 ¹²
1980 3119 2072 3166 ἡμᾶς
2084 3118 2238 3154 ἐντεῦθεν
2254 3117 2323 3154 δια-

1294 3177 1534 3227 λυσαμένους,
1557 3176 1664 3220 οὖτως
1700 3177 1863 3214 ἀπελθεῖν
1896 3179 2031 3220 ἐκεῖσε,
2061 3177 2118 3215 ἵνα
2151 3177 2200 3227 μὴ
2232 3176 2322 3226 μετὰ

1293 3242 1353 3276 τοῦ
1376 3238 1562 3285 πλουσίου,
1582 3239 1670 3276 ἀλλὰ
1697 3237 1787 3287 μετὰ
1818 3240 1875 3275 τοῦ
1900 3238 2059 3290 ,λαζοίρου
2086 3242 2153 3276 τῶν
2173 3241 2233 3276 τοῦ
2253 3253 2318 3276 πα-

1377 3376 1393 3402 Ι·
1420 3376 1473 3407 sic
1491 3386 1605 3407 omncs
1622 3376 1697 3408 Mas.
1715 3384 1814 3418 atque
1842 3378 1885 3408 ita
1914 3375 2014 3408 Snxil.
2038 3378 2068 3408 in
2089 3389 2191 3419 marg.
2213 3377 2319 3411 tuter-

1333 3440 1405 3470 prrs
1423 3440 1554 3471 apioque
1573 3430 1617 3460 ita
1637 3429 1726 3470 tegit.
1748 3428 1847 3462 smil.
1869 3431 1900 3462 in
1928 3438 2018 3462 tutu
2034 3439 2066 3462 et
2088 3428 2200 3462 Morti.
2222 3437 2320 3465 πάντα

1331 3487 1459 3516 dura-'20²
1476 3484 1718 3524 otahwphofg.
