2549 3825
1001 295 1057 324 DF.
1094 294 1399 329 leGIMTATE.

176 376 348 422 τοσαύτην
395 374 629 421 ὑποστήσεται
668 373 866 425 τιμωρίαν,
901 378 920 412 ὁ
953 375 1016 420 τὴν
1055 376 1198 427 θολερὰν

177 435 374 487 ἀνατροπὴν
392 435 525 487 ἕκχέων
553 437 600 478 εἷς
618 434 682 478 τὰς
712 437 781 472 τῶν
815 435 1056 486 ἀφελεστέρων
1082 436 1201 488 ψυχὰς

2136 283 2226 343 547

1276 389 1409 418 mentes
1425 380 1691 419 subversionem
1708 380 1891 418 turbidam
1907 377 2092 417 effundat?
2107 378 2147 416 Si
2162 377 2227 428 qui

1274 440 1441 491 exiguam
1456 442 1546 493 ejus,
1562 455 1640 492 quae
1653 441 1849 480 secundum
1864 440 1978 491 legem
1992 448 2078 485 erat,
2094 438 2229 476 exerci-

175 497 265 540 τίνος
281 499 342 535 οὐκ
361 496 459 535 ἔσται
481 496 656 540 κολάσεως
676 495 788 542 ἄξιος;
805 497 850 534 Εἰ
871 495 974 547 μέρος
995 497 1117 547 μικρὸν
1137 500 1199 542 τῆς
1211 529 1260 558 284
1275 501 1416 538 tationis
1432 511 1567 553 partem
1578 501 1750 548 succidat,
1765 500 2002 539 inexorabiles
2013 513 2135 552 poenas
2149 512 2228 536 sus-

176 557 267 597 κατὰ
295 557 400 607 νόμον
439 556 620 604 ἀσκήσεως
657 556 935 607 ὖποτεμνόμενός
964 572 1016 599 τις
1048 557 1201 607 ἀπαραί-
1224 571 1250 598 Α
1275 560 1378 598 tinet:
1399 563 1459 612 qui
1480 562 1750 600 sanctimoniam
1768 562 1860 599 hane
1879 575 2019 598 omnem
2035 560 2226 607 convellat,

176 634 281 664 τητον
326 618 398 670 ἔχει
430 617 492 664 τὴν
526 618 689 666 κόλασιν,
709 620 727 655 ὃ
762 617 825 663 τὴν
860 616 1056 667 ἁγιωσύνην
1093 616 1202 662 αὐτὴν

177 678 365 729 ὁλόκληρον
400 678 585 731 διασύρων,
616 677 694 716 τίνα
730 677 843 729 ὑφέξει
880 677 998 724 δίκην,
1029 676 1116 715 Ἐάν
1149 692 1202 719 τις

179 740 411 791 σκανδαλίσῃ,
433 739 560 791 φησὶν,
588 739 649 778 ἕνα
675 741 744 777 τῶν
776 741 911 791 μικρῶν
933 737 1083 786 τούτων,
1113 754 1202 789 συμ-

180 799 276 852 φέρει
306 802 421 851 αὐτῷ,
444 799 502 837 ἵνα
536 798 641 849 μύλος
668 798 780 842 ὀνικὸς
798 795 1000 850 ὲκρεμασθῇ
1035 799 1116 851 περὶ
1143 799 1200 837 τὸν

179 859 354 914 τράχηλον
375 862 490 906 αὐτοῦ,
505 860 564 898 καὶ
583 863 843 911 καταποντισθῇ
865 861 912 902 εἷς
929 859 992 905 τὴν
1009 860 1200 911 θάλασσαν,

179 921 228 960 Τί
248 915 306 959 οῦν
324 920 478 964 λέξουσιν
497 923 528 958 οἱ
547 920 604 958 διὰ
623 923 691 958 τῶν
714 919 880 973 ῥημάτων
899 919 1029 958 τούτων
1050 921 1115 972 οὔχ
1141 921 1202 958 ἕνα

179 982 316 1033 μικρὸν,
344 980 436 1019 ἀλλὰ
456 980 601 1024 πολλοὺς
632 980 933 1028 σκανδαλίζοντες;
952 979 1071 1019 “Oxou
1098 981 1201 1032 γὰρὸ

177 1043 234 1081 τὸν
255 1042 400 1092 ἀδελφὸν
420 1042 537 1079 καλῶν
557 1041 693 1092 μωρὸν,
714 1040 818 1093 ὀρθὴν
846 1040 903 1079 ἐπὶ
922 1041 961 1079 τὸ
982 1044 1045 1087 τ’ἥς
1062 1041 1203 1092 γεέννης

176 1102 422 1154 ἀπαχθήσεται
436 1105 519 1155 πῦρ,
535 1104 553 1139 ὁ
569 1100 632 1147 τὴν
653 1102 834 1152 ἷσάγγελον
851 1101 982 1148 ταύτην
1000 1103 1200 1140 διαὸάλλων

173 1163 352 1202 πολιτείαν
397 1162 511 1209 πόσην
560 1162 667 1214 ὀργὴν
716 1161 951 1201 ἐπισπάσεται
994 1163 1087 1202 κατὰ
1138 1167 1202 1210 τῆς

174 1226 296 1263 ἑαυτοῦ
329 1226 503 1275 κεφαλῆς,
534 1223 761 1276 Κατεγέλασέ
787 1240 873 1262 ποτε
900 1227 961 1262 τοῦ
982 1224 1198 1271 Μωϋσέωςή

173 1285 349 1338 Μαριὰμ,
368 1288 434 1337 οὐχ
453 1284 561 1328 οὕτως
593 1287 640 1329 ὡς
671 1288 734 1332 τῆς
768 1284 956 1338 παρθενίας
986 1289 1046 1323 νῦν
1079 1288 1200 1336 ὑμεῖς,

174 1348 266 1387 ἀλλὰ
292 1348 411 1398 πολλῷ
430 1346 574 1385 ἔλαττον
594 1346 654 1385 καὶ
674 1346 941 1398 ἐπιεικέστερον.
962 1348 1015 1385 Οὐ
1034 1346 1103 1397 γὰρ
1131 1347 1202 1385 διέ-

177 1424 258 1460 συρε
283 1408 341 1445 τὸν
370 1406 598 1459 ἄνδρα,·οὒὸὲ
617 1406 788 1459 ἕχλεύασε
819 1406 882 1453 τὴν
904 1406 1030 1458 ἀρετὴν
1055 1407 1119 1453 τὴν
1138 1411 1198 1446 τοῦ

178 1468 351 1520 μακαρίου
370 1468 449 1506 τότε
473 1468 604 1506 ἐκείνου
617 1497 626 1514 ,
651 1467 742 1506 ἀλλὰ
762 1466 822 1505 καὶ
842 1467 975 1519 σφόδρα
1002 1467 1198 1518 ἐθαύμασε·

175 1534 338 1568 τοσοῦτον
367 1529 403 1568 δὲ
433 1522 509 1567 εἷπε
544 1529 647 1579 μόνον
680 1528 733 1566 ὅτι
769 1528 829 1566 καὶ
863 1528 948 1574 αὐτὴ
984 1531 1053 1566 τῶν
1086 1530 1199 1567 αὐτῶν

176 1589 379 1636 ἀπήλαυσεν
409 1583 525 1642 ὧνπερ
544 1591 691 1632 ἐκεῖνος·
713 1590 790 1627 ἀλλ’
811 1588 906 1639 ὅμως
939 1589 1047 1633 οὕτως
1079 1589 1199 1634 ἐξεκα-

175 1650 302 1689 λέσατο
327 1653 387 1688 τοῦ
408 1652 500 1688 Θεοῦ
527 1649 590 1695 τὴν
619 1649 748 1702 ὀργὴν,
770 1652 816 1692 ὡς
843 1649 920 1687 οὐδὲ
940 1650 1043 1688 αὐτοῦ
1065 1650 1196 1688 ἐκείνου

175 1713 235 1748 τοῦ
264 1711 442 1754 δοκοῦντος
468 1710 631 1761 ὑδρίσθαι
652 1709 766 1748 πολλὰ
791 1711 1078 1761 παρακαλοῦντος
1099 1711 1197 1760 γενέ-

174 1775 254 1810 σθαι
273 1787 307 1809 τι
325 1771 448 1818 πλέον,
466 1770 557 1809 ἀλλὰ
578 1770 638 1808 καὶ
656 1770 854 1822 περαιτέρω
872 1772 935 1816 τῆς
954 1769 1084 1808 ἐκείνου
1105 1769 1198 1823 γνώ-

175 1847 244 1882 μης
263 1833 470 1878 ἐπιταθῆναι
487 1832 550 1878 τὴν
569 1830 741 1883 τιμωρίαν
764 1833 868 1881 αὐτῇ.

1275 621 1406 670 quibus
1423 622 1538 660 modis
1551 622 1770 675 accipietur?
1783 622 1823 659 Si
1837 625 1923 673 quis
1936 621 2225 659 scandalizave·
2245 626 2355 656 Manli.
2379 626 2426 657 18.

1275 684 1346 729 rit,
1365 682 1428 730 ait,
1451 696 1570 720 unum
1593 697 1641 720 ex
1669 685 1727 721 his
1750 683 1919 735 pusillis,
1947 682 2099 732 expedit
2121 685 2158 718 ei
2185 690 2227 719 ut
2241 665 2272 696 6·

1275 744 1534 793 suspendatur
1548 745 1654 781 mola
1672 747 1847 781 asinaria
1859 747 1964 780 circa
1981 756 2064 779 cum
2081 744 2174 792 ejus,
2193 751 2230 779 et

1276 803 1521 854 demergatur
1548 807 1590 841 in
1612 819 1731 843 mare.
1755 803 1856 852 Quid
1878 803 1989 853 igitur
2016 802 2145 846 dicent,
2165 803 2228 852 qui

1274 861 1331 900 his
1358 863 1476 900 verbis
1500 877 1570 901 non
1597 878 1709 902 unum
1737 865 1894 915 aliquem
1923 862 2139 909 minimum,
2165 862 2226 900 sed

1275 923 1407 961 multos
1428 924 1694 963 scandalizant?
1715 927 1806 963 Cum
1835 925 1928 962 enim
1951 926 1981 962 is
1999 923 2061 974 qui
2079 924 2227 961 fratrem
2244 939 2358 967 Matth.
2397 937 2428 968 5,

1274 984 1412 1022 fatuum
1430 995 1541 1031 vocet,
1556 994 1648 1023 recta
1667 986 1711 1023 ad
1729 986 1897 1036 gehennae
1912 985 2031 1036 ignem
2046 984 2228 1022 abducen·
2243 988 2295 1010 22·

1275 1044 1341 1082 dus
1361 1045 1492 1096 sit:qui
1509 1046 1645 1097 angelis
1663 1046 1797 1096 aequale
1813 1046 1881 1083 hoc
1900 1045 2101 1083 institutum
2116 1058 2227 1082 accu-

1274 1113 1339 1151 set,
1359 1114 1528 1155 quantam
1550 1119 1613 1143 suo
1633 1105 1742 1157 capiti
1761 1106 1853 1142 iram
1871 1103 2080 1142 contrahet?
2096 1104 2229 1142 Derisit

1274 1165 1468 1215 aliquando
1481 1168 1620 1204 Mosem
1630 1166 1796 1214 Mariam,
1806 1179 1874 1203 non
1886 1174 1925 1202 ut
1938 1179 2001 1203 vos
2013 1178 2106 1202 nunc
2118 1164 2228 1215 virgi·
2243 1172 2337 1203 Num.
2347 1181 2381 1201 η
2403 1181 2412 1201 ι
2427 1192 2434 1203 ,

1274 1227 1436 1275 nitatem,
1455 1227 1517 1265 sed
1529 1227 1644 1265 levius
1656 1227 1770 1264 multo
1782 1240 1821 1264 ac
1837 1225 2056 1264 moderatius
2069 1240 2078 1273 ;
2094 1225 2229 1277 quippe

1225 1303 1248 1332 Β
1274 1302 1352 1338 quae
1366 1302 1428 1325 nec
1439 1288 1638 1326 detraheret
1649 1288 1799 1332 homini,
1812 1296 1846 1325 et
1859 1287 1953 1325 beati
1969 1286 2142 1324 virtutem
2157 1299 2228 1323 non

1275 1349 1390 1387 solum
1409 1363 1481 1388 non
1503 1349 1712 1400 exagitaret,
1733 1348 1795 1386 sed
1815 1348 1919 1387 valde
1936 1349 2043 1386 etiam
2061 1348 2226 1399 suspice-

1274 1417 1350 1457 ret3
1370 1408 1462 1446 illud
1478 1418 1616 1446 tantum
1631 1408 1798 1456 dicebat,
1816 1407 1942 1445 iisdem
1960 1421 2016 1454 se,
2032 1406 2162 1457 quibus
2183 1406 2227 1444 il-

1273 1469 1369 1515 lum,
1390 1469 1598 1520 praeditam;
1618 1478 1652 1507 et
1673 1478 1788 1506 tamen
1813 1469 1900 1507 adeo
1922 1469 1988 1505 Dei
2009 1468 2098 1505 iram
2127 1468 2164 1505 in
2189 1481 2226 1506 se

1273 1531 1420 1575 excivit,
1444 1539 1484 1566 ut
1503 1544 1616 1580 neque
1635 1544 1689 1577 eo,
1709 1530 1770 1580 qui
1791 1529 1896 1567 laesus
1915 1528 2113 1577 videretur,
2131 1529 2226 1566 mul-

1274 1598 1351 1627 tum
1370 1590 1581 1641 deprecante
1600 1590 1792 1641 quicquam
1812 1590 2061 1642 proficeretur,
2083 1599 2115 1628 et
2138 1588 2224 1627 diu-

1272 1649 1344 1687 tius
1360 1663 1467 1700 quam
1483 1650 1590 1688 vellet
1605 1650 1635 1687 ei
1654 1664 1754 1702 poena
1770 1659 2035 1703 prorogaretur.

1324 1892 1371 1932 Et
1387 1890 1475 1941 quid
1489 1891 1644 1929 Mariam
1660 1891 1756 1940 dico,
1771 1907 1852 1931 cum
1868 1893 1969 1945 pueri
1986 1893 2041 1931 illi
2057 1893 2101 1932 ad
2114 1894 2224 1933 Beth-
2240 1903 2345 1932 xxtl.
2356 1904 2430 1932 Pue—

1270 1953 1385 1991 lehem
1410 1952 1584 2001 ludentes,
1599 1953 1661 2003 qui
1678 1953 1715 1991 id
1735 1954 1866 1992 Elisaeo
1881 1963 2020 1993 tantum
2033 1955 2222 2007 dixissent,
2240 1946 2430 2014 Quffjnfflei]

1271 2014 1469 2059 Ascende,
1486 2014 1607 2060 calve,
1623 2014 1739 2051 Deum
1753 2023 1932 2066 tantopere
1943 2015 2175 2066 irritaverint,
2187 2028 2224 2056 ut
2241 2005 2312 2054 sinte
2346 1997 2429 2054 utili-

1222 2099 1246 2130 C
1271 2074 1391 2113 statim
1407 2088 1508 2112 ursos
1526 2074 1561 2111 in
1577 2088 1698 2112 eorum
1711 2075 1981 2114 multitudinem
2001 2084 2113 2126 (erant
2131 2080 2223 2117 enim
2243 2074 2286 2095 '²²¹'
2297 2071 2427 2105 ‘'Uim“

1271 2134 1344 2173 duo
1367 2144 1401 2172 et
1428 2134 1680 2186 quadraginta)
1708 2136 1937 2185 immitteret,
1956 2138 2016 2188 qui
2037 2138 2082 2175 ab
2112 2140 2154 2177 iis
2179 2141 2224 2178 ad
2242 2109 2428 2180 {SR-eiga

228 1892 298 1931 Καὶ
312 1891 347 1929 τί
360 1892 453 1943 λέγω
469 1891 642 1945 Μαριάμ,
655 1894 686 1930 οἱ
705 1891 773 1944 γὰρ
789 1893 910 1935 παῖδες
929 1893 1055 1930 ἐκεῖνοι
1069 1892 1195 1946 οἱπερὶ

175 1952 238 1999 τὴν
253 1952 416 2004 Βηθλεὲμ
433 1953 626 2001 παίζοντες,
641 1952 697 1991 ἵνα
713 1953 799 2004 πρὸς
810 1954 868 1992 τὸν
882 1953 1084 1992 Ἑλισσαῖον
1097 1957 1198 1992 τοῦτο

176 2013 278 2064 μόνον
301 2013 850 2066 εἴπωσιν,Ἀνά6αινε,φαλακρὲ,
875 2013 964 2052 οὕτω
992 2014 1198 2066 παρώξυναν

175 2073 233 2112 τὸν
252 2074 342 2114 Θεὸν
358 2104 368 2123 ,
389 2077 435 2118 ὡς
463 2074 538 2125 ἅμα
563 2078 614 2128 τῷ
647 2075 740 2127 λόγῳ
763 2074 874 2127 τούτῳ
891 2074 907 2094 ¹³
919 2075 1065 2126 ἄρκτους
1084 2076 1198 2113 αὐτῶν

176 2136 362 2187 ἐπαφεῖναι
392 2138 443 2188 τῷ
464 2135 591 2182 πλήθει
621 2136 703 2187 (καὶ
741 2134 810 2187 γὰρ
841 2136 1102 2187 τεσσαράκοντα
1140 2135 1199 2173 δύο

177 2190 264 2243 ἦσαν
278 2202 304 2245 )·
318 2196 378 2235 καὶ
392 2196 519 2240 πάντες
535 2197 643 2249 ἄρδην
658 2197 725 2234 ὑπὸ
738 2199 806 2234 τῶν
821 2196 950 2248 θηρίων
963 2197 1199 2248 ἐσπαράττον-

175 2272 216 2294 το
234 2257 313 2296 τότε
332 2260 467 2296 ἐκεῖνοι·
484 2258 543 2295 καὶ
558 2258 636 2296 οὔτε
654 2257 789 2304 ἡλικία,
811 2257 890 2296 οὔτε
903 2258 943 2296 τὸ
964 2260 1105 2305 πλῆθος,
1122 2258 1198 2296 οὔτε

174 2316 214 2354 τὸ
232 2319 405 2368 γελῶντας
419 2320 530 2356 εἰπεῖν
544 2317 698 2370 προέστη
718 2321 787 2356 τῶν
805 2318 1009 2370 μειρακίων·
1024 2319 1082 2356 καὶ
1102 2319 1197 2368 μάλα

174 2378 330 2421 εἰκότως.
347 2380 390 2416 Εἰ
405 2378 473 2429 γὰρ
491 2378 649 2428 μέλλοιεν
673 2381 704 2416 οἵ
726 2378 804 2422 τοὺς
822 2379 1005 2422 τοσούτους
1025 2380 1197 2430 ἀναδεχό-

174 2453 272 2488 μενοι
286 2438 409 2482 πόνους
427 2440 486 2477 καὶ
505 2439 600 2491 παρὰ
620 2439 753 2477 παίδων
774 2440 833 2477 καὶ
851 2439 948 2492 παρὰ
968 2441 1100 2490 ἀνδρῶν
1121 2442 1195 2478 δια-

173 2500 358 2551 σύρεσθαι,
390 2500 441 2543 τίς
466 2501 535 2538 τῶν
570 2501 826 2552 ἀσθενεστέρων
855 2500 1036 2550 αἱρήσεται
1072 2501 1196 2544 πόνους

173 2560 403 2603 ἀναδέξασθαι
431 2562 587 2611 γέλωτας
611 2560 755 2613 ἔχοντας
775 2561 834 2599 καὶ
853 2561 1069 2613 χλευασίαν;
1089 2562 1139 2604 τίς
1159 2561 1194 2600 δὲ

172 2623 241 2659 τῶν
255 2623 394 2660 πολλῶν
410 2621 560 2667 ζηλώσει
580 2621 643 2667 τὴν
668 2622 810 2674 ἀρετὴν,
826 2621 916 2661 οὕτω
935 2622 1195 2672 καταγέλαστον

173 2681 283 2728 αὐτὴν
305 2676 409 2720 οὖσαν
430 2686 542 2733 ὃρῶν;
564 2684 607 2720 Εἰ
627 2682 694 2734 γὰρ
715 2686 773 2720 νῦν
801 2684 942 2721 πάντων
975 2683 1081 2730 αὐτὴν
1109 2700 1195 2721 παν-

172 2747 284 2795 ταχοῦ
304 2743 550 2794 θαυμαζόντων
563 2774 572 2792 ,
593 2746 630 2782 οὗ
649 2747 718 2782 τῶν
740 2744 929 2794 μετιόντων
950 2745 1073 2794 μόνον,
1104 2745 1193 2783 ἀλλὰ

173 2804 232 2841 καὶ
266 2806 334 2841 τῶν
361 2805 636 2843 ἐκπεπτωκότων
668 2807 774 2851 αὐτῆς
788 2835 798 2854 ,
831 2805 926 2855 ὅμως
957 2808 1095 2844 ὀκνοῦσι
1136 2806 1193 2843 καὶ

174 2864 381 2902 ἀναδύονται
408 2865 493 2916 πρὸς
526 2865 604 2909 τοὺς
633 2867 781 2918 ἱδρῶτας
806 2866 954 2910 ἐκείνους
979 2867 1122 2913 πολλοὶ,
1142 2867 1192 2911 τίς

174 2922 215 2960 ἂν
232 2926 337 2970 αὐτῆς
357 2925 583 2964 ἐπιλαῧέσθαι
606 2926 742 2978 ταχέως
762 2927 946 2974 ἠθέλησεν,
967 2928 996 2964 εἰ
1024 2927 1109 2978 πρὸς
1145 2930 1193 2978 τῷ

174 2983 222 3034 μὴ
260 2985 497 3035 θαυμάζεσθαι
543 2986 602 3025 καὶ
638 2988 920 3037 διαῗὲαλλομένην
966 2988 1058 3039 ἑώρα
1095 2987 1191 3038 παρὰ

170 3045 310 3083 πάντων
349 3045 560 3098 ἀνθριῖ)πων;
578 3050 624 3085 Οἱ
661 3047 722 3098 μὲν
754 3048 822 3100 γὰρ
852 3048 984 3100 ἰσχυροὶ
1016 3047 1093 3085 λίαν
1132 3047 1191 3085 καὶ

169 3106 255 3157 πρὸς
290 3108 348 3144 τὸν
376 3108 519 3158 οὐρανὸν
555 3108 623 3155 ἤδη
658 3109 891 3159 μεταστάντες
926 3109 1021 3146 οὐδὲν
1055 3108 1189 3146 δέονται

168 3169 230 3213 τῆς
261 3169 330 3207 ἀπὸ
359 3172 426 3207 τῶν
447 3174 461 3188 ¹'
474 3171 610 3207 πολλῶν
629 3170 865 3222 παραμυθίας,
885 3172 961 3207 ἀλλ’
984 3172 1083 3222 ἀρκεῖ
1106 3170 1190 3220 πρὸς

171 3234 288 3266 πᾶσαν
308 3230 533 3281 παραμυθίαν
555 3231 671 3274 αὐτοῖς
690 3233 707 3269 ὁ
726 3230 821 3282 παρὰ
838 3235 897 3268 τοῦ
915 3234 1007 3269 (θεοῦ
1032 3230 1187 3273 ἔπαινος·

218 3394 232 3409 ι
253 3384 331 3425 Rvg-
353 3393 507 3430 κρεμασθῇ
530 3391 576 3422 int
601 3396 660 3422 τόν.
692 3388 793 3419 l‘uulo
818 3397 893 3430 post
911 3388 996 3420 'ult-tn
1016 3394 1109 3433 blasto.
1129 3395 1173 3423 ini

177 3450 236 3472 τη,-
257 3435 345 3468 lttsru
364 3436 407 3470 itl.
429 3445 554 3483 κε’,αλῆς
573 3444 754 3478 κατελάλιωέ
775 3456 840 3475 πυτ·

1272 2209 1385 2233 unum
1399 2209 1520 2233 omnes
1539 2205 1621 2233 sunt
1640 2195 1828 2248 discerpti,
1848 2211 1960 2248 neque
1976 2209 2036 2237 aut
2052 2209 2149 2244 aetas,
2165 2212 2228 2240 aut

1271 2257 1480 2302 multitudo,
1499 2266 1559 2294 aut
1573 2258 1655 2308 joco
1674 2257 1823 2306 dixisse,
1843 2260 2004 2310 puerulis
2021 2263 2227 2313 profuit?et

1267 2317 1347 2368 jure
1365 2317 1513 2367 quidem
1533 2318 1674 2355 merim.
1691 2318 1729 2356 Si
1749 2319 1844 2356 enim
1867 2319 1928 2369 qui
1953 2329 2068 2359 tantos
2086 2322 2223 2362 labores

1269 2378 1470 2429 suscipiunt
1486 2387 1519 2415 et
1535 2378 1656 2429 pueris
1672 2387 1705 2415 et
1721 2378 1810 2415 viris
1827 2379 1987 2418 ludibrio
2003 2382 2087 2423 sint,
2105 2384 2225 2434 ecquis

1268 2438 1544 2476 imbecilliorum
1566 2438 1703 2475 labores
1722 2439 1901 2490 suscipere
1922 2440 1957 2478 in
1987 2442 2147 2480 animum
2165 2444 2223 2481 in·-

1268 2498 1394 2546 ducet,
1410 2512 1492 2535 cum
1511 2497 1585 2535 risu
1607 2507 1712 2547 atque
1726 2499 1845 2536 saunis
1866 2501 2097 2551 conjunctos?
2109 2504 2189 2553 quis
2205 2519 2224 2543 e

1269 2560 1378 2611 vulgo
1400 2560 1569 2596 virtutem
1591 2558 1694 2603 colet,
1715 2573 1791 2596 eam
1815 2560 1903 2598 adro
1928 2561 2121 2601 ridiculam
2142 2579 2224 2602 cer-

1269 2624 1378 2660 ueusi‘
1392 2624 1480 2661 Natu
1499 2622 1527 2659 si
1547 2636 1653 2666 nuuc,
1672 2622 1839 2660 omnibus
1859 2622 1991 2672 ubique
2011 2638 2086 2662 vam
2105 2625 2224 2663 admi-

1267 2684 1427 2722 rantibus
1444 2714 1452 2727 ,
1474 2696 1542 2720 uon
1567 2683 1681 2719 solutu
1701 2683 1776 2732 ejus
1798 2683 2009 2728 cultoribus,
2034 2684 2094 2722 scd
2116 2686 2225 2724 etiam

1269 2745 1311 2782 iis
1326 2746 1387 2796 qui
1413 2760 1451 2781 ea
1482 2744 1690 2783 exciderunt
1705 2775 1713 2789 ,
1731 2744 1890 2780 homiues
1907 2746 2015 2795 vulgo
2032 2745 2075 2783 ad
2092 2760 2150 2784 eos
2165 2761 2223 2784 su-

1220 2821 1242 2850 1)
1265 2806 1368 2843 don—cs
1391 2814 1519 2857 pavent
1546 2820 1586 2842 xic
1617 2804 1808 2841 sui-initiunt
1837 2820 1844 2840 :
1867 2806 1988 2854 ecquis
2014 2807 2117 2844 lucilc
2143 2821 2221 2846 eam

1265 2866 1380 2911 adt-ait,
1397 2866 1424 2902 si
1444 2865 1572 2902 ucduui
1589 2864 1816 2902 admirationi
1838 2865 2026 2910 habeatur.
2044 2882 2120 2905 eain
2138 2883 2220 2920 pais·

1265 2928 1329 2963 situ
1347 2926 1392 2963 ab
1408 2926 1575 2963 omuibus
1596 2925 1731 2976 culpari
1751 2925 1868 2962 videat
1883 2926 1900 2962 Ξὶ
1918 2926 2058 2964 Etenim
2080 2929 2217 2966 tirmio-

1264 3002 1338 3029 ιω,
1362 2996 1394 3024 et
1415 2986 1475 3036 qui
1493 2987 1567 3037 jain
1591 2986 1624 3022 iu
1645 2986 1771 3022 cat-tnui
1791 2986 2092 3035 &iniungi-arunt.
2115 2990 2215 3039 vul-gi

1262 3048 1427 3085 solatium
1446 3062 1512 3083 uon
1530 3047 1713 3096 requirunt
1726 3077 1735 3089 ,
1752 3046 1812 3084 ml
1837 3046 1886 3083 ris
1912 3062 1975 3098 pru
1996 3062 2134 3085 sunium
2153 3064 2215 3086 so-

1262 3109 1347 3147 latio
1381 3108 1466 3145 satis
1488 3117 1537 3144 est
1567 3108 1642 3144 liius
1662 3121 1768 3156 quatu
1790 3121 1808 3143 a
1831 3109 1903 3145 Deo
1922 3119 2211 3159 1⁸01isn11uuuun

1261 3169 1558 3207 imbecillioribus
1575 3178 1708 3210 auu-ui.
1725 3178 1757 3205 ct
1779 3168 1838 3218 qui
1861 3183 1971 3220 nupt-r
1987 3184 2028 3206 co
2045 3181 2126 3209 suut
2145 3171 2215 3209 de·-

1260 3230 1357 3268 ‹lm-ti
1371 3260 1379 3273 ,
1402 3244 1468 3266 uon
1490 3229 1577 3265 levis
1596 3244 1614 3265 e
1633 3229 1731 3278 vulgi
1752 3230 2056 3269 coiuuwudatioue
2075 3232 2209 3270 virium

1254 3389 1268 3410 Ι·
1295 3389 1371 3429 neg.
1401 3404 1510 3432 (⁸511),-

1254 3453 1263 3463 ··
1293 3442 1356 3479 “vg
1388 3445 1502 3473 aviam
1521 3447 1655 3482 ftomam.-
1674 3468 1679 3477 .
1697 3445 1776 3473 ἀλλ’.
