2513 3871
321 232 413 278 232
767 248 805 274 5.
844 243 1031 273 «ΙΟᾹΝΝιὸ
1065 241 1307 271 cttRYSOST.

317 329 409 368 riam
425 327 589 374 tradidit,
605 327 665 365 sed
681 326 743 364 illa
761 325 859 364 omni
879 332 982 363 aetate
1003 324 1133 364 omissa
1146 353 1157 371 ,
1171 337 1191 361 a
1210 337 1271 362 se-

320 389 541 442 ptuagesimo
555 400 648 426 anno
666 385 880 425 narrationis
905 399 978 424 sua:
1003 385 1096 438 cepit
1114 383 1271 423 initium.

321 449 428 496 Quod
443 458 558 487 tamen
574 457 608 487 et
621 447 698 501 ipsa
720 448 822 500 paria
841 446 886 485 iis
903 459 981 498 quae
995 447 1071 485 Noe
1085 458 1272 498 perpessus

320 510 381 558 sit,
394 524 476 548 cum
491 509 583 548 inter
599 517 650 547 tot
664 508 793 561 impios
806 521 848 546 ac
862 507 1034 546 barbaros
1043 505 1142 545 solus
1153 505 1272 560 pieta-

320 580 390 609 tem
411 570 554 619 coleret,
570 569 638 609 hoc
656 582 740 608 sane
764 569 953 617 incertum,
978 576 1018 606 ut
1033 566 1185 619 reliqua,
1202 566 1273 606 ob-

318 645 535 682 scurumque
553 644 623 669 non
637 639 688 669 est
706 645 714 667 z
737 630 810 670 imo
829 629 868 669 id
886 627 1169 682 insipientissimi
1189 642 1273 680 quo·

319 706 389 743 que
406 693 509 731 facile
523 695 718 745 conjectare
731 692 881 745 possint.
902 692 1040 730 Verum
1053 690 1119 730 ista
1127 705 1273 743 quoque

320 753 428 793 modo
445 754 667 801 omittamus,
688 763 794 805 atque
802 753 848 792 ab
864 752 979 806 ipsius
991 753 1274 806 peregrinatione

321 813 518 863 ordiamur,
538 815 632 854 illud
661 815 780 869 primo
799 814 1018 867 inquirentes
1035 814 1245 867 diligentius
1258 846 1269 866 ‚

321 885 453 926 quanto
472 876 609 915 itineris
622 877 737 931 spatio
750 876 1002 915 Chaldaeorum
1021 885 1114 916 terra
1129 892 1148 916 a
1165 878 1274 917 Palae·
1301 886 1322 915 t}

323 936 412 975 stina
425 936 613 986 disteeaut
631 951 795 990 quaenam
811 938 920 976 suerit
939 937 1008 977 viae
1025 937 1124 977 illius
1147 939 1274 979 condi-

321 996 574 1049 tio,quom0do
586 1007 670 1037 tunc
684 999 752 1038 sibi
764 998 905 1038 misceri
918 998 972 1037 illi
983 999 1180 1051 potuerint,
1191 1000 1273 1052 quis

321 1058 430 1098 suerit
442 1059 587 1098 vivendi
606 1059 749 1099 modus.
772 1061 850 1099 Non
868 1059 962 1098 enim
977 1059 1059 1111 quia
1073 1061 1176 1099 facile
1191 1070 1275 1099 tunc

318 1119 437 1170 justus
456 1120 517 1159 ille
535 1120 714 1170 obedivit,
735 1134 791 1159 res
811 1119 890 1159 ideo
906 1120 1022 1159 facilis
1036 1121 1276 1171 existimetur5

323 1193 438 1231 neque
456 1181 624 1231 quoniam
640 1181 796 1219 breviter
806 1182 925 1219 Moses
942 1181 993 1219 rei
1014 1182 1275 1234 gestaedigessit

321 1240 497 1289 ordinem,
509 1255 600 1294 opus
613 1242 732 1294 ipsum
739 1241 932 1280 verborum
951 1241 1162 1280 brevitatem
1174 1252 1276 1295 putes

321 1301 501 1338 imitatum
517 1317 525 1337 :
543 1302 608 1340 ista
616 1302 712 1339 enim
727 1301 846 1340 dicere
859 1311 892 1340 et
904 1315 1048 1341 narrare
1059 1303 1275 1342 facillimum

321 1370 386 1408 est,
408 1375 511 1413 agere
529 1371 648 1400 autem
669 1362 804 1401 laboris
828 1362 1128 1416 difficultatisque
1145 1364 1277 1417 plenis-

318 1422 463 1461 simum.
472 1423 551 1462 Viae
564 1422 676 1475 igitur
688 1423 791 1462 istius
801 1422 1062 1474 longitudinem
1074 1424 1276 1476 regionum-

319 1496 388 1533 que
406 1483 710 1536 intercapedinem
746 1483 956 1535 diligentius
989 1484 1092 1523 nobis
1111 1500 1276 1526 enarrare

317 1553 460 1596 possent
475 1545 538 1597 qui
557 1545 641 1584 inde
658 1545 703 1584 ad
721 1559 785 1584 nos
806 1546 1071 1598 pervenissent,
1090 1546 1275 1598 siquidem
1301 1564 1325 1595 (ς

318 1604 386 1643 ulli
405 1604 492 1643 tales
509 1615 624 1644 essent
645 1622 653 1642 :
676 1620 758 1645 nam
780 1606 950 1645 hactenus
968 1607 1116 1647 illorum
1141 1607 1276 1649 nemini

317 1666 494 1719 congressi
509 1681 655 1717 sumus;
673 1682 784 1707 unum
805 1683 892 1708 vero
907 1682 951 1707 ex
972 1668 1015 1706 iis
1029 1669 1090 1721 qui
1122 1683 1168 1708 ex
1185 1669 1276 1708 cite·-

318 1727 410 1766 riore
430 1728 615 1781 provincia
635 1727 834 1768 adveniunt
847 1729 954 1777 nacti,
972 1743 1054 1767 cum
1067 1729 1113 1768 ab
1135 1729 1199 1768 illo
1219 1730 1274 1768 in-

316 1789 538 1840 quireremus
548 1799 724 1842 quantum
741 1789 877 1828 itineris
890 1804 995 1841 agere
1009 1799 1150 1828 coactus
1168 1800 1272 1841 esset,

317 1851 462 1902 triginta
479 1851 679 1902 etquinque
689 1850 830 1889 dierum
847 1865 1034 1889 numerum
1046 1851 1275 1891 audivimus:

318 1920 352 1950 et
368 1912 591 1964 Babylonem
611 1911 757 1963 quidem
778 1912 839 1950 illc
859 1927 1056 1964 numquam
1080 1928 1117 1951 se
1142 1913 1275 1953 vidisse

322 1972 386 2018 ait,
405 1971 546 2010 audisse
561 1982 676 2011 tamen
695 1972 742 2010 ab
757 1973 799 2010 iis
811 1974 871 2024 qui
892 1973 943 2011 ibi
954 1974 1105 2023 fuerant,
1119 1983 1275 2013 tantum-

323 2032 404 2071 dem
425 2033 561 2073 itineris
580 2043 712 2072 restare
731 2034 1009 2084 conficiendum,
1031 2044 1070 2074 ut
1087 2050 1128 2074 eo
1147 2050 1273 2089 perve-

322 2095 473 2133 niretur.
492 2099 611 2147 Atque
630 2096 839 2148 hujusmodi
858 2096 1029 2135 distantia
1058 2098 1219 2136 locorum
1239 2108 1273 2137 et

319 2165 406 2194 tunc
421 2165 495 2194 erat
511 2165 543 2195 ct
563 2170 654 2195 nunc
672 2166 722 2195 est
739 2173 746 2195 ε
761 2171 864 2208 porro
884 2157 1019 2197 itineris
1030 2158 1186 2198 conditio
1203 2174 1271 2199 non

316 2230 355 2253 ea
369 2217 474 2255 modo
489 2227 555 2265 est,
566 2233 644 2268 qua·
659 2227 742 2255 tunc
760 2218 869 2257 fuisse
881 2219 1052 2259 creditur.
1067 2221 1272 2259 Nuncenim

317 2286 351 2316 et
371 2278 618 2317 mansionibus
639 2280 819 2331 perpetuis
838 2279 1048 2318 distinctum
1070 2290 1141 2331 est,
1160 2290 1193 2320 et
1212 2296 1272 2319 ur-

318 2339 426 2378 bibus
445 2354 484 2378 ac
497 2340 595 2378 villis
609 2340 852 2391 frequentibus
864 2342 1274 2394 ornatum,viatoresque
1300 2359 1324 2390 n

321 2401 494 2452 plurimos
522 2401 728 2450 offendunt,
757 2402 818 2454 qui
855 2403 942 2441 illuc
979 2402 1273 2456 proficiscuntur,

320 2462 418 2513 quod
434 2478 503 2502 non
523 2463 642 2502 minus
660 2463 706 2502 ad
735 2457 938 2503 securitatis
957 2465 1128 2503 rationem
1149 2465 1243 2504 valet
1260 2496 1270 2511 ,

321 2538 427 2574 quam
441 2525 656 2571 mansiones,
672 2525 777 2563 urbes
791 2534 897 2576 atque
916 2525 1028 2567 villae.
1050 2527 1223 2566 Praeterea
1241 2536 1273 2565 et

322 2597 364 2621 ex
380 2584 562 2636 provincia
577 2584 763 2622 civitatum
778 2584 956 2638 principes
975 2584 1141 2638 deligunt
1159 2585 1270 2632 viros,

322 2645 480 2697 corporis
490 2644 912 2697 magnitudincetroboi·e
927 2647 1064 2685 cunctis
1075 2647 1276 2700 princellen-

323 2707 580 2759 tes,jaculoque
594 2716 627 2745 et
640 2707 750 2746 sunda
769 2716 905 2746 tantum
920 2708 1088 2758 valentes,
1102 2718 1276 2760 quantum

324 2767 379 2804 vel
389 2767 732 2819 sagittariisagittis.
743 2768 798 2805 vel
811 2768 936 2806 armati
947 2768 1031 2821 pilis
1043 2784 1053 2818 ;
1065 2770 1276 2821 statutisque

323 2826 616 2879 ‹lucibusquilms
631 2827 683 2867 illi
699 2828 957 2882 obtemperent,
980 2829 1046 2868 lioc
1062 2830 1113 2869 eis
1130 2830 1274 2870 unicum

326 2889 515 2940 injungunt
542 2902 684 2936 munus,
705 2889 888 2940 solamque
908 2890 1044 2929 itineris
1064 2890 1186 2930 tuendi
1207 2905 1273 2929 cu-

326 2964 398 2987 ram
412 2949 680 3001 custodiamque
692 2950 914 3002 permittunt.
927 2951 978 2989 Ad
995 2951 1070 2991 lioec
1079 2952 1187 2991 aliam
1200 2952 1276 2992 lon-

326 3024 367 3059 ge
392 3011 447 3048 his
467 3011 634 3050 omnibus
660 3011 925 3062 diligentiorem
954 3026 1076 3051 curam
1096 3013 1276 3065 excogita-

326 3081 418 3109 runt.
441 3072 753 3111 llabitaculaenim
769 3072 869 3111 mille
885 3073 1049 3125 passibus
1062 3073 1275 3114 abinvicem

327 3132 491 3170 distincta
513 3134 637 3171 itinere
654 3143 727 3171 toto
744 3133 971 3183 fabricantes,
994 3144 1186 3174 nocturnos
1201 3135 1275 3175 illic
1299 3159 1322 3188 E

327 3202 479 3231 statut-rc
505 3193 684 3239 custodes,
706 3209 767 3246 per
793 3194 936 3233 illorum
958 3194 1096 3234 labores
1127 3205 1159 3234 et
1182 3196 1273 3248 vigi·

328 3253 392 3291 lias
408 3254 603 3291 maximum
615 3264 732 3292 conti-a
746 3255 922 3294 latronum
935 3256 1274 3310 iinpetusmunitucn

327 3315 522 3352 viatoribus
539 3315 799 3352 ronstiiuvniss,
822 3317 923 3353 'l'uuv
937 3332 1018 3355 vet-n
1037 3319 1124 3356 nibil
1147 3319 1273 3358 lim-um

362 3453 366 3458 ·
394 3438 535 3471 5·1'¹l.··¹
557 3437 651 3468 (ν’-1·-
697 3439 903 3473 ,ςμᾼίιιτι-Ι.
928 3458 1007 3475 ως.

1349 241 1538 271 Ancmffl’
1547 260 1556 269 .
1595 240 1765 271 CONSTA
1774 240 1936 271 Minoi»
1945 260 1954 270 .

1347 325 1416 361 τῶν
1432 322 1522 373 μετὰ
1535 326 1647 362 ταῦτα
1660 324 1851 369 πεποίηται
1864 326 1924 362 τοῦ
1937 323 2152 376 διηγήματος
2164 323 2226 371 τὴν
2243 321 2370 375 ἀρχήν.

1348 383 1432 424 Ὅτι
1452 383 1489 423 δὲ
1504 383 1564 423 καὶ
1581 385 1683 423 αὐτὸν
1702 384 1747 423 τὰ
1768 384 1857 423 αὐτὰ
1874 384 2026 438 πάσχειν
2040 386 2090 438 τῷ
2105 385 2185 424 Νῶε
2205 383 2296 426 εἰκὸς
2312 376 2370 430 ἦν,
2390 383 2396 389 “

1349 445 1479 497 μεταξὺ
1505 446 1678 485 τοσούτων
1711 446 1848 486 ἀσεὸὧν
1876 445 1936 484 καὶ
1957 445 2144 499 βαρὸάρων
2166 443 2270 498 μόνον
2292 447 2370 496 βου-

1347 507 1493 558 λόμενον
1521 506 1673 546 εὐσεὸεῖν
1688 537 1698 555 ,
1714 512 1814 546 τοῦτο
1834 508 1896 545 οὐκ
1925 507 1977 546 ἔτι
2001 512 2073 551 τοῖς
2100 507 2219 551 ἄλλοις
2242 507 2370 557 ὁμοίως

1347 569 1477 617 ἄδηλόν
1511 571 1603 608 ἐστιν
1618 598 1628 617 ,
1654 567 1746 607 ἀλλὰ
1765 568 1824 607 καὶ
1852 570 1884 607 οἱ
1913 568 2047 621 σφόδρα
2077 566 2218 615 ἀνόητοι
2242 566 2370 619 στοχά-

1347 646 1470 670 σαιντο
1496 630 1756 683 ῥᾳδίως“αὐτό.
1777 629 1879 676 Πλὴν
1909 628 2001 669 ἀλλὰ
2026 629 2086 668 καὶ
2103 631 2216 668 ταῦτα
2248 628 2371 681 παρεί-

1349 695 1422 731 σθω
1441 695 1512 729 νῦν·
1534 692 1604 730 ἀπὸ
1629 691 1665 730 δὲ
1683 694 1745 738 τῆς
1772 690 1975 742 ἀποδημίας
2006 691 2113 730 αὑτοῦ
2141 688 2371 738 ποιησώμεθα

1347 754 1408 790 τοῦ
1436 751 1539 803 λόγου
1553 752 1618 799 τὴν
1639 751 1766 805 ἀρχὴν,
1791 751 1959 805 πρότερον
1988 751 2098 790 ἐκεῖνο
2127 749 2371 796 ἐξετάσαντες.

1346 813 1455 851 πόσον
1473 815 1494 858 ἦ
1514 816 1583 851 τῶν
1603 813 1791 852 Χαλδαίων
1809 816 1854 864 γῆ
1873 816 1935 860 τῆς
1957 811 2200 859 Παλαιστίνης
2218 809 2371 863 ἀφέστη-

1348 888 1406 912 κεν
1418 902 1428 921 ,
1445 873 1467 919 ἢ
1492 874 1577 912 ποία
1595 889 1647 918 τις
1669 868 1710 922 ἦν
1731 876 1754 921 ἡ
1771 876 1840 913 τῶν
1862 875 1950 913 ὁδῶν
1971 872 2189 923 κατασκευὴ,
2204 873 2281 917 πῶς
2299 876 2373 914 τοῖς

1349 934 1542 988 ἀνθρώποις
1569 935 1615 975 τὰ
1650 939 1712 983 zi<
1752 935 1929 986 ἐπιμιξίας
1963 938 2026 982 τῆς
2071 934 2158 986 πρὸς
2200 932 2373 980 ἀλλήλους

1349 996 1519 1048 διέκειτο,
1549 996 1601 1040 τίς
1619 999 1638 1035 ὁ
1658 999 1721 1043 τῆς
1752 997 1930 1040 πολιτείας
1964 996 2091 1049 τρόπος
2118 989 2172 1043 ἦν.
2205 993 2268 1042 Μὴ
2304 992 2373 1046 γὰρ

1350 1057 1471 1105 ἐπειδὴ
1501 1058 1650 1102 εὐκόλως
1678 1059 1874 1106 ὑπήκουσεν
1893 1060 1911 1096 ὁ
1927 1056 2059 1100 δίκαιος
2086 1058 2237 1103 ἐκεῖνος,
2253 1055 2314 1095 καὶ
2334 1055 2375 1094 τὸ

1350 1125 1499 1170 πρᾶγμα
1514 1119 1654 1157 εὔκολον
1671 1113 1759 1159 εἶναι
1773 1119 1917 1159 δοκείτω
1931 1122 1990 1157 νῦν
2001 1149 2013 1166 ,
2032 1119 2114 1170 μηδ’
2129 1117 2182 1156 ὅτι
2198 1115 2376 1168 συντόμως

1351 1180 1411 1217 καὶ
1439 1182 1474 1218 ἐν
1493 1182 1620 1232 βραχεῖ
1645 1181 1686 1220 τὸ
1718 1181 1857 1233 γεγονὸς
1885 1180 2080 1231 διηγήσατο
2103 1182 2122 1218 ὁ
2142 1180 2298 1226 Μωσῆς,
2317 1178 2378 1217 καὶ

1351 1240 1392 1279 τὸ
1422 1239 1521 1291 ἔργον
1547 1240 1611 1288 τὴν
1643 1243 1714 1279 τῶν
1748 1242 1918 1293 ῥημάτων
1954 1241 2161 1293 βραχύτητα
2195 1241 2379 1291 μιμεῖσθαι

1350 1301 1480 1351 νόμιζε·
1495 1302 1604 1341 εἰπεῖν
1625 1301 1689 1353 μὲν
1703 1302 1770 1354 γὰρ
1787 1306 1898 1341 ταῦτα
1915 1302 1976 1341 καὶ
1994 1302 2230 1352 διηγήσασθαι
2249 1299 2378 1354 ῥᾴδιον,

1352 1361 1482 1414 πρᾶξαι
1508 1362 1544 1401 δὲ
1565 1362 1683 1402 οὐκέτι
1700 1363 1829 1414 ὁμοίως
1848 1363 2014 1415 εὔπορον,
2038 1362 2129 1402 ἀλλὰ
2158 1362 2219 1401 καὶ
2246 1361 2380 1415 σφόδρα

1352 1421 1522 1475 χαλεπόν.
1543 1425 1577 1462 Τ
1579 1424 1598 1463 ὸ
1626 1423 1689 1474 μὲν
1716 1418 1774 1463 οὖν
1808 1427 1872 1471 τῆς
1899 1425 1977 1464 ὁδοῦ
2006 1425 2119 1476 μῆκος
2144 1422 2205 1462 καὶ
2233 1421 2313 1462 ὅσον
2339 1421 2380 1462 τὸ

1353 1484 1457 1534 μέσον
1482 1485 1558 1524 ἐστὶ
1584 1484 1712 1524 τούτων
1740 1487 1810 1523 τῶν
1842 1485 1983 1538 χωρίων
2014 1484 2104 1536 μετὰ
2135 1483 2317 1537 ἀκριὸείας
2337 1482 2379 1522 ἂν

1352 1545 1482 1584 εἴποιεν
1502 1546 1577 1586 ὅσοι
1597 1546 1682 1599 πρὸς
1700 1550 1795 1597 ἡμᾶς
1822 1547 1953 1585 ἐκεῖθεν
1975 1546 2158 1594 διέόησαν,
2173 1547 2203 1585 εἰ
2226 1545 2269 1593 δή
2288 1545 2380 1588 τινές

1353 1608 1450 1645 εἰσιν·
1467 1610 1572 1658 ἡμεῖς
1599 1607 1635 1646 δὲ
1653 1607 1792 1646 ἐκείνων
1823 1607 1885 1658 μὲν
1912 1608 2047 1656 οὐδενὶ,
2065 1609 2135 1646 τῶν
2169 1607 2205 1646 δὲ
2235 1608 2285 1650 εἰς
2312 1604 2380 1652 τὴν

1350 1667 1522 1719 ἐξωτέραν
1551 1669 1670 1721 χώραν
1697 1669 1918 1721 ἀφικομένων
1947 1668 2194 1721 συγγενόμενοί
2210 1684 2299 1716 τινι,
2318 1668 2379 1706 καὶ

1350 1729 1408 1767 τὸν
1428 1729 1551 1782 χρόνον
1572 1730 1673 1768 αὐτὸν
1697 1730 1935 1782 ἐρωτήσαντες
1954 1730 2033 1768 ὅσον
2050 1731 2244 1783 ὁδοιπορεῖν
2262 1731 2377 1779 ἠναγ-

1351 1790 1481 1838 κάσθη,
1497 1790 1700 1840 ἠκούσαμεν
1720 1791 1773 1828 ὅτι
1792 1791 1981 1843 τριάκοντα
2005 1791 2109 1830 πέντε
2134 1793 2277 1843 ἡμερῶν
2296 1791 2376 1842 ἀρι-

1351 1850 1450 1902 θμόν·
1468 1851 1527 1890 καὶ
1549 1851 1741 1890 nucumve:
1759 1851 1822 1901 μὲν
1838 1854 1901 1890 οὐκ
1920 1852 2046 1891 εἰδέναι
2065 1851 2146 1904 ἔφη,
2167 1854 2237 1890 τῶν
2254 1851 2290 1890 δὲ
2305 1853 2379 1890 ἐκεῖ

1350 1912 1545 1964 γενομένων
1590 1913 1780 1958 ἀκηκοέναι
1797 1943 1807 1961 ,
1837 1914 1890 1951 ὅτι
1937 1912 2040 1966 ἑτέρα
2082 1912 2235 1961 τοσαύτη
2270 1912 2378 1952 πάλιν

1351 1974 1480 2012 ἐκεῖθέν
1506 1975 1600 2013 ἐστιν
1629 1973 1716 2017 ὁδός.
1739 1975 1809 2012 Καὶ
1841 1974 1880 2012 τὸ
1908 1973 1972 2025 μὲν
2002 1974 2183 2024 διάστημα
2212 1976 2377 2013 τοσοῦτον

1351 2035 1410 2073 καὶ
1440 2034 1519 2074 τότε
1543 2030 1610 2082 ἧν,
1637 2036 1696 2072 καὶ
1725 2040 1782 2074 νῦν
1810 2036 1926 2073 ἐστιν·
1945 2038 1966 2081 ἡ
2002 2035 2038 2074 δὲ
2071 2035 2273 2083 κατασκευὴ
2307 2036 2378 2074 τῶν

1350 2097 1437 2134 ὁδῶν
1451 2097 1514 2135 οὐκ
1532 2096 1579 2134 ἔθ’
1598 2096 1727 2147 ὁμοίως
1739 2094 1845 2146 ι’[ὡς]
1862 2097 1921 2135 καὶ
1940 2100 1998 2134 νῦν
2019 2096 2079 2134 καὶ
2093 2097 2171 2135 τότε
2187 2095 2374 2137 διάκειται.

1352 2159 1420 2195 Nssv
1443 2158 1506 2208 μὲν
1534 2157 1601 2208 γὰρ
1626 2157 1686 2195 καὶ
1715 2161 1882 2207 σταθμοῖς
1907 2158 2107 2205 διείληπται
2138 2157 2299 2210 συνεχέσι
2317 2157 2378 2196 καὶ

1348 2219 1473 2258 πόλεσι
1492 2220 1553 2257 καὶ
1582 2220 1715 2271 ἀγροῖς,
1739 2219 1798 2258 καὶ
1817 2218 2011 2270 ὁδοιπόροις
2039 2218 2075 2257 δὲ
2095 2218 2245 2269 βαδίζων
2265 2218 2307 2256 ἄν
2324 2233 2376 2262 τις

1349 2280 1488 2332 ἐντύχοι
1513 2283 1675 2328 πολλοῖς,
1703 2280 1789 2333 ὅπερ
1814 2281 1873 2319 καὶ
1898 2283 2055 2331 σταθμοῦ
2075 2280 2134 2318 καὶ
2161 2279 2295 2323 πόλεως
2315 2280 2376 2318 καὶ

1350 2344 1457 2393 ἀγροῦ
1489 2344 1555 2394 οὐχ
1586 2336 1689 2389 ἧττον
1728 2343 1775 2385 εἰς
1809 2341 2000 2394 ἀσφαλείας
2031 2342 2132 2392 λόγον
2164 2339 2251 2380 ἐστι’.
2282 2340 2377 2395 Πρὸς

1351 2404 1386 2442 δὲ
1405 2403 1536 2447 τούτοις
1553 2403 1611 2442 καὶ
1631 2403 1717 2455 [ἀπὸ
1735 2406 1797 2451 τῆς
1815 2403 1951 2455 χώρας]
1966 2405 1998 2441 οἱ
2016 2405 2084 2441 τῶν
2101 2401 2237 2442 πόλεων
2255 2401 2377 2456 ἄρχον-

1350 2481 1406 2509 τες
1424 2466 1548 2519 ἄνδρας
1574 2465 1634 2504 καὶ
1657 2464 1757 2517 ῥώμη
1778 2465 1939 2516 σώματος
1958 2467 2027 2503 τῶν
2050 2464 2166 2503 ἄλλων
2191 2463 2376 2519 διαφίρον-

1351 2542 1412 2570 τας
1431 2527 1490 2565 καὶ
1517 2527 1667 2579 ἀκοντίῳ
1697 2526 1756 2564 καὶ
1784 2525 1952 2579 σφενδόνῃ
1982 2530 2145 2565 τοσοῦτον
2165 2523 2376 2576 δυναμένους

1351 2590 1485 2640 ἀρκεῖν,
1504 2586 1584 2626 ὅσον
1600 2593 1671 2632 τοῖς
1693 2588 1810 2639 βέλεσι
1829 2585 1892 2637 μὲν
1911 2588 1943 2625 οἱ
1956 2585 2105 2632 τοξόται,
2122 2586 2153 2623 οἱ
2177 2583 2213 2624 δὲ
2232 2585 2375 2624 ὁπλῖται

1350 2656 1420 2694 τοῖς
1447 2649 1581 2701 δόρασι,
1597 2648 1734 2692 τούτους
1764 2646 2013 2695 συντάξαντες,
2031 2646 2091 2684 καὶ
2111 2645 2283 2699 ἄρχοντας
2310 2647 2374 2685 αὖ·

1350 2716 1421 2755 τοῖς
1451 2711 1723 2757 ἐπιστήσαντες,
1755 2710 1801 2752 εἷς
1823 2706 1919 2746 οὐδὲν
1949 2706 2065 2760 ἔτερον
2095 2705 2373 2759 ἀπησχόλησαν,

1352 2771 1442 2810 ἀλλὰ
1467 2770 1570 2822 μόνον
1588 2770 1652 2818 τὴν
1666 2772 1735 2807 τῶν
1751 2770 1840 2808 ὁδῶν
1863 2768 2058 2820 ἐπέτρεψαν
2080 2766 2251 2819 φυλακήν.
2268 2767 2371 2808 Μετὰ

1349 2834 1382 2872 δὲ
1412 2832 1543 2871 τούτων
1572 2831 1632 2870 καὶ
1665 2830 1786 2882 ἑτέραν
1818 2829 1923 2868 πάλιν
1955 2830 2086 2867 τούτων
2120 2828 2372 2882 ἀκριὸεστίραν

1348 2893 1540 2946 ἀσφάλειαν
1572 2891 1779 2938 ἐπενόησαν.
1806 2890 1999 2941 υἷκήματα
2030 2890 2099 2941 γὰρ
2121 2889 2213 2929 κατὰ
2248 2890 2372 2944 χιλίων

1350 2953 1520 3005 βημάτων
1534 2953 1712 3003 διάστημα
1732 2951 1937 3002 δειμάμενοι
1956 2950 2051 3003 παρὰ
2071 2950 2134 2999 τὴν
2148 2951 2240 3000 ὁδὸν,
2254 2967 2372 2992 νυκτε-

1351 3013 1462 3067 ρινοὺς
1492 3014 1606 3057 αὐτοῖς
1631 3011 1893 3065 ἐγκατέστησαν
1922 3011 2102 3063 φύλακας,
2132 3011 2195 3059 τὴν
2231 3012 2371 3053 ἐκείνων

1349 3075 1541 3128 ἀγρυπνίαν
1576 3075 1635 3113 καὶ
1667 3074 1729 3121 τὴν
1761 3073 1892 3126 σχολὴν
1925 3073 2089 3124 μέγιστον
2120 3071 2268 3124 κώλυμα
2300 3080 2372 3118 τοῖς

1348 3140 1416 3175 τῶν
1433 3136 1635 3189 κακούργων
1653 3135 1786 3188 ἐφόδοις
1806 3135 2092 3186 ἐπιτειχίσαντες.
2112 3134 2203 3174 Τότε
2219 3135 2254 3174 δέ
2275 3135 2373 3175 οὖδέν

1349 3197 1481 3235 τούτων
1510 3191 1550 3244 ἦν
1564 3228 1573 3245 ,
1595 3198 1657 3235 οὒκ
1686 3195 1786 3247 ἀγροὶ
1814 3201 1983 3247 συνεχεῖς,
2003 3197 2041 3233 οὐ
2066 3196 2183 3240 πόλεις
2196 3225 2206 3242 ,
2225 3197 2264 3235 οὗ
2282 3211 2367 3235 στα-

1349 3259 1428 3308 ῡμοὶ
1443 3289 1451 3303 ,
1480 3261 1517 3296 οὐ
1551 3257 1788 3309 καταγώγιον,
1815 3256 1852 3294 οὗ
1892 3257 1929 3293 τὸ
1963 3257 2205 3312 συνοδοιπόρον
2238 3257 2372 3310 ταχέως

1352 3321 1446 3365 ἰδεῖν,
1467 3321 1528 3357 οὐκ
1546 3321 1629 3357 ἄλλο
1642 3335 1671 3356 τι
1688 3319 1814 3356 τούτων
1834 3318 1930 3355 οὐδέν
1946 3335 1950 3339 ·
1966 3319 2028 3362 τὴν
2043 3317 2109 3370 γὰρ
2130 3321 2190 3365 τ’ἦς
2212 3319 2368 3371 ἀτραποῦ

1400 3449 1413 3468 ¹·
1466 3473 1473 3483 ,
1491 3446 1577 3477 vlt-ist
1601 3457 1630 3478 tn
1650 3445 1734 3476 Fon-kl
1769 3453 1796 3475 ’Ἰ
1819 3445 1901 3476 (ἶπ-Η·
1935 3447 2089 3486 'llr‹·t·'.',
