2513 3871
129 1894 246 1921 Primus
257 1892 292 1920 ad

103 1937 243 1962 sirtutem

104 1977 210 2012 gradus
229 1982 270 2004 ent
284 1997 291 2009 ,

103 2018 203 2046 ulit-nm
234 2019 293 2046 vir-

105 2061 160 2086 tuti
173 2059 293 2098 applau-

105 2100 186 2128 dore.

297 374 408 426 igitur
439 370 606 410 omnibus
641 368 774 420 gratias
791 374 934 418 agentes
962 365 1115 416 benigno
1146 364 1221 401 Deo
1241 392 1251 410 ,

297 442 515 486 reportemus
529 444 574 469 ex
594 430 660 467 hac
679 428 878 467 narratione
892 427 1048 464 smetum
1067 434 1101 463 et
1117 424 1256 463 utilita-

297 505 367 533 tem
386 510 394 531 :
415 493 636 531 continenter
655 491 755 529 hunc
773 498 808 528 et
831 489 867 527 in
887 487 1113 526 consessibus
1131 517 1141 536 ,
1162 495 1197 525 et
1216 486 1253 524 in

296 554 451 601 aedibus,
464 562 497 591 et
517 553 552 590 in
562 551 818 602 for0,denique
832 550 868 588 in
885 549 982 588 omni
1002 548 1080 586 loco
1093 548 1253 586 circum-

295 617 461 660 ferentes,
476 627 686 664 summoque
704 611 824 650 studio
841 610 991 649 divitias
1011 622 1149 655 omnm,
1166 622 1255 659 quas

295 676 403 716 habet
420 676 493 714 liaec
514 673 704 728 parabola,
719 672 976 726 percipientes,
997 684 1069 721 quo
1096 669 1255 708 simulet

295 737 479 791 praesentia
496 737 583 775 citra
603 735 802 774 molestiam
827 733 920 772 mala
942 742 1230 771 transcurramus
1243 761 1252 778 ,

295 808 330 838 et
363 799 566 837 futurorum
599 796 774 835 bonorum
815 802 995 847 compotes
1027 792 1223 831 evadamus
1245 807 1252 827 :

295 874 375 913 quae
389 859 492 899 nobis
502 858 670 897 omnibus
689 858 870 908 contingat
889 854 1045 906 assequi,
1061 854 1176 906 gratia
1193 853 1255 891 be-

298 922 546 974 nignitateque
557 919 823 958 Domiuinostri
835 919 919 957 Jesu
929 916 1079 965 Christi,
1096 915 1154 953 cui
1173 929 1254 953 cum

300 985 406 1022 Pau-e
424 991 458 1021 et
477 981 615 1035 Spiritu
632 990 752 1019 sancto
768 979 893 1031 gloria,
914 978 1048 1023 honor,
1065 977 1228 1015 adoratio
1241 1006 1251 1025 ,

298 1057 394 1083 nunc
408 1053 444 1082 et
460 1057 617 1096 semper,
638 1050 672 1080 et
687 1041 722 1080 in
743 1040 870 1079 saecula
885 1038 1114 1078 saeculorum.
1132 1041 1253 1076 Amen.

665 1172 852 1179 ‘—

302 1273 384 1311 DE
410 1272 684 1310 LAZARO
709 1270 950 1309 CONCIO
967 1267 1254 1307 SECUNDA.-

353 1342 389 1372 et
413 1333 520 1384 quod
543 1336 684 1371 anitnoe
701 1340 823 1369 morte
852 1331 1036 1369 ‘violenta
1062 1328 1255 1366 deceden-

355 1397 452 1433 tium
479 1408 556 1432 non
570 1394 671 1444 fiunt
693 1394 887 1431 doemones
907 1390 1205 1443 :dequejudicio
1220 1397 1257 1426 et

354 1456 615 1505 eleemosyna.

357 1563 394 1601 1.
421 1558 633 1598 Admiratus
649 1572 729 1597 sum
748 1556 934 1596 caritatem
953 1564 1109 1594 vestram
1137 1586 1145 1600 ,
1175 1568 1258 1593 cum

302 1635 415 1674 nuper
431 1621 476 1659 de
495 1622 626 1659 Lazaro
644 1620 753 1658 vcrba
772 1619 937 1667 facerem,
954 1615 1050 1669 quod
1065 1626 1099 1655 et
1117 1629 1259 1669 paupe-

301 1682 351 1722 ris
369 1682 468 1721 illius
487 1681 711 1720 tolerantiam
728 1679 914 1727 laudastis,
930 1678 1103 1717 etdivitis
1126 1678 1259 1715 imma-

303 1745 449 1783 nitatem
471 1743 843 1794 inhumanitatemque
861 1741 1023 1781 detestati
1051 1740 1148 1779 estis.
1168 1740 1259 1779 Nam

303 1806 370 1844 ista
391 1821 460 1845 non
477 1805 646 1858 vulgaria
667 1815 749 1844 suut
763 1805 866 1842 bonae
885 1803 1013 1843 mentis
1030 1810 1258 1854 argumenta.

306 1872 448 1911 Etenim
463 1872 632 1924 quamvis
646 1885 716 1909 non
732 1880 908 1909 sectemur
927 1869 1113 1914 virtutem,
1129 1867 1159 1905 si
1176 1866 1261 1904 lau-

305 1933 431 1973 demus
461 1944 578 1972 tamen
609 1933 778 1971 virtutem
795 1961 805 1979 ,
823 1933 969 1970 omnino
990 1929 1186 1983 poterimus
1217 1927 1261 1965 ad

307 1994 406 2033 illam
426 1995 638 2047 pertingere.
662 1993 839 2034 Similiter
867 2001 986 2030 autem
1002 2020 1011 2037 ,
1029 1990 1167 2029 etiamsi
1193 2003 1262 2027 non

306 2055 488 2108 fugiamus
506 2055 739 2103 malitiam,si
758 2063 874 2093 tamen
895 2053 1141 2105 vituperemus
1161 2051 1265 2090 mali·

306 2119 392 2158 tiam
407 2149 418 2166 ,
433 2118 508 2157 sine
521 2118 634 2157 dubio
649 2118 847 2171 poterimus
863 2117 962 2155 illam
978 2117 1147 2167 effugere.
1162 2118 1264 2164 Quo-

305 2182 402 2220 niam
423 2180 534 2231 igitur
551 2180 662 2218 multa
683 2194 764 2218 cum
791 2179 900 2217 animi
921 2178 1168 2217 benevolentia
1192 2192 1266 2216 ser-

306 2256 427 2281 mones
456 2242 536 2280 illos
565 2241 778 2294 excepistis,
796 2255 861 2292 age
888 2255 966 2292 qua:
997 2249 1127 2278 restant
1159 2239 1265 2277 etiam

313 2303 418 2342 vobis
437 2303 694 2356 persolvamus.
715 2302 870 2342 Vidistis
903 2302 1006 2340 illum
1027 2301 1062 2340 in
1086 2300 1266 2340 vestibulo

310 2364 456 2411 divitis,
473 2363 592 2402 videte
610 2362 774 2402 eumdem
803 2362 910 2402 bodie
930 2363 966 2401 iu
985 2363 1064 2401 sinu
1085 2362 1265 2400 Abrahae:

307 2426 449 2464 vidistis
466 2426 570 2464 illum
592 2440 673 2464 cum
695 2441 713 2463 a
734 2425 883 2464 canibus
904 2425 1239 2476 circumlingeretur
1257 2455 1266 2472 ,

309 2487 427 2526 videte
462 2487 629 2526 eumdem
659 2488 706 2526 ab
742 2487 879 2540 angelis
904 2488 1103 2540 stipatum:
1123 2486 1268 2524 vidistis

312 2549 415 2587 illum
431 2559 506 2587 tum
529 2549 562 2587 in
584 2558 793 2602 paupertate
809 2579 818 2596 ,
839 2548 959 2587 videte
986 2563 1080 2586 nunc
1100 2547 1266 2586 eumdem

312 2611 347 2648 in
374 2610 514 2649 deliciis·
536 2627 543 2646 ι
567 2610 711 2649 vidistis
745 2610 847 2648 illum
876 2610 911 2648 in
949 2611 1054 2654 fame,
1077 2610 1195 2648 videte
1229 2611 1263 2647 in
1282 2640 1329 2664 727

310 2671 421 2709 multa
436 2686 554 2710 rerum
567 2672 749 2710 affluentia
767 2689 774 2709 :
790 2671 933 2710 vidistis
948 2671 1052 2710 illum
1065 2681 1269 2718 certantem,
1294 2678 1318 2706 Α

313 2732 432 2770 videte
453 2743 662 2772 coronatum
682 2749 689 2770 :
711 2732 853 2771 vidistis
874 2733 1024 2780 labores,
1039 2732 1157 2771 videte
1178 2748 1270 2785 prae-

315 2794 427 2832 mium
444 2825 454 2842 ,
470 2803 645 2846 quotquot
661 2794 744 2832 estis
761 2793 818 2832 vel
837 2793 982 2840 divites,
999 2794 1053 2832 vel
1070 2808 1242 2847 pauperes
1259 2810 1266 2833 :

313 2852 445 2891 divites
466 2854 611 2905 quidem
629 2884 639 2900 ,
659 2869 702 2893 nc
725 2854 857 2907 putetis
881 2853 1026 2892 divitias
1046 2854 1182 2906 aliquid
1198 2868 1272 2892 esse

317 2914 448 2962 magni,
469 2915 497 2952 si
519 2915 611 2953 desit
634 2915 769 2962 virtus5
793 2929 966 2968 pauperes
982 2929 1065 2954 vero
1079 2946 1090 2964 ,
1109 2930 1151 2953 ne
1165 2914 1272 2967 judi-

317 2975 403 3012 cetis
435 2985 679 3028 paupertatem
701 2976 815 3014 ullum
830 2991 907 3014 esse
921 2975 1056 3014 malum
1083 2992 1090 3013 :
1112 2976 1272 3027 utrisque

319 3049 402 3073 vero
422 3038 656 3075 cottttnttnitt·t·
690 3046 759 3075 stat
779 3037 836 3075 hic
856 3045 1065 3089 praeceptor.
1087 3036 1225 3075 Etenim
1244 3036 1271 3073 si

322 3096 378 3133 liic
397 3096 430 3133 in
453 3106 659 3149 paupertate
676 3112 744 3135 non
761 3096 970 3148 indignatus
989 3106 1039 3136 est
1054 3127 1064 3143 ,
1080 3112 1188 3149 quam
1209 3111 1274 3135 ve-

324 3156 417 3193 niam
450 3167 627 3195 merentur
643 3159 704 3209 qui
724 3158 759 3196 id
779 3158 912 3196 faciunt
928 3159 961 3197 in
981 3158 1147 3197 divitiis?
1167 3159 1196 3196 si
1217 3159 1275 3196 hic

326 3230 359 3253 in
376 3217 465 3254 same
481 3219 656 3269 tantisque
668 3219 770 3256 malis
786 3219 917 3271 degens
935 3219 1066 3271 gratias
1081 3221 1169 3272 egit,
1184 3220 1273 3272 quid

327 3278 563 3315 excusationis
588 3281 734 3317 assei-eut
759 3280 819 3330 qui
842 3281 946 3318 rebus
961 3281 1191 3319 asllucutibus
1207 3295 1274 3319 nou

328 3336 373 3374 ad
391 3337 547 3375 eamdem
571 3340 694 3377 volunt
713 3341 896 3391 pervenire
922 3342 1117 3380 virtutem?
1139 3343 1276 3381 llursus

371 3442 499 3473 (Iollam
528 3444 799 3474 ‹<··1u(21›‹ln·0lm.-
827 3447 900 3477 Mn.
932 3448 1040 3480 Regiis
1068 3450 1150 3479 Ulli?
1166 3475 1172 3484 ,
1195 3451 1278 3478 lsswt
1297 3474 1303 3485 ,

331 3493 647 3526 1ῑιιῡι;ι;οιιι«·ιιιιω
673 3499 718 3532 t‘J,
754 3499 820 3528 tut.
842 3499 879 3529 ln
896 3498 992 3529 titulo
1007 3507 1071 3530 tres
1089 3500 1164 3531 Mu.
1185 3499 1308 3532 tuln-nt

743 285 782 316 S.
818 282 988 315 mantis
1022 279 1264 311 cttnvsosr.
1307 279 1514 309 Ancttttzt‘.
1551 277 1911 308 coxs'rANTtNov.

1323 377 1439 406 νοντες
1460 363 1628 407 πλοῦτον,
1647 362 1704 399 ἵνα
1724 362 1784 400 καὶ
1812 362 1856 400 τὰ
1874 361 2032 413 παρόντα
2060 361 2201 405 ἀλύπως
2227 376 2346 414 παρα-

1325 423 1515 476 δρᾶμωμεν
1548 423 1644 463 δεινὰ
1656 451 1667 469 ‚
1696 423 1758 462 καὶ
1789 424 1858 461 τῶν
1895 422 2093 473 μελλόντων
2124 422 2347 474 ἐπιτύχωμεν

1326 485 1468 536 ἀγαθῶν
1482 499 1491 508 ·
1512 479 1561 524 ὧν
1579 484 1715 536 γένοιτο
1733 483 1868 527 πάντας
1885 487 1981 535 ἡμᾶς
1999 483 2208 530 ἀξιωθῆναι,
2226 485 2348 538 χάριτι

1327 546 1387 584 καὶ
1409 546 1653 599 φιλανθρωπίᾳ
1672 549 1732 584 τοῦ
1753 544 1880 596 Κυρίου
1911 548 2014 596 ἡμῶν
2035 544 2152 593 Ἰησοῦ
2173 546 2349 598 Χριστοῦ,

1328 606 1407 658 μεθ’
1427 601 1466 646 οὗ
1486 610 1536 660 τῷ
1563 607 1701 660 Πατρὶ,
1727 606 1802 658 ἅμα
1832 609 1883 659 τῷ
1903 607 1993 659 ἁγίῳ
2021 606 2222 658 Πνεύματι,
2243 607 2323 652 δόξα
2338 637 2348 656 ,

1325 668 1437 719 τιμὴ,
1452 669 1688 720 προσκύνησις
1700 697 1710 717 ,
1729 673 1787 707 νῦν
1804 668 1865 706 καὶ
1884 668 1938 708 ἀεὶ
1949 698 1960 718 ,
1980 668 2039 708 καὶ
2064 670 2113 713 εἶς
2132 668 2210 712 τοὺς
2224 670 2352 713 αἰῶνας

1326 732 1396 769 τῶν
1412 730 1548 769 αἰώνων
1563 759 1570 768 .
1592 729 1626 768 Ἀ
1632 729 1715 782 μήν.

1453 1161 2342 1168 —.-—-————-

1334 1267 1414 1304 ΕΙΣ
1453 1269 1554 1306 ΤοΝ
1596 1270 1829 1307 ΔΑΖΑΡΟΝ
1871 1271 2037 1309 ΛΟΓΟΣ
2064 1271 2328 1310 ΔΕΥΤΕΡΟΣ
2347 1300 2357 1317 ,

1384 1327 1443 1365 καὶ
1466 1328 1519 1366 ὅτι
1539 1332 1574 1367 αἱ
1590 1330 1703 1381 ψυχαὶ
1722 1332 1792 1367 τῶν
1813 1330 2028 1380 βιοθανάτων
2047 1331 2086 1369 οὐ
2105 1331 2260 1382 γίνονται
2279 1332 2356 1370 δαί-

1387 1403 1505 1437 μονες,
1525 1390 1584 1428 καὶ
1600 1391 1682 1442 περὶ
1699 1390 1846 1443 κρίσεως
1865 1392 1924 1430 καὶ
1943 1391 2190 1443 ἐλεημοσύνης.

1389 1555 1599 1606 Ἐθαύμασα
1627 1555 1690 1603 τὴν
1721 1556 1864 1608 ἀγάπην
1897 1561 1995 1608 ὑμῶν
2009 1588 2018 1602 ,
2040 1557 2097 1596 ὅτε
2120 1557 2179 1596 τὸν
2197 1557 2279 1610 περὶ
2297 1560 2360 1596 τοῦ

1335 1618 1498 1670 Λαζάρου
1517 1618 1639 1671 πρῴην
1674 1618 1821 1665 ἐκίνησα
1854 1618 1975 1671 λόγον,
2006 1619 2060 1658 ὅτι
2088 1619 2149 1658 καὶ
2179 1619 2244 1667 τὴν
2273 1620 2360 1658 ὓπο-

1336 1679 1444 1730 μονὴν
1472 1684 1533 1718 τοῦ
1561 1679 1711 1727 πένητος
1738 1680 1972 1728 ἀπεδέξασθε,
2006 1680 2065 1719 καὶ
2098 1681 2161 1728 τὴν
2192 1680 2359 1732 ὠμότητα

1337 1742 1396 1779 καί
1425 1742 1678 1794 ἀπανθρωπίαν
1708 1746 1767 1780 τοῦ
1784 1743 2015 1786 πλουτοῦντος
2034 1742 2281 1796 ἀπεστράφητε
2294 1754 2301 1761 ·
2322 1744 2360 1781 οὗ

1338 1803 1448 1856 μικρὰ
1471 1803 1507 1842 δὲ
1540 1808 1648 1842 ταῦτα
1681 1802 1940 1854 καλοκαγαθίας
1968 1804 2152 1855 δείγματα.
2187 1804 2262 1842 Κᾶν
2293 1804 2362 1856 γὰρ

1339 1865 1388 1915 μὴ
1409 1865 1586 1916 μετίωμεν
1619 1865 1766 1919 ἀρετὴν,
1797 1867 1998 1915 ἐπαινῶμεν
2025 1865 2059 1904 δὲ
2091 1865 2239 1918 ἀρετὴν,
2258 1866 2361 1912 δυνη-

1339 1927 1470 1978 σόμεθα
1489 1927 1627 1971 πάντως
1648 1928 1756 1973 αὐτὴν
1779 1928 1975 1978 μετελθεῖν·
1999 1927 2062 1965 κᾶν
2099 1926 2149 1976 μὴ
2179 1927 2363 1980 φεύγωμεν

1339 1987 1485 2037 κακίαν,
1502 1988 1592 2027 ἀλλὰ
1619 1988 1784 2042 ψέγωμεν
1814 1989 1941 2027 κακίαν
1957 2018 1967 2035 ,
1986 1989 2205 2039 δυνησόμεθα
2224 1989 2365 2031 πάντως

1340 2050 1449 2097 αὐτὴν
1469 2051 1642 2102 ἐκφυγεῖν.
1664 2050 1768 2089 Ἐπεὶ
1786 2043 1843 2089 οὖν
1862 2049 1950 2101 μετὰ
1968 2051 2102 2095 πολλῆς
2121 2049 2254 2093 εὖνοίας
2275 2050 2363 2089 ἐκεί·

1341 2127 1417 2156 νους
1433 2112 1641 2157 ὑπεδέξασθε
1659 2112 1737 2155 τοὺς
1752 2112 1890 2164 λόγους,
1908 2111 2009 2165 φέρε,
2027 2113 2087 2150 καὶ
2102 2110 2146 2149 τὰ
2172 2111 2364 2163 λειπόμενα

1340 2177 1422 2224 ὑμῖν
1441 2174 1693 2225 ἀποδώσωμεν.
1725 2174 1847 2213 Ιίῖδετε
1875 2174 1977 2212 αὐτὸν
2009 2174 2044 2211 ἐν
2072 2175 2122 2225 τῷ
2142 2174 2276 2211 πυλῶνι
2304 2176 2365 2211 τοῦ

1341 2235 1508 2274 πλουσίου
1544 2235 1642 2280 τότε,
1671 2235 1819 2287 βλέπετε
1838 2235 1940 2274 αὐτὸν
1962 2235 2115 2287 σήμερον
2143 2235 2179 2272 ἐν
2197 2240 2269 2277 τοῖς
2284 2233 2365 2273 κόλ·

1342 2312 1419 2340 ποις
1442 2300 1502 2335 τοῦ
1522 2296 1692 2348 Ἁδραάμ·
1714 2297 1824 2335 εἴδετε
1855 2296 1956 2335 αὐτὸν
1976 2296 2044 2335 ὑπὸ
2073 2296 2186 2334 κυνῶν
2211 2296 2364 2347 περιλει-

1342 2359 1489 2411 χόμενον
1504 2388 1513 2401 .
1536 2358 1683 2410 βλέπετε
1699 2359 1800 2397 αὐτὸν
1819 2358 1888 2396 ὑπὸ
1903 2361 1972 2396 τῶν
1991 2356 2149 2409 ἀγγέλων
2165 2355 2367 2409 δορυφορού-

1344 2435 1462 2471 μενον·
1483 2420 1592 2458 εἴδετε
1609 2421 1710 2459 αὐτὸν
1732 2422 1765 2459 ἐν
1787 2419 1890 2471 πενίᾳ
1913 2419 2010 2466 τότε,
2032 2418 2178 2470 βλέπετε
2199 2419 2234 2457 ἐν
2253 2420 2366 2470 τρυφῇ

1342 2486 1398 2520 νῦν
1413 2494 1421 2503 ·
1441 2482 1549 2521 εἴδετε
1563 2483 1598 2520 ἐν
1611 2484 1706 2534 λιμῷ
1719 2511 1729 2529 ,
1746 2482 1894 2533 βλέπετε
1909 2481 1944 2518 ἐν
1961 2479 2108 2533 ἀφθονία
2122 2481 2246 2532 πολλῇ·
2260 2479 2368 2518 εἴδετε

1343 2543 1611 2595 ἀγωνιζόμενον,
1629 2543 1775 2595 βλέπετε
1788 2542 2060 2595 στεφανούμενον
2073 2556 2081 2564 ·
2099 2541 2208 2580 εἴδετε
2218 2538 2296 2583 τοὺς
2306 2538 2370 2579 πό·

1343 2621 1421 2650 νους
1431 2635 1440 2651 ,
1457 2605 1606 2657 βλέπετε
1628 2604 1689 2648 τὰς
1714 2603 1864 2654 dumea<
1877 2603 1936 2641 καὶ
1950 2602 2110 2641 πλούσιοι
2125 2601 2184 2640 καὶ
2197 2601 2343 2647 πένητες
2359 2614 2364 2619 ·

1344 2668 1504 2706 πλούσιοι
1520 2665 1603 2717 μὲν,
1617 2665 1673 2703 ἵνα
1691 2664 1740 2716 μὴ
1757 2665 1847 2715 μέγα
1864 2657 1951 2703 εἶναι
1967 2664 2130 2713 νομίζητε
2145 2662 2202 2701 τὸν
2220 2663 2370 2701 πλοῦτον

1343 2728 1453 2781 χωρὶς
1473 2729 1599 2780 ἀρετῆς
1612 2757 1621 2774 ,
1637 2726 1783 2771 πένητες
1798 2725 1854 2772 δὲ,
1874 2724 1931 2763 ἵνα
1951 2725 2059 2775 μηδὲν
2080 2723 2186 2762 κακὸν
2207 2723 2369 2774 νομίζητε

1345 2784 1433 2829 εἶναι
1467 2788 1530 2836 τὴν
1567 2788 1689 2827 πενίαν
1702 2804 1709 2811 ·
1744 2787 1920 2838 ἑκατέροις
1956 2786 1991 2825 δὲ
2025 2786 2233 2830 διδάσκαλος
2273 2779 2371 2829 οὗτος

1345 2851 1504 2896 ἕστηκεν.
1527 2851 1570 2888 lii
1599 2848 1667 2901 γὰρ
1687 2851 1721 2887 ἐν
1751 2849 1854 2902 πενία
1873 2850 2001 2891 ἐκεῖνος
2028 2847 2076 2885 ὢν
2094 2848 2155 2886 οὐκ
2175 2847 2370 2886 ἀπεδυσπέ-

1346 2927 1451 2959 τησε,
1471 2911 1549 2949 τίνα
1584 2910 1699 2955 ἕξουσι
1731 2908 1940 2960 συγγνώμην
1971 2910 2002 2946 οἱ
2034 2910 2068 2946 ἐν
2104 2908 2246 2961 πλούτῳ
2270 2911 2374 2946 τοῦτο

1348 2977 1543 3019 ποιοῦντες;
1564 2973 1592 3010 εἰ
1615 2973 1649 3009 ἐν
1682 2972 1776 3024 λιμῷ
1795 2970 1853 3008 καὶ
1886 2970 2061 3012 τοσούτοις
2092 2976 2211 3013 κακοῖς
2239 2968 2288 3007 ὢν
2317 2969 2372 3007 εὖ·

1349 3035 1545 3087 χαρίστησι
1562 3063 1571 3077 ,
1602 3033 1706 3072 ποίαν
1734 3032 1867 3077 ἕξουσιν
1896 3031 2087 3081 ἀπολογίαν
2106 3034 2137 3070 οἱ
2167 3032 2245 3081 μετ’
2264 3033 2371 3082 ἀφθο-

1350 3098 1424 3140 νίας
1439 3096 1488 3149 μὴ
1513 3096 1717 3147 βουλόμενοι
1745 3094 1829 3146 πρὸς
1852 3094 1915 3140 τὴν
1942 3093 2049 3140 αὐτὴν
2081 3095 2190 3132 ἐλθεῖν
2224 3091 2373 3145 &pn-vlu

1351 3159 1466 3197 Πάλιν
1485 3162 1516 3197 οἱ
1531 3157 1675 3204 πένητες
1694 3159 1725 3195 οἱ
1741 3155 1798 3194 διὰ
1825 3155 1888 3200 τὴν
1914 3171 2018 3207 murs-
2022 3155 2074 3193 ίαν
2097 3157 2374 3204 ἀγανακτοῦντες

1352 3221 1411 3258 καὶ
1430 3218 1756 3269 ’δυσχεραίνοντεῃ
1788 3216 1865 3254 τίνα
1893 3215 2005 3259 ἕξουσι
2035 3214 2262 3267 συγγνώμην,
2290 3212 2373 3252 ὅταν

1352 3275 1449 3322 οὗτος
1469 3282 1503 3318 ἐν
1523 3281 1616 3329 λιμῷ
1644 3278 1703 3316 καὶ
1735 3278 1838 3328 πενίᾳ
1869 3277 1928 3314 καὶ
1949 3277 2078 3329 ἐρημία
2107 3276 2165 3314 καὶ
2197 3274 2374 3327 ἀρρωστία

1352 3344 1501 3388 διηνεκεῖ
1523 3343 1589 3385 ζῶν
1612 3343 1644 3378 ἐν
1667 3339 1757 3391 οἰκία
1776 3341 2022 3382 πλουτοῦντος,
2044 3338 2101 3375 καὶ
2122 3336 2216 3387 παρὰ
2233 3334 2371 3373 πάντων

1386 3452 1528 3490 ,ιῖῑθῃι-ιίιϊ

1432 3510 1443 3523 ⁸
1469 3497 1570 3530 §.unt
1590 3499 1619 3529 iu
1641 3500 2054 3539 marg.‹20:2722111032215.
