2513 3871
103 2388 191 2417 Rom.

109 2431 159 2459 15.

242 2399 288 2419 12.

147 2506 287 2542 Stngiriun

102 2558 115 2574 a
137 2548 267 2575 daemone

102 2595 232 2616 ventur.

772 202 810 230 S·
851 199 1036 230 JOAstNlS
1072 199 1155 229 ΕΗΒ
1165 196 1315 228 t'SOST.

337 206 420 254 ¹90

323 287 434 326 lenire
453 285 613 325 moeroris
632 299 641 321 ε
662 283 830 335 quoniam
853 295 937 321 vero
954 290 990 320 et
1007 279 1167 334 eorporis
1185 279 1279 319 mala

323 346 492 387 valetudo
505 376 516 395 ‚
534 355 570 385 et
588 345 752 383 invectus
773 344 810 382 in
834 351 942 396 caput
965 350 1127 381 nostrum
1148 340 1275 389 dolor,

1355 196 1561 230 Attcttttze.
1599 200 1768 233 consu
1777 199 1940 233 wrtNoe
1949 221 1959 230 .

1356 280 1393 319 δὲ
1415 284 1437 328 ἠ
1454 286 1515 321 τοῦ
1539 283 1702 334 σώματος
1724 285 1906 332 ἀσθένεια,
1937 284 1997 323 καὶ
2017 285 2056 324 τὸ
2085 287 2320 338 κατασκῆψαν
2339 288 2383 338 τῇ

1352 344 1489 396 κεφαλῇ
1507 345 1615 384 κακὸν
1634 346 1724 385 οἶκοι
1743 346 1860 397 μένειν
1891 347 2162 398 καταναγκάσειν
2174 377 2185 396 ,
2205 346 2384 386 διακονίαν

321 409 419 447 domi
451 421 513 445 nos
529 419 670 444 manere
702 404 966 457 compulerunt,
986 403 1161 455 nobisque
1189 402 1275 442 tanti
1291 429 1338 454 ,ω
1356 407 1515 444 τοσοῦτον
1538 406 1686 458 ἔχουσαν
1707 407 1826 458 κέρδος
1848 410 1943 457 ἡμᾶς
1962 407 2145 459 ἀφείλετο,
2175 406 2263 460 ὅπερ
2289 406 2382 446 ἐστὶν

320 470 410 508 lueri
437 468 673 506 ministerium
700 465 940 516 abstulerunt,
963 466 1041 519 jam
1067 464 1166 516 quod
1190 463 1278 504 reli-
1303 468 1328 497 Α

319 545 432 583 quum
451 540 503 569 est
524 544 589 584 pro
611 528 849 568 consolatione
869 536 927 566 tua
941 556 951 571 .
979 536 1012 565 et
1038 541 1102 579 pro
1123 526 1278 565 utilitate

320 602 454 640 nostra,
470 592 537 630 boc
557 601 596 630 ut
609 590 761 630 facultas
776 590 876 637 seret,
896 588 1064 628 inducere
1080 603 1148 627 non
1164 587 1277 640 negli-

320 669 459 706 gemus.
481 653 657 693 Profuerit
676 653 771 691 enim
791 651 827 690 id
849 651 912 689 tihi
933 652 1080 689 sortasse
1095 650 1210 702 magis
1227 648 1276 688 ad

322 726 510 770 praesentes
521 715 688 754 adversos
702 729 803 752 casus
815 712 1006 752 fortissime
1022 711 1196 751 sciendos.
1208 712 1274 751 Sin

322 792 407 818 vero
426 778 516 816 nibil
536 777 606 816 tale
625 774 874 829 perfecerimus
890 805 899 820 ,
921 783 1015 813 certe
1036 774 1091 812 vel
1116 775 1152 812 in
1175 773 1276 812 nullo

319 855 382 879 nos
399 840 560 878 osticium
576 838 789 883 deseruisse,
818 836 980 888 nihilque
1004 836 1167 874 omisisse
1183 835 1273 874 dili-

317 901 444 953 gentiae
463 915 526 940 nos
544 899 809 944 consolabitur,
831 898 1039 949 meliorique
1057 897 1178 935 animo
1199 911 1274 935 csse

317 963 353 1002 in
373 963 551 1015 reliquum
574 962 691 1003 faciet.
713 963 747 1000 ls
769 960 866 999 enim
880 989 891 1007 ,
913 959 975 1011 qui
997 968 1122 998 cuncta
1143 958 1275 1011 imple-

316 1024 422 1071 verit,
444 1039 523 1076 quae
541 1023 586 1062 ad
603 1021 770 1062 levandos
783 1020 924 1059 dolores
944 1021 1100 1059 maxime
1113 1020 1275 1059 conferre

314 1086 508 1124 arbitratus
522 1086 643 1133 fucrit,
662 1084 799 1123 etiamsi
817 1083 907 1122 nihil
921 1081 1022 1122 aliud
1044 1091 1202 1135 peragat,
1217 1082 1273 1121 vel

313 1147 539 1198 cogitationis
552 1147 676 1186 saltem
688 1155 795 1196 atque
815 1143 1035 1183 conscientiae
1050 1144 1274 1184 accusatione

313 1209 508 1256 liberatur,
527 1208 790 1257 criminumque
819 1219 925 1243 onere
947 1203 1110 1257 deposito
1125 1234 1135 1251 ,
1159 1205 1271 1243 solam

313 1270 490 1309 moestitiae
507 1269 681 1308 sarcinam
698 1267 853 1320 perferre
867 1266 1021 1316 cogitur.
1043 1265 1082 1303 Si
1103 1265 1212 1316 igitur
1225 1279 1271 1303 ex

311 1331 456 1369 illorum
473 1344 583 1368 essem
601 1342 759 1372 numero,
781 1327 843 1378 qui
862 1328 937 1366 Deo
955 1325 1168 1364 familiarius
1186 1339 1270 1364 con—

305 1392 422 1444 juncti
439 1391 635 1444 plurimum
650 1389 749 1442 apud
766 1389 868 1426 illum
889 1395 1050 1440 possunt,
1070 1400 1268 1438 numquam

310 1453 465 1506 profecto
484 1467 585 1491 orare
609 1461 642 1489 et
669 1451 854 1489 obsecrare
881 1463 945 1502 pro
972 1448 1060 1488 mihi
1083 1447 1269 1488 carissimo

308 1515 425 1567 capite
451 1514 657 1553 desisterem
680 1527 689 1550 :
712 1512 882 1563 quoniam
910 1520 1029 1550 autem
1054 1510 1267 1563 hujusmodi

310 1577 405 1615 vires
419 1585 523 1628 atque
541 1574 793 1614 confidentiam
814 1572 902 1611 mihi
917 1572 1091 1611 scelerum
1105 1586 1265 1612 meorum

310 1637 504 1676 multitudo
522 1635 685 1682 abstulit,
700 1634 894 1673 verborum
909 1634 1185 1673 consolationem
1200 1634 1265 1673 tibi

308 1699 435 1737 afferre
453 1698 619 1738 conabor.
635 1698 727 1736 Nam
743 1705 776 1734 et
797 1695 832 1734 in
851 1695 894 1733 iis
907 1695 969 1746 qui
985 1709 1155 1748 corporea
1173 1695 1266 1734 mala

310 1758 515 1798 valetudine
536 1758 710 1804 laborant,
731 1771 812 1795 cum
835 1756 1055 1795 medicorum
1076 1756 1123 1794 sit
1142 1756 1267 1808 fugare

309 1821 465 1867 dolores,
483 1822 798 1871 infirmitatemque
812 1832 1050 1871 compescere,
1065 1832 1134 1857 non
1149 1827 1266 1858 tamen

308 1883 468 1933 famulis,
487 1882 549 1934 qui
565 1891 647 1921 sunt
663 1882 699 1920 in
715 1881 927 1925 ministerio.
945 1880 1171 1919 interdicitur
1186 1896 1266 1920 ver·

309 1943 438 1982 borum
463 1943 686 1990 consolatio;
714 1942 786 1980 imo
814 1956 900 1979 vcro
924 1941 960 1979 hi
991 1942 1148 1981 maxime
1166 1954 1262 1990 sunt,

309 2005 373 2056 qui
389 2005 552 2058 plurimis
567 2005 602 2043 in
622 2001 837 2042 consolando
854 2001 972 2041 verbis
992 2012 1163 2052 utuntur,
1182 2019 1265 2044 cum

308 2079 391 2116 erga
409 2066 576 2105 dominos
595 2066 684 2104 bene
707 2064 824 2103 al'l'ccti
847 2073 943 2103 sunt.
966 2064 1006 2103 Si
1033 2065 1124 2116 quid
1145 2066 1265 2118 itaque

307 2126 445 2165 dictum
474 2127 579 2166 fuerit
605 2142 623 2164 a
656 2126 773 2172 nobis,
799 2125 896 2176 quod
922 2125 1017 2164 hunc
1049 2126 1263 2166 immensum

307 2187 467 2228 dolorem
482 2198 583 2228 tuum
605 2189 714 2242 possit
730 2188 973 2238 exstinguere,
994 2187 1128 2227 sactum
1143 2190 1210 2228 erit
1225 2199 1264 2229 ut

307 2259 472 2303 optamus
489 2267 496 2287 ε
516 2250 568 2288 sin
586 2264 671 2288 vero
688 2248 896 2302 hujusmodi
911 2249 1004 2287 nihil
1026 2249 1186 2289 invenire
1202 2262 1265 2291 aut

308 2311 404 2363 loqui
422 2312 654 2364 potuerimus,
668 2311 892 2349 voluntatem
908 2319 1023 2349 tamen
1039 2321 1209 2360 nostram,
1223 2328 1264 2352 ac

307 2374 528 2426 propositum
545 2372 606 2411 illc
617 2372 848 2425 approbabit,
862 2371 925 2423 qui
941 2386 1002 2424 per
1015 2372 1159 2412 beatum
1174 2374 1265 2413 Pau-

306 2435 381 2473 lum
399 2436 482 2474 ssere
502 2449 583 2473 cum
601 2433 783 2480 flentibus,
804 2433 1076 2487 humilibusque
1099 2435 1264 2476 condole-

306 2509 343 2534 re
361 2496 478 2548 jussit.
494 2495 649 2535 Videtur
668 2495 787 2547 itaque
807 2510 875 2535 una
891 2511 965 2535 esse
978 2511 1084 2535 (musa
1103 2498 1264 2537 moeroris

306 2555 382 2601 tui,
406 2555 614 2607 nequissimi
635 2555 771 2594 scilicet
789 2555 898 2607 liujus
917 2556 1090 2595 daemonis
1106 2557 1262 2607 insania;

305 2631 429 2656 verum
445 2617 492 2655 ab
508 2617 574 2656 hac
591 2617 701 2656 veluti
719 2617 838 2656 radice
859 2617 1015 2671 plurima
1035 2619 1146 2657 tristia
1163 2620 1263 2668 oriri,

303 2678 331 2716 si
359 2678 440 2729 quis
466 2687 560 2717 recte
586 2679 827 2731 perspexerit,
853 2679 1137 2719 animadvertet:
1165 2681 1263 2733 quod

305 2753 372 2777 non
394 2754 437 2777 cx
457 2740 594 2793 meipso
617 2739 725 2779 modo
741 2741 895 2790 colligo,
916 2741 978 2780 scd
993 2756 1037 2780 cx
1061 2742 1148 2787 illis,
1165 2757 1260 2794 quse,

302 2799 389 2838 dum
407 2800 544 2839 adesses
563 2815 697 2848 coram,
712 2810 745 2839 te
756 2801 885 2854 soepius
902 2812 1173 2854 conquerentem
1194 2819 1260 2843 an-

302 2859 394 2897 divi.
415 2861 532 2898 l‘riino
548 2870 580 2898 tc
596 2875 709 2913 nuper
721 2875 803 2898 cum
819 2861 978 2899 saeculari
996 2875 1094 2899 more
1110 2863 1261 2911 viveres,

306 2920 393 2959 nihil
414 2921 481 2959 talc
496 2936 638 2974 passum
659 2936 732 2959 essc
747 2937 757 2970 5
775 2921 836 2960 scd
857 2936 938 2960 cum
957 2923 1108 2975 teipsum
1127 2923 1261 2963 mundo

305 2982 536 3029 ‹·1·nciflxisti,
558 2992 640 3020 tunc
658 2983 692 3020 in
713 2983 829 3022 morbi
847 2998 988 3022 sensum
1009 2984 1159 3031 venisse,
1179 2999 1260 3037 qua:

305 3057 387 3080 sane
401 3058 454 3080 res
470 3044 579 3096 possit
597 3044 631 3082 in
649 3045 951 3097 perturbationem
972 3044 1079 3097 inque
1095 3045 1261 3100 despera-

306 3103 435 3141 tionem
454 3104 638 3155 conjicere.
656 3104 833 3154 Secundo,
847 3105 1064 3158 quodquam
1081 3107 1257 3160 plurimos

307 3164 464 3211 noveris,
486 3164 573 3203 dum
593 3166 743 3204 delicate
765 3167 950 3214 viverent,
975 3169 1040 3207 linc
1060 3178 1156 3221 pcstc
1175 3183 1255 3208 cor·
1288 3181 1311 3211 Ε

1299 1203 1322 1233 Β

350 3315 362 3327 ³
387 3302 488 3335 snut.
509 3311 605 3335 notat
623 3303 654 3335 iu
673 3316 778 3346 mnrg.
798 3310 847 3339 031
865 3312 1044 3348 ὸι-,ήσωμιν-

353 3358 368 3378 δ
391 3352 487 3387 colb.
503 3363 536 3387 ct.
551 3355 652 3388 sasil.
673 3364 774 3396 οὶοιτο,
793 3358 907 3389 Mun-t.
928 3365 1036 3395 οἴηται,

351 3420 356 3429 ⁴
389 3407 500 3439 Mors-l,
523 3408 584 3440 ‘315
608 3435 615 3445 ,
635 3407 733 3438 S.=vil.
769 3425 845 3441 fla>
864 3438 869 3444 ,
896 3418 1038 3452 ιίι-ηιιγιιι·
1063 3411 1147 3444 (Iulli
1192 3411 1317 3443 (lodo-x.

1354 466 1543 505 ὑπόλοιπον
1570 467 1630 506 καὶ
1650 468 1735 518 πρὸς
1755 467 1981 519 παραμυθίαν
2009 468 2072 516 τὴν
2095 469 2160 516 σὴν
2175 498 2185 516 ,
2215 469 2274 507 καὶ
2295 468 2381 519 πρὸς

1351 527 1524 579 ὠφέλειαν
1541 529 1606 575 τὴν
1621 529 1794 581 ἡμετέραν
1809 559 1819 573 ,
1835 533 1937 567 τοῦτο
1953 530 2044 568 κατὰ
2060 530 2206 581 δύναμιν
2229 532 2379 582 εἰσενεγ·

1351 593 1448 626 κεῖν·
1467 591 1529 628 οὐκ
1544 591 1750 640 ὀκνήσομεν.
1773 591 1876 634 Ὶσως
1897 589 1960 640 μὲν
1979 591 2047 642 γὰρ
2070 590 2169 630 ἔσται
2184 607 2219 630 τι
2245 590 2351 630 πλέον
2364 618 2377 639 ,

1350 650 1436 700 πρὸς
1449 651 1489 689 τὸ
1502 651 1545 690 τὰ
1556 652 1712 703 παρόντα
1724 667 1762 690 σε
1775 651 1891 703 φέρειν
1903 653 2069 703 γενναίως
2082 668 2088 676 ·
2111 652 2153 690 ἂν
2172 651 2209 692 δὲ
2223 651 2291 706 ἄρα
2305 667 2377 704 μη·

1350 712 1406 750 δέν
1420 727 1455 750 τι
1467 716 1619 752 τοιοῦτον
1636 714 1817 762 ἀνύω-»μεν
1830 742 1840 760 ,
1859 714 1900 752 τὸ
1916 718 1997 764 γοῦν
2012 715 2082 753 τῶν
2095 716 2144 757 εἰς
2158 717 2253 764 ἡμᾶς
2267 713 2376 762 ἡκόν-

1349 789 1417 811 των
1437 774 1659 826 ἐλλειῑιθῆναι
1681 774 1788 825 μηδὲν
1801 803 1811 821 ,
1832 778 1915 828 ῥᾷον
1933 777 2027 825 ἡμᾶς
2050 777 2246 814 διακεῖσθαι
2265 774 2374 822 ποιή·

1349 849 1403 873 σει
1418 840 1478 874 τοῦ
1494 837 1630 874 λοιποῦ.
1656 835 1702 873 ‘0
1722 835 1789 888 γὰρ
1811 837 1951 874 ἅπαντα
1972 836 2254 889 ἀναπληρώσας,
2286 836 2374 876 ὅσα·

1349 912 1416 949 περ
1438 897 1477 933 ἂν
1493 894 1509 916 ¹³
1529 897 1645 943 οἴηται
1671 898 1756 949 προς
1778 897 1876 936 λύσιν
1910 897 2026 951 φέρειν
2052 901 2122 937 τῶν
2153 898 2374 951 κατεχόντων

1349 959 1500 1010 ἀνιαρῶν
1510 986 1520 1002 ,
1534 958 1598 996 κᾶν
1621 958 1730 1008 μηδὲν
1745 958 1879 1010 περάνῃ
1889 989 1900 1007 ,
1914 963 1976 1006 τῆς
1990 963 2071 1010 γοῦν
2097 959 2166 998 ἀπὸ
2185 962 2256 998 τῶν
2276 961 2375 1011 λογι-

1349 1020 1448 1068 σμῶν
1467 1019 1580 1062 αἰτίας
1595 1021 1751 1071 ἀφεῖται,
1767 1019 1827 1057 καὶ
1850 1020 1890 1058 τὸ
1919 1022 1988 1057 τῶν
2013 1019 2248 1071 ἐγκλημάτων
2269 1020 2375 1072 ἄχθος

1348 1079 1573 1128 ἀποθέμενος,
1583 1081 1623 1118 τὸ
1636 1084 1698 1126 τῆς
1715 1079 1864 1130 ἀθυμίας
1875 1081 1989 1134 φέρειν
2002 1081 2237 1132 ἀναγκάζεται
2257 1081 2375 1131 μόνον.

1351 1141 1392 1178 Εἰ
1406 1140 1469 1189 μὲν
1489 1134 1546 1178 οὖν
1558 1143 1625 1178 τῶν
1640 1141 1912 1192 εὐδοκιμούντων
1933 1142 2030 1195 παρὰ
2049 1144 2132 1194 Θεῷ
2152 1142 2213 1180 καὶ
2238 1141 2376 1193 μεγάλα

1348 1201 1549 1250 δυναμένων
1580 1203 1769 1254 ἐτύγχανον
1787 1202 1836 1239 ὢν
1853 1231 1863 1250 ,
1886 1205 1949 1241 οὐκ
1974 1204 2014 1240 ἂν
2038 1203 2191 1242 διέλιπον
2216 1203 2376 1253 δεόμενος

1346 1263 1406 1299 καὶ
1427 1261 1592 1300 ἱκετεύων
1612 1263 1700 1313 ὑπὲρ
1722 1264 1784 1308 τῆς
1801 1263 1922 1312 τιμίας
1947 1263 2027 1313 ἐμοὶ
2058 1265 2212 1315 κεφαλῆς
2225 1279 2234 1288 ·
2251 1264 2374 1311 ἐπειδὴ

1346 1323 1384 1361 δέ
1415 1338 1459 1373 με
1487 1321 1551 1369 τὴν
1582 1322 1781 1374 παρρησίαν
1818 1322 1954 1370 ἐκείνην
1971 1324 2031 1362 καὶ
2046 1323 2110 1371 τὴν
2131 1323 2231 1376 ἰσχὺν
2250 1324 2291 1363 τὸ
2302 1327 2373 1364 τῶν

1344 1385 1611 1436 ἁμαρτημάτων
1648 1385 1780 1429 πλῆθος
1796 1383 2020 1436 παρῄρηται,
2040 1383 2105 1431 τὴν
2120 1384 2180 1423 διὰ
2204 1384 2373 1437 ῥημάτων

1343 1446 1568 1498 παράκλησιν
1602 1444 1819 1497 πειράσομαί
1849 1461 1904 1483 σοι
1923 1451 2174 1498 προσαγαγεῖν.
2202 1445 2274 1486 Καὶ
2304 1446 2374 1500 γὰρ

1343 1507 1402 1545 ἐπὶ
1420 1510 1489 1546 τῶν
1510 1506 1555 1546 τὰ
1573 1507 1723 1558 σώματα
1743 1506 1948 1557 καμνόντων
1963 1537 1974 1555 ,
1995 1509 2123 1558 ἰατρῶν
2148 1506 2212 1558 μὲν
2247 1509 2372 1562 ἀφανί-

1343 1584 1403 1608 σαι
1430 1569 1491 1612 τὰς
1526 1569 1720 1620 ἀλγηδόνας
1747 1567 1808 1606 καὶ
1841 1571 1977 1607 παῦσαι
2015 1568 2081 1614 τὴν
2113 1568 2235 1616 νόσον,
2260 1569 2301 1608 τὸ
2334 1569 2373 1610 δί

1341 1633 1562 1683 παρακαλεῖν
1594 1630 1671 1669 οὐδὲ
1695 1633 1764 1668 τῶν
1784 1631 1928 1668 οἰκετῶν
1948 1631 1979 1667 οἱ
1999 1629 2080 1682 περὶ
2102 1629 2167 1676 τὴν
2183 1630 2372 1684 θεραπείαν

1342 1691 1437 1735 ὄντες
1458 1691 1679 1744 ἀφῄρηνται,
1705 1691 1782 1730 ἀλλ’
1802 1684 1898 1729 οὗτοι
1927 1691 2086 1740 μα’λιστά
2121 1693 2210 1730 εἰσιν
2230 1694 2263 1730 οἱ
2291 1691 2372 1736 τοὺς

1342 1753 1492 1797 πολλοὺς
1521 1752 1610 1804 ὑπὲρ
1649 1751 1780 1790 τούτων
1820 1751 2066 1795 ἀναλίσκοντες
2103 1751 2225 1803 λόγους
2239 1782 2250 1800 ,
2284 1753 2369 1792 ὅταν

1342 1819 1356 1835 ⁶
1375 1807 1467 1853 εὖνοι
1485 1820 1556 1858 τοῖς
1587 1813 1815 1864 κεκτημένοις
1839 1811 1962 1855 αὐτοὺς
1989 1812 2144 1865 τύχωσιν
2170 1813 2281 1857 ὄντες.
2304 1810 2368 1853 Ἂν

1343 1876 1407 1927 μὲν
1425 1877 1494 1929 γάρ
1508 1892 1543 1913 τι
1553 1877 1663 1928 λεχθῇ
1674 1874 1759 1928 παρ’
1779 1875 1882 1925 ἡμῶν
1903 1874 1943 1912 τὸ
1951 1873 2142 1925 δυνάμενον
2161 1872 2289 1914 ueiens
2304 1873 2369 1923 τὴν

1341 1939 1492 1990 ἄμετρον
1527 1938 1659 1984 ταύτην
1692 1936 1814 1984 ὀδύνην
1826 1966 1836 1984 ,
1869 1935 1960 1987 ἅπερ
1992 1935 2167 1988 εὐχόμεθα
2201 1935 2341 1987 γέγονεν
2359 1951 2369 1960 ·

1342 2001 1382 2038 ἂν
1401 2000 1438 2038 δὲ
1457 1999 1566 2050 μηδὲν
1585 1998 1744 2051 εὕρωμεν
1764 1996 1976 2050 φθέγξασθαι
1996 1995 2012 2017 ‘¹
2031 1999 2168 2036 τοιοῦτο
2180 2025 2191 2043 ,
2209 1998 2273 2043 τῆς
2286 2000 2369 2049 γοῦν

1340 2061 1535 2115 προθυμίας
1567 2064 1662 2111 ἡμᾶς
1688 2059 1894 2104 ἀποδέξεται
1924 2059 2065 2101 πάντως
2084 2061 2102 2097 ὁ
2121 2057 2291 2103 κελεύσας
2310 2058 2368 2098 διὰ

1338 2128 1398 2163 τοῦ
1423 2123 1598 2175 μακαρίου
1633 2121 1775 2161 Παύλου
1804 2120 1939 2159 κλαίειν
1969 2120 2059 2171 μετὰ
2090 2119 2282 2158 κλαιόντων
2307 2120 2368 2160 καὶ

1339 2185 1602 2235 συναπάγεσθαι
1637 2189 1709 2226 τοῖς
1742 2188 1930 2226 ταπεινοῖς.
1966 2184 2072 2222 Δοκεῖ
2107 2180 2170 2232 μὲν
2208 2174 2268 2220 οὖν
2300 2181 2367 2233 μία

1339 2263 1394 2285 σοι
1410 2248 1470 2293 τῆς
1501 2245 1654 2297 ἀθυμίας
1672 2243 1836 2288 ὑπόθεσις
1855 2236 1944 2283 εἶναι
1970 2247 2031 2282 τοῦ
2058 2245 2211 2294 πονηρῶ
2242 2241 2367 2290 τούτου

1339 2311 1536 2363 δαίμονος-ἡ
1570 2307 1699 2359 μανία·
1719 2305 1834 2345 πολλὰ
1864 2304 1899 2345 δὲ
1925 2306 1965 2343 ἂν
1986 2304 2079 2358 εὕροι
2105 2320 2157 2348 τις
2182 2302 2304 2357 ἐφεξῆς
2321 2303 2367 2344 τὰ

1342 2373 1413 2412 ἀπὸ
1447 2375 1510 2419 τῆς
1557 2369 1653 2422 ῥίζης
1698 2368 1827 2415 ταύτης
1868 2366 2058 2414 τικτόμενα
2099 2364 2257 2418 λυπηρά.
2296 2365 2367 2404 Καὶ

1339 2437 1452 2472 ταῦτα
1479 2434 1541 2471 οὐκ
1568 2433 1629 2469 ἀπ’
1654 2431 1805 2481 ἐμαυτοῦ
1829 2428 1923 2480 λέγω
1942 2431 2001 2466 νῦν
2017 2458 2027 2475 ,
2048 2428 2125 2466 ἀλλ’
2150 2425 2186 2471 ἐξ
2205 2419 2253 2464 ὧν
2272 2427 2366 2465 ἀπο·

1339 2494 1526 2546 δυρομένου
1556 2508 1618 2531 σου
1637 2491 1807 2534 πολλάκις
1826 2489 1961 2536 ἤκουσα
1991 2489 2076 2540 πρὸς
2108 2491 2202 2539 ἡμᾶς
2216 2515 2226 2532 ,
2258 2486 2364 2534 ἡνίκα

1340 2556 1402 2595 σὺν
1439 2559 1526 2607 ἡμῖν
1552 2549 1655 2601 ἦσθα·
1691 2553 1751 2591 καὶ
1777 2553 1915 2603 πρῶτον
1947 2549 2011 2601 μὲν
2045 2549 2085 2588 τὸ
2107 2547 2364 2601 βιωτυεώτερον

1338 2621 1451 2662 ζῶντα
1478 2617 1537 2654 τὸν
1556 2615 1751 2666 ἔμπροσθεν
1777 2612 1901 2665 χρόνον
1933 2611 2041 2661 μηδὲν
2063 2612 2199 2648 τοιοῦτο
2217 2612 2362 2650 παθεῖν.

1338 2680 1415 2718 ἀλλ’
1432 2678 1536 2725 ἡνίκα
1555 2675 1781 2728 ἐσταύρωσας
1796 2675 1847 2725 τῷ
1864 2672 1986 2724 κόσμῳ
2001 2669 2126 2710 σαυτὸν
2139 2700 2149 2716 ,
2168 2672 2362 2716 τηνικαῦτα

1337 2740 1498 2786 αἴσθησιν
1518 2741 1579 2785 τῆς
1598 2735 1699 2775 νόσου
1719 2734 1840 2774 λαὸεῖν
1853 2763 1862 2779 ,
1896 2731 2014 2771 ἱκανὸν
2041 2736 2056 2751 ‘
2087 2730 2281 2783 θορυὸἧσαι
2301 2729 2363 2769 καὶ

1337 2805 1383 2845 εἰς
1404 2798 1607 2851 ἀμηχανίαν
1624 2797 1790 2846 ἐμῧα).εῖν
1805 2810 1812 2818 ·
1833 2794 1990 2844 δεύτερον
2012 2792 2047 2830 δὲ
2070 2791 2109 2829 τὸ
2131 2790 2279 2834 πολλοὺς
2297 2790 2361 2842 μὶν

1336 2864 1395 2902 καὶ
1413 2863 1616 2914 τρυφῶντας
1632 2860 1700 2895 τῶν
1715 2857 1757 2895 τὰ
1778 2854 1866 2893 αὐτά
1886 2870 1939 2892 σοι
1959 2853 2195 2900 νενοσηκότων
2207 2881 2217 2897 ,
2236 2851 2361 2904 μικρὸν

1335 2922 1619 2974 καρτερήσαντας
1650 2919 1773 2971 χρόνον
1787 2947 1795 2960 ,
1836 2916 1963 2961 ταύτης
2012 2914 2262 2965 ἀπαλλαγῆναι
2296 2915 2361 2959 τῆς

1335 2983 1552 3039 ἀρρωστίας,
1572 2981 1632 3019 καὶ
1667 2979 1774 3021 οὕτως
1805 2979 1850 3019 εἷς
1887 2977 2024 3014 τελείαν
2051 2975 2185 3026 ὓγίειαν
2208 2975 2361 3013 ἕπανιλ-

1335 3052 1406 3086 θεῖν
1430 3074 1440 3093 ,
1466 3047 1513 3086 ὡς
1541 3042 1600 3081 καὶ
1629 3042 1800 3090 ὁμιλῆσαι
1837 3038 1989 3089 γάμοις,
2018 3037 2077 3075 καὶ
2109 3035 2265 3088 πατέρας
2299 3050 2361 3087 γε·

1335 3107 1455 3146 νὲσθαι
1475 3104 1610 3144 παίδων
1629 3102 1766 3140 πολλῶν
1783 3129 1792 3146 ,
1812 3099 1871 3137 καὶ
1891 3101 1958 3136 τῶν
1976 3097 2086 3145 ἡδέων
2107 3100 2167 3136 τοῦ
2187 3095 2358 3150 παρόντος

1339 3170 1537 3209 ἀπολαῦσαι
1553 3166 1628 3218 βίου
1642 3195 1651 3212 ,
1671 3163 1729 3202 καὶ
1751 3161 1858 3213 μηδὲν
1876 3165 2011 3199 τοιοῦτο
2029 3159 2134 3197 πάλιν
2155 3161 2279 3196 παθεῖν
2295 3172 2302 3180 ·
2321 3158 2358 3196 σί

1400 3308 1415 3333 d
1441 3304 1543 3341 smil,
1564 3310 1709 3342 τοιοζη-ο-ι,
1723 3301 1776 3333 hie.
1802 3308 1836 3333 οι
1854 3299 1951 3331 infra.
1971 3296 2085 3332 Morel.
2106 3303 2233 3331 ταοῦτο.

1401 3367 1412 3380 ”
1437 3361 1491 3392 Sic
1509 3356 1610 3392 Smil.
1631 3367 1675 3387 reu
1689 3363 1731 3387 te.
1751 3351 1866 3385 Maii-el.
1889 3355 2083 3396 stop-«Crimen
