2513 3871
179 1183 264 1209 Amos
275 1180 305 1210 3.
321 1190 352 1210 α.

180 1251 190 1271 Ι
204 1252 229 1272 t.
245 1243 368 1271 Gravio-

179 1295 239 1312 κω
253 1294 365 1321 [su-nam

179 1336 297 1353 manere

179 1373 292 1403 peccata
324 1376 368 1394 sa-

178 1409 344 1435 tei-«lotum.

179 1451 268 1477 Amos
315 1457 345 1477 2.

183 1498 229 1518 ll·

183 1664 276 1693 Lem.
290 1665 320 1702 4.
337 1664 368 1694 3.

184 1703 230 1744 16.

184 2049 277 2077 Levit.
303 2057 351 2078 ει.

182 2099 214 2127 (J.

184 2224 275 2252 Deut.
319 2233 369 2255 22.

203 2849 210 2866 ι
223 2848 249 2867 2.
267 2840 373 2867 Eum-

188 2882 243 2916 t·¹··
269 2882 373 2917 prolua-

190 2928 238 2948 tur
272 2929 375 2948 tunc-n—

189 2962 256 2988 dum
273 2969 299 2989 et
322 2964 375 2989 ‹ln-

188 3002 377 3031 len-lument-

191 3044 345 3072 sacerdoti.

384 221 477 269 526

382 328 566 373 portasset.
584 321 838 358 Verumtamen
858 318 948 356 mihi
975 318 1092 356 levius
1110 319 1184 356 sore
1202 318 1337 370 suppli-

382 381 475 418 cium
487 379 665 427 existimo,
677 392 760 417 cum
772 379 982 427 accusabor,
992 378 1090 430 quod
1104 392 1172 417 non
1185 378 1338 417 aliorum

381 440 532 479 salutem
548 439 785 492 procurarim,
796 453 903 491 quam
919 439 948 477 si
959 449 993 478 et
1010 439 1099 478 alios
1112 448 1145 478 et
1162 439 1338 492 meipsum

380 499 631 553 perdidissem,
643 499 759 538 multo
770 499 927 539 deterior
937 500 1083 539 ess‘ectus
1102 508 1181 553 post
1199 508 1338 539 tantum

380 570 587 614 susceptum
619 561 803 600 honorem.
823 562 927 601 Nunc
957 562 1054 601 enim
1078 569 1217 601 tantum
1247 561 1336 600 mihi

380 622 486 660 credo
516 622 592 660 sore
619 622 838 675 supplicium
857 652 868 670 ,
901 631 1076 674 quantum
1111 631 1337 675 peccatorum

377 682 590 733 magnitudo
607 684 786 735 postulat;
802 692 991 736 postquam
1009 692 1128 723 autem
1148 684 1335 737 praefectu-

379 757 455 782 ram
477 743 568 783 banc
585 744 841 797 suscepissem,
864 758 933 783 non
951 744 1106 798 duplum
1130 745 1238 784 modo
1265 745 1335 784 tri-

379 806 538 858 plumve,
547 807 608 846 sed
621 807 827 860 multiplex,
839 808 934 859 quod
945 808 1112 860 pluribus
1120 807 1338 848 offendiculo

378 867 523 906 fuissem
540 897 550 916 ,
570 867 738 920 quodque
757 870 930 921 majorem
951 869 1102 922 adeptus
1123 869 1336 921 dignitatem

378 929 493 967 Deum
509 942 564 967 me
589 929 818 968 honorantem
847 929 1088 969 offendissem.
1111 933 1337 983 Quapropter

380 989 557 1028 Israelitas
572 990 816 1029 vehementius
831 1005 1001 1030 accusans
1016 1022 1025 1039 ,
1047 1006 1087 1030 eo
1108 992 1187 1030 illos
1203 994 1337 1045 majore

380 1049 510 1101 dignos
529 1051 708 1103 supplicio
727 1051 876 1090 exbibet
892 1082 903 1101 ,
923 1052 1021 1103 quod
1041 1062 1120 1105 post
1141 1052 1272 1091 multos
1291 1054 1337 1092 ab

380 1123 417 1148 se
440 1120 622 1163 susceptos
646 1111 798 1150 bonores
818 1122 1044 1164 peccassent,
1067 1113 1174 1151 modo
1190 1113 1336 1152 dicens:

384 1171 659 1209 Verumtamen
687 1185 759 1210 vos
793 1175 884 1209 novi
901 1187 950 1210 ex
966 1175 1145 1211 omnibus
1166 1174 1338 1212 tribubus

381 1239 493 1268 terroe
508 1246 522 1271 .·
538 1240 739 1282 propterea
754 1234 965 1271 vindicabo
985 1246 1099 1284 super
1119 1247 1192 1272 vos
1210 1237 1339 1285 impie-

382 1299 480 1329 tates
507 1300 662 1330 vestras
676 1308 689 1335 ;
708 1291 815 1330 modo
841 1301 960 1331 autem
983 1307 991 1329 :
1014 1293 1163 1344 Accepi
1181 1294 1338 1345 exsiliiS

383 1354 525 1391 vestris
545 1354 586 1389 in
603 1354 811 1404 prophetas
827 1382 838 1402 ‚
861 1362 897 1391 et
911 1356 1178 1407 exjuvenibus
1200 1358 1340 1394 vestris

382 1416 424 1450 in
440 1413 807 1466 sanctificationem.
818 1413 865 1452 Et
882 1422 964 1452 ante
979 1414 1236 1467 prophetarum
1255 1424 1342 1453 tem·

382 1487 468 1526 pora
487 1487 570 1512 cum
595 1474 641 1513 de
659 1474 845 1512 sacrificiis
863 1484 1042 1527 ageretur,
1062 1475 1246 1514 ostendere
1275 1491 1343 1515 vo-

383 1534 474 1584 lens,
491 1544 631 1587 peccata
642 1535 746 1588 longe
760 1537 886 1589 majori
900 1535 1080 1589 supplicio
1095 1536 1247 1590 expiari,
1259 1551 1341 1576 cum

384 1610 405 1634 a
424 1595 682 1645 sacerdotibus,
697 1610 805 1648 quam
823 1610 904 1635 cum
921 1611 942 1635 a
962 1597 1117 1650 privatis
1136 1607 1341 1651 perpetran-

386 1666 444 1694 tur
469 1687 478 1703 ,
506 1657 669 1710 proecipit
700 1666 838 1696 tantum
866 1672 932 1710 pro
950 1657 1194 1697 sacerdotibus
1219 1659 1340 1698 offerri

386 1717 614 1763 sacrificium,
624 1727 798 1769 quantum
818 1732 882 1771 pro
896 1718 1063 1758 universo
1073 1719 1218 1772 populo.
1231 1720 1342 1767 Quod

386 1777 478 1816 nibil
505 1777 682 1830 significat
700 1777 801 1816 aliud
815 1808 826 1828 ‚
844 1793 953 1830 quam
973 1780 1165 1819 sacerdotis
1193 1781 1340 1820 vulnera

385 1839 518 1891 majore
530 1839 669 1877 auxilio
688 1839 975 1891 indigere,atque
989 1849 1243 1892 tanto‚quanto
1260 1857 1343 1883 con-

381 1901 507 1952 juncta
527 1900 634 1939 simul
660 1901 816 1939 universi
837 1901 961 1954 populi
982 1902 1131 1941 vulnera
1153 1903 1340 1956 indigent:

389 1976 496 2013 porro
515 1962 640 2013 majori
676 1976 898 2014 nequaquam
925 1962 1146 2015 indigerent,
1166 1965 1233 2004 nisi
1261 1981 1344 2018 gra-

387 2036 487 2061 viora
512 2031 625 2061 essent
646 2038 654 2059 :
677 2037 841 2074 graviora
864 2033 982 2062 autem
1011 2035 1092 2063 suut
1120 2040 1189 2065 non
1219 2037 1343 2066 natura

391 2096 478 2132 sua,
498 2083 559 2121 sed
587 2083 761 2135 dignitate
779 2084 971 2123 sacerdotis
991 2086 1051 2125 illa
1068 2086 1257 2126 admittere
1273 2103 1342 2127 au-

387 2142 515 2182 dentis.
532 2145 575 2182 Et
589 2144 679 2195 quid
698 2145 825 2196 loquor
839 2145 884 2184 dc
903 2147 990 2184 viris
1018 2147 1084 2185 hoc
1103 2148 1341 2188 ministerium

388 2206 708 2257 pertractantibus?
719 2207 810 2244 Nam
822 2215 855 2244 et
871 2208 1095 2247 sacerdotum
1112 2210 1343 2262 fitiae,quibus

384 2266 473 2303 nibil
492 2281 573 2304 cum
592 2266 788 2305 sacerdotio
807 2281 995 2307 commune
1013 2299 1026 2316 ,
1049 2279 1195 2323 propter
1225 2281 1342 2324 pater-

386 2340 465 2364 nam
476 2335 592 2365 tamen
604 2327 813 2378 dignitatem
825 2337 1051 2380 peccatorum
1068 2345 1215 2370 suorum
1228 2333 1341 2372 multo

382 2388 599 2427 acerbiorem
624 2403 763 2442 poenam
783 2390 951 2429 subeunt.
978 2393 1029 2430 Ac
1053 2403 1237 2445 peccatum
1261 2395 1340 2446 qui—

383 2449 465 2488 dem
485 2464 608 2489 earum
624 2452 778 2504 peccatis
804 2451 957 2490 aliarum
974 2467 1017 2492 ex
1038 2454 1189 2506 privatis
1211 2470 1339 2508 paren-

385 2511 480 2550 tibus
499 2521 756 2564 prognatarum
778 2527 844 2566 par
863 2522 897 2552 et
915 2515 1051 2566 :equale
1065 2525 1116 2554 est
1139 2534 1149 2555 ε
1168 2530 1249 2555 nam
1269 2518 1339 2556 sor-

386 2575 516 2614 nicatio
552 2576 734 2628 utrimque
767 2585 817 2615 est
840 2592 848 2613 τ
887 2577 948 2616 sed
983 2579 1202 2632 supplicium
1236 2580 1340 2632 longe

386 2649 544 2686 gravius.

440 2698 572 2737 Viden’
602 2712 710 2750 quam
737 2698 880 2738 abunde
905 2699 1062 2740 declaret
1095 2704 1211 2752 Deus,
1238 2703 1341 2755 longe

389 2760 557 2811 majorem
573 2775 609 2798 se
631 2774 770 2812 poenam
785 2775 804 2798 a
819 2761 1000 2815 principe,
1015 2777 1123 2815 quam
1147 2779 1166 2802 a
1190 2764 1342 2804 subditis

388 2821 605 2871 exposcere?
621 2822 742 2873 Neque
759 2821 853 2859 enim
874 2823 936 2873 qui
956 2823 991 2862 in
1013 2824 1206 2864 sacerdotis
1230 2826 1340 2864 liliam

391 2881 500 2931 patris
520 2896 622 2921 rausa
639 2883 792 2933 gravius
807 2913 816 2929 ,
833 2897 939 2934 quam
956 2884 991 2923 in
1008 2885 1097 2924 alias
1116 2887 1344 2926 animadver-

393 2941 445 2987 tit,
464 2956 564 2989 emn,
581 2943 641 2994 qui
659 2943 711 2981 illi
728 2943 1009 2984 additamentum
1030 2962 1142 3000 poena:
1162 2960 1342 3001 procurat,

393 3003 467 3054 pari
481 3017 560 3042 curn
574 3004 654 3042 aliis
667 3019 767 3057 poena
788 3005 929 3058 plectet,
948 3007 1009 3046 sed
1027 3009 1140 3048 multo
1156 3010 1319 3061 graviore
1334 3026 1341 3047 ε

391 3063 498 3114 idque
512 3065 592 3115 jure
612 3078 652 3103 ac
665 3065 805 3106 merim.
818 3068 894 3105 Non
912 3068 1004 3107 enim
1021 3069 1194 3109 damnum
1215 3071 1250 3109 in
1266 3071 1344 3125 ipso
1369 3087 1391 3117 E

391 3125 465 3161 solo
496 3126 655 3163 consistit
671 3156 679 3170 ,
702 3127 761 3165 sed
795 3128 899 3166 etiarn
933 3129 1194 3180 infirmiorum,
1215 3132 1277 3184 qui
1308 3133 1342 3171 in

393 3185 506 3234 ipsum
546 3186 751 3237 respiciunt,
784 3189 920 3226 animos
945 3189 1081 3242 dejicit.
1118 3192 1190 3230 lloc
1227 3193 1341 3245 ipsum

794 237 831 266 S.
871 236 1056 267 JOANMS
1093 237 1336 267 cuttisosn'.

1362 940 1383 970 Β

439 3338 447 3349 ·
475 3326 534 3358 Alii
552 3335 656 3361 ε’·ιωυι.
678 3335 691 3365 ἢ
711 3333 785 3364 inari
807 3347 866 3364 ια’.

439 3381 452 3402 l·
480 3377 540 3409 Al'u
560 3385 610 3415 τὰς
626 3383 749 3417 dham.

436 3438 446 3451 ⁹
473 3427 578 3471 Λὶἰθμιὶ
597 3433 662 3461 iit·
680 3434 734 3466 ὑπὸ
751 3441 800 3468 vq'e
817 3438 895 3471 ἀξια,

1378 238 1403 266 Α
1412 236 1587 267 ΒΕΗΙΕΡ.
1626 237 1768 269 conisi·
1781 241 1796 268 ἱ
1806 239 1966 269 ΝΤΙΝΟΡ
1976 259 1985 268 .

1411 319 1554 357 διπλοῦν
1582 325 1838 373 προσενεγκεῖν.
1868 320 1969 366 ΙΙλὴν
1989 321 2066 358 ἀλλ’
2082 322 2341 376 ἐπιεικεστέραν
2369 341 2430 375 μοι

1410 378 1475 426 τὴν
1506 379 1679 432 τιμωρίαν
1711 374 1810 432 οἶμαι
1847 380 1985 420 ἔσεσθαι
2021 381 2267 435 ἐγκαλουμένῳ
2306 383 2364 422 διὰ
2398 386 2433 423 τί

1412 439 1462 490 μὴ
1482 440 1541 478 καὶ
1574 439 1712 492 ἑτέρους
1727 445 1743 462 ⁸
1762 440 1892 488 ἔσωσα,
1906 439 1929 486 ἢ
1950 442 1980 478 εἰ
2001 441 2059 478 καὶ
2091 442 2228 493 ἐτέρους
2245 443 2305 481 καὶ
2324 445 2432 494 ἐμαυ-

1410 502 1468 541 τὸν
1487 501 1762 555 προσαπώλεσα,
1785 501 1875 540 πολὺ
1894 502 2023 554 χείρων
2053 503 2236 554 γενόμενος
2262 503 2351 555 μετὰ
2369 503 2434 552 τὴν

1410 561 1584 610 τοσαύτην
1598 561 1717 613 τιμήν.
1744 562 1815 599 Νῦν
1835 559 1899 612 μὲν
1918 559 1988 613 γὰρ
2014 560 2186 608 τοσαύτην
2212 561 2353 601 ἔσεσθαί
2374 577 2433 613 μοι

1409 622 1563 662 πιστεύω
1591 622 1655 669 τὴν
1689 621 1849 667 κόλασιν,
1880 620 1965 668 ὅσην
1992 623 2134 660 ἀπαιτεῖ
2168 623 2238 660 τῶν
2276 622 2436 674 ἁμαρτη·

1410 685 1532 734 μα’των
1547 684 1586 723 τὸ
1602 683 1761 735 μέγεθος·
1784 682 1873 734 μετὰ
1892 682 1928 722 δὲ
1947 682 1987 721 τὸ
2015 682 2179 728 δέξασθαι
2212 683 2276 731 τὴν
2303 683 2432 739 ἀρχὴν,

1409 746 1448 783 οὐ
1467 747 1593 791 διπλῆν
1616 746 1718 796 μόνον
1739 743 1798 782 καὶ
1831 744 2003 796 τριπλῆν,
2023 742 2115 782 ἀλλὰ
2134 743 2195 782 καὶ
2227 744 2433 783 πολλαπλα-

1410 806 1520 853 σίονα,
1542 808 1592 858 τῷ
1623 822 1661 845 τε
1690 805 1854 850 πλείονας
1884 805 2141 854 σκανδαλίσαι,
2177 805 2237 843 καὶ
2266 808 2317 859 τῷ
2345 805 2435 856 μετὰ

1411 868 1551 919 μείζονα
1567 867 1674 918 τιμὴν
1693 870 1930 920 προσκροῦσαι
1947 869 1997 920 τῷ
2016 866 2222 917 τετιμηκότι
2249 868 2346 920 Θεῷ.
2368 867 2435 906 Διά

1410 944 1463 967 τοι
1494 932 1597 967 τοῦτο
1627 929 1777 967 καὶτῶν
1803 927 2034 980 Ἰσραηλιτῶν
2066 927 2295 980 σφοδρότερον
2322 943 2436 975 κατη-

1410 993 1539 1041 γορῶν,
1560 990 1672 1041 τούτῳ
1694 989 1864 1028 δείκνυσιν
1884 988 2007 1033 αὐτοὺς
2035 989 2189 1039 μείζονος
2214 989 2315 1034 ὄντας
2330 989 2436 1028 καλά·

1415 1045 1509 1094 σεως
1537 1050 1649 1096 ἀξίους
1678 1053 1728 1102 τῷ
1766 1049 1855 1100 μετὰ
1887 1049 1951 1093 τὰς
1990 1053 2074 1101 παρ’
2113 1051 2219 1088 αὐτοῦ
2251 1049 2438 1100 γενομένας

1413 1113 1460 1155 εἰς
1487 1111 1611 1156 αὐτοὺς
1640 1111 1747 1162 τιμὰς
1764 1112 1948 1163 ἁμαρτεῖν,
1963 1110 2047 1150 ποτὲ
2080 1110 2143 1160 μὲν
2174 1110 2286 1163 λέγων
2305 1126 2314 1135 ·
2334 1109 2438 1158 Πλὴν

1413 1175 1503 1222 ὑμᾶς
1531 1171 1639 1222 ἔγνων
1671 1174 1710 1209 ἐκ
1752 1175 1877 1210 πασῶν
1908 1173 1978 1210 τῶν
2017 1174 2133 1224 φυλῶν
2165 1175 2228 1219 τῆς
2254 1174 2319 1223 γῆς
2334 1202 2345 1219 ,
2381 1171 2439 1212 διὰ

1413 1234 1515 1270 τοῦτο
1535 1232 1709 1278 ἐκδικήσω
1729 1233 1781 1282 ἐφ’
1809 1234 1899 1282 ὑμᾶς
1917 1231 1934 1253 b
1949 1231 2012 1275 τὰς
2034 1231 2195 1277 ἆσεὸείας
2210 1235 2308 1282 ὑμῶν
2324 1248 2334 1257 ·
2354 1232 2438 1272 ποτε

1415 1291 1474 1330 δέ·
1491 1291 1646 1330 Ἔλαὸον
1667 1293 1706 1329 ἐκ
1734 1293 1802 1329 τῶν
1835 1293 1916 1329 υἱῶν
1943 1293 2042 1342 ὑμῶν
2075 1294 2122 1335 εἷς
2152 1293 2359 1345 προφήτας,
2379 1293 2438 1331 καὶ

1414 1354 1454 1390 ἐκ
1473 1354 1540 1391 τῶν
1567 1352 1757 1390 νεανίσκων
1777 1354 1873 1403 ὑμῶν
1904 1354 1951 1396 εἷς
1981 1352 2171 1404 ἁγιασμόν.
2194 1352 2264 1392 Καὶ
2281 1354 2350 1406 πρὸ
2370 1356 2439 1392 τῶν

1414 1415 1604 1466 προφητῶν
1627 1412 1684 1452 ἐπὶ
1702 1416 1772 1451 τῶν
1801 1414 1928 1452 θυσιῶν
1949 1413 2055 1458 δεῖξαι
2082 1413 2291 1465 βουλόμενος
2320 1413 2376 1454 ὅτι
2395 1414 2440 1453 τὰ

1415 1475 1656 1527 ἁμαρτήματα
1677 1474 1817 1526 μείζονα
1834 1474 2019 1527 ἐκδέχεται
2033 1476 2154 1527 πολλῷ
2169 1474 2233 1522 τὴν
2252 1474 2440 1527 τιμωρίαν,

1415 1536 1497 1574 ὅταν
1523 1536 1590 1575 ὑπὸ
1608 1539 1678 1575 τῶν
1705 1535 1824 1588 ἱερέων
1843 1535 1998 1587 γίνηται,
2016 1534 2039 1582 ἢ
2059 1536 2141 1575 ὅταν
2171 1536 2240 1575 ὑπὸ
2257 1539 2327 1576 τῶν
2344 1538 2439 1575 ἰδιω-

1415 1600 1497 1646 τῶν,
1518 1597 1729 1650 προστάττει
1744 1598 1918 1645 τοσαύτην
1933 1597 2021 1651 ὑπὲρ
2044 1600 2113 1636 τῶν
2129 1597 2248 1649 ἱερέων
2267 1598 2442 1652 προσάγε-

1417 1662 1496 1698 σθαι
1508 1658 1572 1705 τὴν
1588 1658 1725 1709 Θυσίαν,
1742 1658 1827 1707 ὅσην
1842 1658 1929 1710 ὑπὲρ
1944 1659 2073 1702 παντὸς
2086 1663 2146 1698 τοῦ
2161 1660 2260 1698 λαοῦ.
2279 1660 2396 1699 Τοῦτο
2405 1659 2441 1698 δὲ

1416 1723 1512 1763 οὐδὲν
1528 1723 1644 1777 ἕτερον
1664 1723 1846 1771 δηλοῦντός
1865 1725 1957 1763 ἐστιν
1978 1723 1999 1771 ἢ
2019 1723 2073 1762 ὅτι
2093 1724 2247 1774 μείζονος
2279 1725 2441 1777 βοηθείας

1417 1787 1527 1824 δεῖται
1554 1785 1598 1824 τὰ
1616 1790 1677 1824 τοῦ
1697 1785 1814 1837 ἱερέως
1833 1784 2017 1836 τραύματα
2032 1813 2041 1831 ,
2065 1785 2125 1824 καὶ
2154 1786 2340 1835 τοσαύτης,
2359 1786 2442 1835 8οης

1417 1850 1504 1897 ὁμοῦ
1521 1847 1564 1885 τὰ
1581 1847 1708 1889 παντὸς
1722 1849 1781 1884 τοῦ
1802 1847 1887 1884 λαοῦ
1902 1861 1910 1869 ·
1940 1846 2096 1896 μείζονος
2115 1846 2151 1885 δὲ
2177 1849 2239 1886 οὐκ
2258 1847 2298 1886 ἂν
2321 1849 2443 1890 ἐδεῖτο.

1419 1911 1447 1947 εἱ
1468 1908 1518 1959 μὴ
1535 1908 1767 1961 χαλεπώτερα
1787 1902 1846 1954 ἦν·
1865 1907 2097 1960 χαλεπώτερα
2114 1907 2149 1946 δὲ
2169 1908 2324 1959 γίνεται,
2343 1909 2382 1946 οὗ
2398 1911 2443 1961 τῇ

1419 1969 1531 2022 φύσει,
1543 1975 1557 1990 ⁰
1570 1969 1661 2007 ἀλλὰ
1680 1971 1722 2020 τῇ
1741 1968 1818 2020 ἀξίᾳ
1837 1972 1896 2006 τοῦ
1917 1969 2116 2018 τολμῶντος
2132 1968 2221 2007 αὐτὰ
2241 1969 2361 2022 ἱερέως
2376 1972 2445 2022 βα·

1419 2032 1585 2083 ρούμενα.
1607 2031 1676 2070 Καὶ
1695 2029 1729 2068 τί
1746 2030 1839 2082 λέγω
1858 2031 1934 2073 τοὺς
1959 2030 2085 2082 ἄνδρας
2104 2029 2183 2074 τοὺς
2200 2031 2265 2078 τὴν
2283 2033 2443 2083 λειτουρ-

1417 2094 1496 2144 γίαν
1529 2093 1732 2144 μετιόντας;
1753 2094 1798 2130 Αἱ
1829 2091 1897 2143 γὰρ
1917 2091 2102 2144 Θυγατέρες
2134 2095 2203 2130 τῶν
2236 2092 2371 2144 ἱερέων,
2391 2087 2444 2136 αἶς

1418 2154 1528 2199 οὐδεὶς
1544 2155 1630 2206 πρὸς
1647 2153 1710 2199 τὴν
1742 2152 1933 2206 ἱερωσύνην
1961 2153 2077 2204 λόγος,
2097 2153 2193 2204 ὅμως
2227 2153 2285 2192 διὰ
2303 2153 2345 2193 τὸ
2375 2168 2446 2192 πα-

1417 2215 1535 2267 τρικὸν
1567 2215 1704 2265 ἀξίωμα
1734 2216 1803 2252 τῶν
1830 2216 1941 2265 αὐτῶν
1975 2214 2242 2267 ἁμαρτημάτων
2262 2214 2351 2253 πολὺ
2378 2230 2442 2253 πι-

1417 2276 1584 2330 κροτέραν
1602 2275 1772 2328 ὑπέχουσι
1793 2274 1855 2322 τὴν
1875 2275 2068 2328 τιμωρίαν·
2088 2276 2148 2314 καὶ
2175 2275 2215 2315 τὸ
2234 2274 2298 2327 μὲν
2317 2276 2444 2326 πλημ-

1418 2339 1563 2389 μέλημα
1578 2337 1651 2376 ἴσον
1670 2340 1791 2381 αὐταῖς
1810 2337 1869 2374 καὶ
1884 2342 1959 2382 ταῖς
1975 2337 2044 2376 τῶν
2065 2337 2211 2376 ἰδιωτῶν
2232 2336 2439 2389 θυγατράσι,

1416 2399 1560 2452 πορνεία
1579 2393 1646 2452 γὰρ
1669 2397 1866 2451 ἀμφότερα,
1887 2397 1926 2436 τὸ
1952 2397 1990 2438 δὲ
2008 2398 2185 2449 ἐπιτίμιον
2213 2399 2334 2451 πολλῷ
2354 2399 2439 2438 τού-

1416 2477 1485 2499 των
1508 2459 1766 2513 χαλεπώτερον.

1470 2703 1578 2754 Ὁρᾷς
1598 2702 1674 2752 μεθ’
1703 2702 1788 2749 ὅσης
1808 2716 1862 2741 σοι
1876 2701 1893 2723 ‘¹
1913 2701 2085 2739 δείκνυσιν
2104 2700 2299 2754 ὕπερὸολῆς
2314 2704 2333 2741 ὁ
2349 2701 2439 2747 Θεὸς

1415 2764 1469 2804 ὅτι
1506 2764 1626 2814 πολλῷ
1661 2763 1806 2801 πλείονα
1843 2763 1912 2799 τῶν
1950 2761 2155 2814 ἀρχομένων
2196 2765 2338 2802 ἀπαιτεῖ
2379 2764 2438 2803 τὸν

1417 2826 1570 2878 ἄρχοντα
1609 2824 1803 2876 τιμωρίαν;
1833 2825 1887 2861 Οὐ
1921 2823 1988 2875 γὰρ
2023 2823 2133 2867 δήπου
2163 2826 2181 2862 ὅ
2212 2824 2276 2871 τὴν
2306 2824 2439 2864 ἐκείνου

1417 2886 1589 2939 θυγατέρα
1618 2887 1662 2924 δι’
1683 2887 1810 2923 ἐκεῖνον
1832 2885 1996 2935 μειζόνως
2022 2888 2089 2923 τῶν
2126 2886 2241 2923 ἄλλων
2270 2886 2441 2932 κολάζων,

1417 2949 1474 2988 τὸν
1505 2948 1565 2987 καὶ
1584 2947 1697 2998 ἐκείνῃ
1726 2949 1788 2991 τῆς
1808 2947 2007 2999 προσθήκης
2040 2949 2108 2985 τῶν
2139 2947 2299 2998 βασάνων
2329 2947 2440 2986 αἴτιον

1417 3013 1431 3029 ⁰
1450 3010 1526 3056 ἴσην
1546 3014 1617 3051 τοῖς
1636 3009 1777 3050 πολλοῖς
1808 3007 2032 3058 εἰσπράξεται
2055 3007 2170 3055 δίκην,
2199 3008 2290 3047 ἀλλὰ
2319 3009 2441 3061 πολλῷ

1419 3072 1561 3122 μείζονα
1580 3085 1587 3093 ·
1607 3069 1667 3108 καὶ
1699 3070 1796 3119 μάλα
1825 3085 1862 3119 γε
1895 3069 2051 3112 εἰκότως.
2071 3071 2126 3106 Οὐ
2165 3067 2233 3120 γὰρ
2264 3069 2312 3113 εἷς
2336 3070 2441 3109 αὐτὸν

1418 3133 1639 3185 περιίσταται
1659 3131 1762 3181 μόνον
1777 3133 1798 3176 ἡ
1821 3129 1947 3179 ζημία,
1978 3129 2067 3168 ἀλλὰ
2089 3129 2149 3167 καὶ
2168 3129 2230 3173 τὰς
2249 3132 2318 3168 τῶν
2334 3131 2442 3170 ἀσθε-

1419 3193 1587 3246 νεστίρων
1608 3191 1667 3230 καὶ
1699 3192 1744 3233 εἷς
1766 3190 1869 3228 αὐτὸν
1897 3190 2097 3238 βλεπόντων
2126 3190 2342 3229 καταὸἇλλει
2369 3193 2440 3243 ψυ-

1478 3336 1492 3358 ‘¹
1520 3333 1580 3366 Atii
1594 3336 1714 3366 δειίνυτι
1735 3337 1959 3375 τῆςπερεουεὶις
1979 3335 1991 3363 ὁ
2011 3336 2080 3367 ⁶125.

1480 3394 1491 3407 ‘
1514 3386 1573 3418 Alii
1592 3391 1653 3423 inu
1671 3392 1730 3424 τοῖς
1746 3387 1856 3422 ἀλλοις,
