2513 3871
128 428 200 457 Luc.
210 426 312 469 ¹3⁴7·

114 1169 180 1197 Jaer.
201 1177 232 1206 7.
257 1176 303 1196 tt.

114 1232 231 1260 ΜαιιΙι.
253 1240 303 1261 21.

119 1272 166 1301 13.

108 2281 145 2320 ⁸1
171 2274 239 2302 Cor.
263 2275 295 2304 6.

112 2321 157 2347 ιιι.

332 269 422 317 8υ8

328 371 386 406 tia
398 366 604 406 excidistis.
621 364 696 402 Hoc
711 370 849 415 opottet
873 362 1006 410 timere,
1022 374 1067 399 ne
1087 360 1123 399 in
1141 359 1203 399 die
1220 360 1284 399 illo

328 428 483 467 audiatis
500 427 547 464 ab
564 439 606 464 eo
623 424 686 477 qui
705 437 768 463 vos
782 422 1014 476 judicaturus
1033 430 1086 461 est
1112 437 1120 460 :
1145 423 1282 461 Disce-

328 489 423 537 dite,
443 501 520 525 non
537 489 626 524 novi
645 499 719 524 vos
727 499 745 531 ;
770 484 1058 523 communicastis
1083 484 1179 523 enim
1199 498 1281 522 cum

326 548 386 597 iis,
405 548 468 598 qui
487 561 543 585 me
561 546 839 591 crucifixerunt;
856 553 892 583 et
912 545 1169 590 solemnitates,
1191 559 1281 597 quas
1307 555 1330 585 Ε

324 622 390 660 ego
407 608 606 660 antiquavi,
627 606 879 647 contendentes
905 619 1046 644 meeum
1066 620 1191 645 rursus
1218 607 1281 645 in-

323 670 531 720 staurastis3
552 668 600 708 ad
617 668 842 714 Judaeorum,
863 668 925 718 qui
947 667 1057 718 impie
1075 667 1227 719 agebant
1243 668 1280 706 in

325 746 382 770 me
399 745 442 770 ac
459 732 574 784 legem
591 731 794 777 violabant,
817 742 1018 782 synagogas
1037 728 1277 767 concurristis.

325 793 433 845 Atqui
463 807 529 844 ego
557 792 703 844 quidem
729 790 905 844 templum
926 790 1072 829 illorum
1099 790 1277 837 subverti,

323 863 358 892 et
375 855 410 893 in
428 854 600 893 ruderum
617 867 787 892 acervum
809 851 897 890 verti
916 851 1091 902 templum
1108 851 1201 890 illud
1219 865 1279 890 ve—

324 916 494 961 nerabile,
520 929 576 954 res
597 915 767 953 verendas
792 922 826 951 et
851 911 1048 951 horrendas
1072 912 1276 960 continens;

324 990 388 1015 vos
403 985 522 1015 autem
538 974 742 1014 habitacula
761 973 933 1025 cauponis
948 973 1062 1011 nihilo
1082 972 1226 1011 meliora
1242 982 1275 1010 et
1289 1007 1334 1031 ⁶6¹

322 1038 508 1089 speluncas
542 1037 720 1075 latronum
752 1034 924 1073 coluistis,
959 1033 1100 1072 Etenim
1135 1033 1164 1071 si
1191 1042 1274 1071 tunc
1302 1045 1324 1072 Λ

320 1113 402 1137 cum
429 1109 542 1138 essent
569 1098 780 1141 Cherubim,
809 1109 890 1134 cum
913 1109 1009 1139 arca,
1041 1109 1123 1133 cum
1155 1094 1276 1133 adhuc

320 1160 477 1212 Spiritus
498 1161 638 1198 ssoreret
664 1158 793 1209 gratia,
817 1156 914 1194 dixit
937 1171 945 1191 :
979 1157 1143 1193 Fecistis
1173 1156 1276 1193 illud

320 1222 546 1272 speluncam
565 1221 778 1262 latronum,
804 1226 880 1260 aut,
907 1217 1077 1253 Domum
1103 1219 1274 1267 negotia-

319 1284 448 1330 tionis,
475 1290 622 1334 propter
650 1278 855 1329 iniquitates
887 1289 928 1314 ac
956 1275 1069 1314 caedes
1096 1277 1269 1314 illorum:

319 1356 414 1380 nunc
453 1351 640 1395 postquam
672 1340 754 1377 illos
784 1339 895 1376 sancti
924 1337 1083 1390 Spiritus
1115 1336 1273 1376 descruit

317 1403 443 1453 gratia,
465 1403 676 1453 cunctisque
700 1400 774 1438 illis
806 1398 1073 1438 venerabilibus
1100 1398 1270 1445 sublatis,

316 1478 399 1502 cum
433 1465 509 1503 Deo
540 1471 736 1517 pugnantes
760 1460 906 1513 impiam
937 1460 1041 1498 istam
1063 1459 1271 1511 religionem

314 1525 492 1563 celebrant
516 1542 524 1563 :
554 1523 642 1576 quid
671 1521 886 1576 appellando
917 1534 1117 1574 synagogas
1147 1535 1269 1561 eorum

313 1600 439 1625 nomen
460 1586 547 1639 ipsis
572 1585 723 1636 dignum
755 1581 943 1621 invenias?
966 1581 1108 1620 Etenim
1143 1582 1173 1620 si
1194 1583 1270 1635 jam

311 1659 387 1686 tum
406 1657 478 1686 erat
498 1647 666 1700 spelunca
686 1645 865 1683 latronum
880 1673 890 1691 ,
908 1657 990 1682 cum
1010 1651 1143 1681 statum
1163 1657 1269 1682 suum

310 1710 506 1755 obtineret;
538 1722 630 1746 nunc
658 1707 687 1745 si
718 1707 885 1758 lupanar,
918 1705 946 1743 si
979 1704 1268 1755 transgressionis

312 1772 445 1817 locum,
479 1770 508 1807 si
540 1769 744 1807 daemonum
773 1766 1035 1811 diversorium,
1071 1765 1100 1802 si
1131 1764 1268 1803 diaboli

309 1830 635 1884 propugnaculum.
664 1830 693 1867 si
724 1828 927 1866 animarum
949 1827 1087 1865 exitum
1117 1825 1267 1875 dixeris,

310 1893 338 1931 si
358 1894 466 1931 totius
485 1891 697 1946 perditionis
716 1888 958 1943 praecipitium
977 1901 1018 1926 ac
1038 1887 1264 1936 barathrum,
1294 1894 1316 1924 ιι

311 1954 464 2005 denique
480 1952 661 2005 quidquid
677 1950 925 2004 appellaveris,
943 1949 1060 1987 minus
1079 1963 1186 2000 quam
1201 1964 1267 2003 pro

310 2016 360 2052 rei
389 2014 565 2066 dignitate
583 2013 733 2052 dixeris.
759 2011 951 2063 Templum
981 2010 1084 2063 cupis
1114 2011 1270 2050 videre?

311 2089 354 2113 ne
372 2089 497 2113 curras
515 2074 560 2112 ad
582 2086 801 2126 synagogam
817 2104 826 2120 ‚
844 2071 907 2110 sed
928 2080 964 2109 tu
985 2082 1058 2109 esto
1079 2073 1264 2125 templum.

313 2136 469 2174 Unicum
503 2135 677 2188 templum
700 2134 811 2172 diruit
839 2135 935 2171 Deus
953 2133 1206 2185 sci-osolymis,
1233 2145 1267 2174 et

312 2196 586 2235 innumerabilia
616 2195 728 2234 erexit
759 2195 819 2233 illo
854 2195 958 2244 longe
987 2195 1262 2236 venerabiliora.

316 2258 546 2310 Vos,inquit,
561 2258 743 2308 templum
759 2260 849 2294 estis
867 2257 942 2294 Dei
960 2260 1140 2295 viventis.
1167 2258 1267 2297 Hanc

311 2319 461 2358 domum
479 2333 624 2367 exorna,
642 2332 783 2356 omnem
802 2319 905 2368 exige
924 2317 1173 2368 cogitationem
1188 2333 1268 2357 ma-

310 2381 395 2427 lam,
427 2390 465 2418 ut
494 2380 558 2417 lias
588 2379 783 2431 pretiosum
809 2377 1011 2416 membrum
1042 2378 1192 2428 Christi,
1226 2391 1266 2419 ut

309 2443 374 2480 lias
388 2442 560 2494 templum
573 2441 742 2492 Spiritus;
757 2438 887 2478 deinde
899 2447 931 2477 et
944 2439 1032 2477 alios
1045 2440 1154 2479 redde
1166 2440 1263 2480 tales.

312 2503 356 2541 Et
370 2503 460 2541 sicut
480 2517 562 2540 cum
582 2501 682 2539 vides
703 2514 886 2553 pauperes,
908 2514 976 2538 non
996 2501 1099 2539 facile
1118 2512 1264 2554 pra-ter-

309 2564 444 2601 curris:
466 2565 513 2602 ita
543 2578 624 2601 cum
646 2562 780 2601 videris
799 2561 954 2612 aliquem
973 2560 1020 2599 ad
1042 2575 1263 2614 synagogam

309 2635 523 2674 currentem,
546 2639 588 2664 nc
615 2624 834 2671 dissimules,
853 2623 915 2662 sed
935 2623 1056 2661 verbis
1076 2638 1139 2662 ceu
1166 2625 1264 2664 freno

310 2688 462 2739 quodam
483 2687 682 2725 cohibitum
703 2685 854 2724 reducas
873 2684 920 2723 ad
946 2685 1155 2724 Ecclesiam.
1181 2687 1265 2726 Have

311 2759 360 2787 est
379 2750 491 2801 major
503 2749 726 2801 eleemosyna
743 2760 851 2798 quam
866 2746 982 2795 illa,et
996 2747 1110 2798 majus
1122 2747 1265 2787 lucrum

309 2826 414 2862 quain
430 2811 551 2850 decem
566 2809 679 2848 millia
693 2809 905 2847 talentorum
921 2823 929 2844 τ
948 2807 1036 2858 quid
1049 2809 1130 2846 dico
1141 2808 1263 2848 decem

311 2872 424 2910 millia
461 2871 619 2909 talenta?
655 2870 770 2921 majus
808 2883 915 2920 quam
949 2869 1007 2907 hic
1038 2871 1265 2922 aspectabilis

311 2933 467 2970 muudus
506 2933 709 2971 universus.
744 2929 930 2981 Siquidem
964 2929 1073 2968 homo
1105 2940 1155 2970 est
1191 2941 1265 2971 toto

312 2993 443 3031 inundo
466 2993 655 3045 pretiosior
680 3006 688 3029 z
712 2991 822 3042 hujus
841 2991 934 3028 enini
956 3005 1058 3029 causa
1079 3001 1113 3029 et
1137 2992 1263 3032 caelum

309 3063 341 3090 vt
371 3064 458 3091 terra
485 3063 518 3091 et
542 3068 636 3091 unare
657 3052 801 3091 condita
826 3060 924 3097 sunt,
945 3060 978 3088 et
999 3052 1049 3089 sol
1082 3061 1115 3091 et
1142 3054 1262 3092 stetim.

311 3115 489 3166 perpende
509 3115 619 3166 igitur
638 3122 770 3165 quanta
792 3113 837 3151 sit
862 3112 1020 3164 dignitas
1046 3114 1136 3165 ejus,
1159 3115 1264 3166 cujus

308 3176 412 3213 saluti
431 3175 642 3220 consulitur,
660 3184 693 3213 et
711 3188 753 3212 ne
768 3173 999 3212 contemseris
1012 3173 1110 3212 illius
1127 3189 1263 3214 euram.

312 3235 400 3272 Nam
420 3236 555 3272 etiamsi
579 3235 735 3287 pec-unia:
765 3235 837 3272 vim
859 3235 1064 3273 immensam
1099 3235 1263 3274 dinume·
1288 3246 1312 3276 D

309 3295 405 3332 tavit
429 3296 570 3345 aliquis,
590 3296 679 3334 nihil
706 3296 774 3334 tale
804 3295 982 3348 praestitit,
1008 3297 1115 3348 quale
1143 3297 1172 3335 is
1200 3297 1263 3348 qui

347 3393 359 3406 c
386 3382 445 3414 Ali·
462 3398 571 3424 οιιημα
588 3388 727 3421 καπήλων
744 3386 824 3417 οὶὸὶν
836 3391 867 3418 ἃ.
886 3387 1081 3428 διακείμενον,
1103 3402 1130 3418 a·
1146 3388 1300 3424 σπήλαιον-

346 3455 358 3466 1
384 3441 442 3474 Alii
462 3448 563 3482 τιμή.
581 3453 620 3484 τῷ
637 3445 1167 3487 «⁴15.,viennen-ma[Perpernam
1186 3446 1306 3478 Monts.

760 281 798 313 S.
838 279 1026 311 JOANNlS
1060 278 1305 310 CHRYSOST·
1348 279 1559 311 Ancnttzt».
1596 272 1964 313 CONSTANTtnopss

1358 360 1559 406 ἐξεπέσατε.
1581 363 1698 401 Τοῦτο
1716 362 1787 416 χρὴ
1808 363 2015 410 δεδοικέναι,
2033 362 2084 414 μὴ
2105 362 2196 402 κατὰ
2211 362 2275 410 τὴν
2286 361 2383 414 ἡμέ-

1360 438 1422 475 ραν
1454 423 1591 470 ἐκείνην
1621 424 1795 472 ἀκούσητε
1822 424 1921 477 παρὰ
1947 429 2008 464 τοῦ
2035 425 2221 475 μέλλοντος
2252 424 2382 477 κρίνειν

1357 486 1466 535 ὑμᾶς·
1486 483 1685 536 Ὑπάγετε,
1704 486 1767 524 οὐκ
1784 478 1862 524 οἶδα
1884 487 1990 533 ὑμᾶς·
2012 491 2084 529 τοῖς
2098 485 2168 538 γὰρ
2184 483 2248 535 ἐμὲ
2268 498 2383 523 σταυ-

1358 544 1509 596 ρώσασιν
1526 547 1797 593 ἐκοινωνήσατε,
1819 545 1955 590 καὶτὰς
1974 546 2114 599 ἑορτὰς,
2130 546 2170 590 ἃς
2185 545 2381 592 κατέλυσα,

1355 608 1628 658 φιλονεικοῦντές
1644 624 1704 658 μοι
1726 608 1834 646 πάλιν
1853 608 2088 656 ἀνεστήσατε,
2107 606 2194 659 πρὸς
2215 607 2278 650 τὰς
2297 620 2380 644 συν-

1356 669 1496 721 αγωγὰς
1514 669 1681 720 ἐδράμετε
1701 671 1770 707 τῶν
1790 670 1837 712 εἰς
1857 668 1920 719 ἐμὲ
1939 668 2270 721 παρανομησάντων
2290 668 2379 707 Ἰου-

1355 729 1476 767 δαίων.
1513 729 1622 780 Κάγὼ
1652 729 1715 780 μὲν
1741 730 1800 768 τὸν
1822 730 1904 769 ναὸν
1933 732 2114 779 καθεῖλον,
2139 729 2200 768 καὶ
2227 728 2379 780 ἐρείπιον

1355 792 1505 838 ἐποίησα
1535 790 1594 828 τὸν
1621 791 1748 841 σεμνὸν
1781 793 1909 829 ἐκεῖνον
1939 791 1999 829 καὶ
2025 790 2155 843 φρικτὰ
2184 789 2380 842 κατέχοντα

1352 852 1560 903 πράγματα,
1593 855 1693 903 ὑμεῖς
1725 852 1760 892 δὲ
1791 853 1995 903 εοῖκήματα
2009 883 2018 901 ,
2047 852 2250 900 καπηλείων
2279 850 2376 890 οὐδὲν

1353 915 1494 964 ἄμεινον
1527 914 1731 963 διακείμενα
1744 944 1754 959 ,
1788 914 1847 952 καὶ
1882 915 2040 961 σπήλαια
2073 915 2212 966 λῃστῶν
2249 915 2377 965 ἐθερα-

1352 975 1487 1014 πεύετε.
1510 977 1552 1015 Εἰ
1567 976 1634 1027 γὰρ
1653 977 1752 1022 τότε,
1772 975 1829 1014 ὅτε
1845 975 1890 1014 τὰ
1916 975 2096 1027 Χερουὲὶμ
2113 970 2178 1022 ἧν,
2196 975 2254 1014 ὅτε
2271 976 2295 1021 ἡ
2314 990 2377 1013 κι-

1351 1035 1557 1085 Εωτὸς,·ὅτε
1583 1037 1633 1075 ἔτι
1664 1038 1871 1088 Πνεύματος
1897 1037 2038 1083 ἐπήνθει
2067 1036 2188 1089 χάρις,
2218 1039 2279 1074 νῦν
2311 1034 2377 1086 μὲν

1351 1097 1467 1149 ἔλεγεν
1482 1128 1491 1145 ,
1512 1097 1563 1135 ὅτι
1584 1098 1797 1143 Ἐποιῆσατε
1816 1098 1917 1136 αὐτὸν
1939 1098 2112 1143 σπήλαιον
2132 1098 2269 1149 λῃστῶν
2285 1124 2295 1142 ,
2316 1099 2376 1134 νῦν

1351 1156 1402 1203 δὲ,
1419 1157 1473 1196 ὅτι
1488 1153 1596 1197 Οἶκον
1609 1158 1776 1209 ἐμπορίου
1787 1189 1797 1205 ,
1814 1159 1870 1196 διὰ
1881 1157 1943 1201 τὰς
1956 1158 2179 1210 παρανομίας
2189 1158 2303 1195 αὐτῶν
2314 1156 2375 1195 καὶ

1349 1218 1411 1261 τὰς
1446 1219 1664 1270 μιαιφονίας·
1696 1223 1754 1256 νῦν
1791 1219 1848 1257 ὅτε
1880 1218 2003 1262 αὐτοὺς
2023 1223 2046 1266 ἡ
2078 1224 2137 1258 τοῦ
2167 1218 2375 1269 Πνεύματος

1349 1279 1557 1329 ἐγκατέλιπε
1592 1279 1717 1331 χάρις,
1750 1279 1810 1316 καὶ
1837 1280 1955 1317 πάντα
1988 1282 2104 1318 ἐκεῖνα
2123 1279 2299 1332 ἀνῄρηται
2329 1278 2374 1317 τὰ

1346 1344 1360 1360 ”
1371 1339 1497 1389 σεμνὰ,
1518 1342 1567 1391 τῷ
1583 1342 1667 1391 Θεῷ
1682 1341 1955 1391 φιλονεικοῦντες
1971 1370 1980 1386 ,
1997 1339 2062 1386 τὴν
2078 1339 2282 1391 παράνομον
2297 1339 2374 1379 ταύ-

1347 1417 1410 1448 την
1427 1402 1624 1439 ἐπιτελοῦσι
1637 1400 1817 1451 λατρείαν,
1833 1401 1867 1438 τί
1881 1402 1923 1439 ἄν
1933 1416 1985 1445 τις
2004 1399 2206 1453 προσειπὼν
2218 1400 2282 1444 τὰς
2300 1414 2377 1438 συν-

1348 1462 1486 1514 αγωγὰς
1502 1462 1646 1513 [αὐτῶν]
1659 1491 1669 1509 ,
1686 1461 1784 1506 ἀξίαν
1800 1462 1899 1501 ἔσται
1915 1461 2069 1514 εὑρηκὼς
2086 1460 2309 1512 ἐπωνυμίαν;
2332 1461 2375 1502 Εἰ

1346 1524 1413 1576 γὰρ
1434 1524 1513 1563 τότε
1543 1523 1717 1570 σπήλαιον
1736 1525 1876 1576 λῃστῶν
1895 1518 1961 1571 ἧν,
1988 1525 2048 1564 ὅτε
2076 1524 2128 1562 ἔτι
2154 1523 2198 1562 τὰ
2225 1525 2287 1571 τῆς
2305 1538 2375 1562 πο-

1345 1585 1477 1628 λιτείας
1496 1584 1658 1636 ἐκράτει,
1678 1589 1735 1623 νῦν
1767 1585 1832 1623 κᾶν
1861 1592 2038 1637 πορνεῖον,
2059 1584 2125 1623 κᾶν
2154 1584 2376 1636 παρανομίας

1345 1646 1560 1698 χωρίον,κᾶν
1579 1646 1753 1697 δαιμόνων
1770 1647 2003 1698 καταγώγιον,
2019 1647 2083 1685 κᾶν
2096 1646 2259 1685 διαὸόλου
2273 1645 2376 1699 φρού·

1347 1723 1419 1759 ριον
1433 1737 1443 1754 ,
1475 1707 1540 1746 κᾶν
1571 1709 1692 1759 ψυχῶν
1721 1707 1865 1759 ὄλεθρον
1877 1738 1889 1756 ‚
1922 1707 1986 1745 κᾶν
2024 1706 2202 1750 ἀπωλείας
2232 1707 2374 1754 ἁπάσης

1344 1768 1499 1819 κρημνὸν
1527 1768 1587 1807 καὶ
1618 1768 1809 1820 βάραθρον,
1839 1769 1904 1806 κᾶν
1936 1770 2051 1807 ὁτιοῦν
2084 1783 2137 1812 τις
2170 1767 2347 1820 προσείπῃ
2362 1797 2373 1813 ,

1343 1830 1488 1869 ἔλαττον
1519 1833 1582 1877 τῆς
1616 1829 1714 1874 ἀξίας
1746 1831 1828 1882 ἐρεῖ.
1861 1829 1957 1869 Ναὸν
1987 1832 2168 1880 ἐπιθυμεῖς
2198 1830 2301 1876 ἰδεῖν;
2322 1829 2371 1879 μὴ

1344 1891 1480 1943 δράμῃς
1495 1893 1543 1935 εἰς
1561 1891 1624 1938 τὴν
1645 1890 1851 1942 συναγωγὴν
1867 1921 1876 1936 ,
1895 1890 1984 1929 ἀλλὰ
1998 1894 2097 1942 γενοῦ
2112 1890 2153 1930 σὺ
2168 1890 2260 1934 ναός.
2279 1890 2372 1930 'Eva

1342 1955 1482 1992 καθεῖλε
1514 1953 1594 1992 ναὸν
1620 1955 1638 1990 ὁ
1665 1953 1754 1995 Θεὸς
1782 1954 1816 1990 ἐν
1839 1952 2116 2005 Ἱεροσολύμοις,
2144 1952 2204 1991 καὶ
2231 1951 2372 2005 μυρίους

1343 2014 1532 2062 ἀνέστησεν
1565 2013 1696 2053 ἐκείνου
1730 2015 1853 2066 πολλῷ
1887 2013 2132 2066 σεμνοτέρους·
2153 2012 2278 2063 ’Υμεῖς
2304 2013 2372 2065 γὰρ

1342 2075 1421 2118 ναὸς
1440 2077 1533 2114 Θεοῦ
1568 2077 1645 2113 ἐστε
1668 2077 1814 2121 ζῶντος,
1841 2074 1938 2127 φησί.
1974 2075 2206 2113 Καλλώπισον
2239 2073 2370 2122 ταύτην

1342 2136 1406 2183 τὴν
1426 2136 1538 2175 οἰκίαν
1552 2167 1560 2182 ,
1583 2137 1760 2175 ἀπέλασον
1792 2136 1911 2175 πάντα
1929 2135 2098 2186 λογισμὸν
2120 2134 2270 2187 πονηρὸν
2284 2165 2293 2181 ,
2313 2135 2370 2176 ἵνα

1341 2197 1426 2248 γένῃ
1453 2198 1556 2248 μέλος
1574 2202 1634 2236 τοῦ
1666 2198 1818 2249 Χριστοῦ
1845 2197 1984 2247 τίμιον,
2002 2196 2060 2235 ἵνα
2088 2196 2171 2248 γένῃ
2201 2196 2281 2239 ναὸς
2308 2200 2369 2235 τοῦ

1343 2258 1562 2308 ΙΙνεύματος·
1580 2257 1725 2305 ποίησον
1746 2258 1806 2296 καὶ
1821 2257 1956 2309 ἑτέρους
1971 2258 2156 2301 τοιούτους.
2175 2257 2244 2296 Καὶ
2261 2257 2368 2296 καθά-

1342 2335 1408 2371 περ
1425 2320 1580 2367 πένητας
1606 2321 1753 2372 ὁρῶντες
1773 2320 1837 2357 οὐκ
1867 2319 1908 2356 ἂν
1930 2318 2198 2371 παραδράμοιτε
2219 2317 2367 2372 ῥαδίως,

1341 2381 1430 2419 οὕτω
1449 2381 1509 2419 καὶ
1524 2381 1582 2418 τὸν
1613 2381 1670 2418 ἐπὶ
1690 2380 1753 2427 τὴν
1772 2378 1980 2432 συναγωγὴν
2010 2380 2180 2432 τρέχοντα
2201 2377 2363 2430 βλέπων,

1341 2442 1390 2493 μὴ
1406 2442 1577 2494 παρίδῃς,
1595 2441 1674 2480 ἀλλ’
1696 2441 1816 2493 ὥσπερ
1833 2443 1969 2494 χαλινῷ
1987 2456 2055 2479 τινι
2072 2442 2122 2493 τῷ
2141 2439 2235 2492 λόγῳ
2253 2454 2367 2479 κατα-

1339 2503 1436 2556 σχὼν
1469 2505 1519 2547 εἷς
1545 2503 1609 2550 τὴν
1630 2504 1846 2551 Ἐκκλησίαν
1863 2503 2076 2554 ἐπαναγαγε.
2103 2500 2202 2549 Αὕτη
2235 2500 2366 2540 πλείων

1341 2565 1476 2611 ἐκείνης
1491 2567 1511 2610 ἡ
1528 2564 1761 2614 ἐλεημοσύνη,
1777 2565 1835 2602 καὶ
1853 2564 1987 2614 μυρίων
2001 2562 2183 2601 ταλάντων
2201 2562 2368 2612 μεὶζοντὸ

1339 2624 1471 2678 κέρδος.
1501 2625 1571 2664 Καὶ
1600 2625 1633 2663 τί
1652 2625 1744 2676 λέγω
1761 2625 1896 2676 μυρίων
1913 2624 2118 2670 ταλάντων;
2138 2622 2200 2661 καὶ
2225 2625 2286 2661 τοῦ
2305 2623 2365 2661 κό-

1340 2701 1429 2735 σμου
1449 2687 1578 2728 παντὸς
1591 2690 1650 2724 τοῦ
1666 2685 1886 2737 φαινομένου,
1904 2684 1980 2723 ἐπεὶ
1999 2683 2059 2722 καὶ
2073 2686 2091 2722 ὁ
2109 2683 2290 2736 ἅνθρωπος
2307 2686 2368 2722 τοῦ

1339 2747 1471 2798 κόσμου
1489 2747 1618 2791 παντὸς
1645 2747 1871 2798 τιμιώτερος·
1892 2746 1950 2784 διὰ
1970 2745 2038 2797 γὰρ
2062 2744 2164 2783 αὐτὸν
2185 2744 2245 2783 καὶ
2263 2745 2367 2796 οὖρα-

1338 2809 1393 2853 νὸς
1405 2808 1464 2846 καὶ
1476 2812 1520 2860 γῆ
1538 2809 1597 2846 καὶ
1611 2808 1772 2847 θάλασσα
1785 2807 1923 2859 γέγονε,
1938 2807 1997 2845 καὶ
2024 2806 2122 2852 ἥλιος
2137 2806 2197 2846 καὶ
2211 2805 2368 2858 ἀστέρες.

1340 2870 1526 2917 Ἰἰννόησον
1545 2869 1658 2908 τοίνυν
1679 2870 1719 2908 τὸ
1737 2867 1876 2919 ἀξίωμα
1903 2871 1962 2907 τοῦ
1983 2867 2181 2918 σωζομένου
2194 2897 2205 2915 ,
2235 2867 2296 2906 καὶ
2315 2865 2367 2918 μὴ

1339 2931 1606 2984 καταφρονήσῃς
1622 2933 1727 2969 αὐτοῦ
1743 2932 1805 2976 τῆς
1822 2930 2039 2979 ἐπιμελείας.
2071 2929 2145 2968 Κᾶν
2172 2928 2241 2981 γὰρ
2258 2929 2369 2982 μυρία

1338 3009 1389 3035 τις
1418 2993 1603 3044 καταὸἀλῃ
1632 2993 1825 3044 χρήματα,
1848 2991 1946 3029 οὐδὲν
1979 2994 2132 3030 τοιοῦτον
2161 2990 2364 3041 ἐργάζεται,

1337 3055 1416 3093 ὅσον
1435 3058 1453 3093 ὁ
1471 3053 1588 3106 ψυχὴν
1618 3054 1796 3098 διασιίιζιιιν
1812 3082 1822 3099 ,
1854 3053 1912 3090 καὶ
1944 3052 2079 3098 πλάνης
2111 3052 2258 3103 ἀπάγων
2271 3080 2283 3099 ,
2305 3051 2367 3091 καὶ

1337 3116 1422 3166 πρὸς
1456 3115 1635 3155 εὐσέὸειαν
1663 3115 1904 3167 χειραγωγῶν.
1923 3113 1968 3150 '0
2001 3113 2125 3159 πένητι
2155 3112 2232 3156 δοὺς
2262 3113 2366 3164 λιμὸν

1335 3177 1490 3223 ἔλυσεν,
1509 3179 1528 3215 ὁ
1548 3176 1607 3214 τὸν
1629 3174 1845 3219 lavantem«
1866 3174 2058 3226 διορθώσας
2087 3173 2251 3212 derisam
2270 3176 2366 3212 ἀνεῖ-

1337 3239 1411 3276 λεν·
1433 3240 1560 3281 ἐκεῖνος
1576 3237 1699 3276 πενίαν
1715 3235 2007 3288 παρεμυθήσατο,
2030 3229 2128 3279 οὗτος
2142 3233 2365 3286 παρανομίαν

1338 3299 1484 3344 ἔστησεν
1500 3311 1509 3323 ·
1531 3299 1660 3341 ἐκεῖνος
1688 3297 1728 3336 τὸ
1748 3298 1852 3347 σῶμα
1872 3296 1995 3341 ὀδύνης
2022 3295 2222 3342 ἀπήλλαξεν
2238 3324 2247 3340 ,
2268 3289 2367 3340 οὗτος

1338 3393 1431 3428 σιμ-ιὰ
1449 3392 1498 3420 »2⁶0
1516 3396 1557 3429 τῷ
1573 3392 1599 3420 O.
1616 3390 1698 3431 φίλα.
1716 3391 1769 3424 τὴν
1797 3384 1843 3425 π.[
1861 3383 1935 3415 Mox
1962 3387 2057 3416 αᾶιῶν
2072 3381 2163 3414 deest
2189 3383 2220 3414 iu
2245 3392 2365 3414 nou-m

1345 3439 1420 3470 Mss-
1438 3438 1526 3482 {uox
1546 3437 1607 3480 ¹¹⁸ss-
1629 3435 1758 3470 xidetur
1777 3442 1898 3480 είρηιιὸος
1917 3436 2117 3475 ‘warsiniae-J
