<?xml version="1.0" encoding="UTF-8"?>
<!DOCTYPE html PUBLIC "-//W3C//DTD XHTML 1.0 Transitional//EN"
    "http://www.w3.org/TR/xhtml1/DTD/xhtml1-transitional.dtd">
<html xmlns="http://www.w3.org/1999/xhtml" xml:lang="en" lang="en">
 <head>
  <title>
</title>
<meta http-equiv="Content-Type" content="text/html;charset=utf-8" />
  <meta name='ocr-system' content='tesseract 3.04.00' />
  <meta name='ocr-capabilities' content='ocr_page ocr_carea ocr_par ocr_line ocrx_word'/>
</head>
<body>
  <div class='ocr_page' id='page_1' title='image "./operaomniaquaeex01johnuoft/operaomniaquaeex01johnuoft_0306.png"; bbox 0 0 2513 3871; ppageno 0'>
   <div class='ocr_carea' id='block_1_1' title="bbox 167 674 295 702">
    <p class='ocr_par' dir='ltr' id='par_1_1' title="bbox 167 674 295 702">
     <span class='ocr_line' id='line_1_1' title="bbox 167 674 295 702; baseline 0 0"><span class='ocrx_word' id='word_1_1' title='bbox 167 674 239 702; x_wconf 80' lang='lat' dir='ltr'>Cor.</span> <span class='ocrx_word' id='word_1_2' title='bbox 268 681 295 702; x_wconf 64' lang='grc' dir='ltr'>ε.</span> 
     </span>
    </p>
   </div>
   <div class='ocr_carea' id='block_1_2' title="bbox 760 214 1298 250">
    <p class='ocr_par' dir='ltr' id='par_1_2' title="bbox 760 214 1298 250">
     <span class='ocr_line' id='line_1_2' title="bbox 760 214 1298 250; baseline -0.011 -1"><span class='ocrx_word' id='word_1_3' title='bbox 760 220 798 250; x_wconf 83' lang='grc'>5.</span> <span class='ocrx_word' id='word_1_4' title='bbox 837 217 1023 249; x_wconf 67' lang='lat' dir='ltr'>JOANMS</span> <span class='ocrx_word' id='word_1_5' title='bbox 1057 214 1298 246; x_wconf 69' lang='lat' dir='ltr'>cnnYSOST.</span> 
     </span>
    </p>
   </div>
   <div class='ocr_carea' id='block_1_3' title="bbox 321 208 413 272">
    <p class='ocr_par' dir='ltr' id='par_1_3' title="bbox 321 208 413 272">
     <span class='ocr_line' id='line_1_3' title="bbox 321 208 413 272; baseline 0 -17"><span class='ocrx_word' id='word_1_6' title='bbox 321 208 413 272; x_wconf 80' lang='lat'>276</span> 
     </span>
    </p>
   </div>
   <div class='ocr_carea' id='block_1_4' title="bbox 307 296 1315 2363">
    <p class='ocr_par' dir='ltr' id='par_1_4' title="bbox 307 296 1315 2363">
     <span class='ocr_line' id='line_1_4' title="bbox 316 296 1266 350; baseline -0.013 -4"><span class='ocrx_word' id='word_1_7' title='bbox 316 320 503 346; x_wconf 85' lang='lat' dir='ltr'>moerorem</span> <span class='ocrx_word' id='word_1_8' title='bbox 517 305 646 343; x_wconf 89' lang='lat' dir='ltr'>bonam</span> <span class='ocrx_word' id='word_1_9' title='bbox 661 315 762 341; x_wconf 85' lang='lat' dir='ltr'>suam</span> <span class='ocrx_word' id='word_1_10' title='bbox 777 299 1019 339; x_wconf 78' lang='lat' dir='ltr'>valetudinem</span> <span class='ocrx_word' id='word_1_11' title='bbox 1031 305 1236 350; x_wconf 86' lang='lat' dir='ltr'>corrumpat</span> <span class='ocrx_word' id='word_1_12' title='bbox 1247 296 1266 334; x_wconf 72' lang='lat' dir='ltr'>‘t’</span> 
     </span>
     <span class='ocr_line' id='line_1_5' title="bbox 317 357 1267 412; baseline -0.011 -7"><span class='ocrx_word' id='word_1_13' title='bbox 317 366 416 405; x_wconf 80' lang='lat' dir='ltr'>Adeo</span> <span class='ocrx_word' id='word_1_14' title='bbox 434 374 485 404; x_wconf 85' lang='lat' dir='ltr'>cst</span> <span class='ocrx_word' id='word_1_15' title='bbox 509 364 605 403; x_wconf 89' lang='lat' dir='ltr'>enim</span> <span class='ocrx_word' id='word_1_16' title='bbox 625 362 687 401; x_wconf 86' lang='lat' dir='ltr'>ille</span> <span class='ocrx_word' id='word_1_17' title='bbox 705 375 786 400; x_wconf 85' lang='lat' dir='ltr'>aoer</span> <span class='ocrx_word' id='word_1_18' title='bbox 802 370 910 412; x_wconf 88' lang='lat' dir='ltr'>atque</span> <span class='ocrx_word' id='word_1_19' title='bbox 927 359 1055 399; x_wconf 85' lang='lat' dir='ltr'>efficax</span> <span class='ocrx_word' id='word_1_20' title='bbox 1070 388 1081 408; x_wconf 91' lang='lat'>‚</span> <span class='ocrx_word' id='word_1_21' title='bbox 1104 367 1143 396; x_wconf 93' lang='lat' dir='ltr'>ut</span> <span class='ocrx_word' id='word_1_22' title='bbox 1160 357 1267 396; x_wconf 90' lang='lat' dir='ltr'>etiam</span> 
     </span>
     <span class='ocr_line' id='line_1_6' title="bbox 315 420 1266 479; baseline -0.008 -15"><span class='ocrx_word' id='word_1_23' title='bbox 315 442 382 479; x_wconf 85' lang='lat' dir='ltr'>ope</span> <span class='ocrx_word' id='word_1_24' title='bbox 400 439 462 464; x_wconf 87' lang='lat' dir='ltr'>sua</span> <span class='ocrx_word' id='word_1_25' title='bbox 482 423 739 476; x_wconf 82' lang='lat' dir='ltr'>indigentibus,</span> <span class='ocrx_word' id='word_1_26' title='bbox 757 423 786 461; x_wconf 85' lang='lat' dir='ltr'>si</span> <span class='ocrx_word' id='word_1_27' title='bbox 803 422 883 474; x_wconf 88' lang='lat' dir='ltr'>plus</span> <span class='ocrx_word' id='word_1_28' title='bbox 897 420 1067 474; x_wconf 86' lang='lat' dir='ltr'>temporis</span> <span class='ocrx_word' id='word_1_29' title='bbox 1079 432 1188 471; x_wconf 83' lang='lat' dir='ltr'>quam</span> <span class='ocrx_word' id='word_1_30' title='bbox 1203 431 1266 457; x_wconf 84' lang='lat' dir='ltr'>ne-</span> 
     </span>
     <span class='ocr_line' id='line_1_7' title="bbox 315 480 1265 530; baseline -0.009 -5"><span class='ocrx_word' id='word_1_31' title='bbox 315 500 408 525; x_wconf 82' lang='lat' dir='ltr'>cesse</span> <span class='ocrx_word' id='word_1_32' title='bbox 420 485 466 524; x_wconf 89' lang='lat' dir='ltr'>sit</span> <span class='ocrx_word' id='word_1_33' title='bbox 480 485 699 530; x_wconf 82' lang='lat' dir='ltr'>immoretur,</span> <span class='ocrx_word' id='word_1_34' title='bbox 714 483 954 522; x_wconf 87' lang='lat' dir='ltr'>maximorum</span> <span class='ocrx_word' id='word_1_35' title='bbox 970 480 1147 519; x_wconf 89' lang='lat' dir='ltr'>malorum</span> <span class='ocrx_word' id='word_1_36' title='bbox 1162 492 1265 517; x_wconf 87' lang='lat' dir='ltr'>causa</span> 
     </span>
     <span class='ocr_line' id='line_1_8' title="bbox 315 540 1315 596; baseline -0.007 -11"><span class='ocrx_word' id='word_1_37' title='bbox 315 547 372 585; x_wconf 88' lang='lat' dir='ltr'>sit.</span> <span class='ocrx_word' id='word_1_38' title='bbox 392 545 499 596; x_wconf 91' lang='lat' dir='ltr'>Quod</span> <span class='ocrx_word' id='word_1_39' title='bbox 517 555 552 584; x_wconf 91' lang='lat' dir='ltr'>et</span> <span class='ocrx_word' id='word_1_40' title='bbox 572 545 699 584; x_wconf 86' lang='lat' dir='ltr'>beatus</span> <span class='ocrx_word' id='word_1_41' title='bbox 720 543 854 582; x_wconf 85' lang='lat' dir='ltr'>Paulus</span> <span class='ocrx_word' id='word_1_42' title='bbox 868 551 1027 581; x_wconf 88' lang='lat' dir='ltr'>metuens</span> <span class='ocrx_word' id='word_1_43' title='bbox 1050 541 1121 579; x_wconf 88' lang='lat' dir='ltr'>cito</span> <span class='ocrx_word' id='word_1_44' title='bbox 1135 540 1238 579; x_wconf 87' lang='lat' dir='ltr'>illum</span> <span class='ocrx_word' id='word_1_45' title='bbox 1251 568 1264 586; x_wconf 88' lang='lat'>‚</span> <span class='ocrx_word' id='word_1_46' title='bbox 1289 554 1315 586; x_wconf 80' lang='lat' dir='ltr'>c</span> 
     </span>
     <span class='ocr_line' id='line_1_9' title="bbox 315 601 1265 660; baseline -0.007 -14"><span class='ocrx_word' id='word_1_47' title='bbox 315 616 504 660; x_wconf 76' lang='lat' dir='ltr'>postquam</span> <span class='ocrx_word' id='word_1_48' title='bbox 520 606 648 645; x_wconf 77' lang='lat' dir='ltr'>fecerat</span> <span class='ocrx_word' id='word_1_49' title='bbox 661 604 759 658; x_wconf 86' lang='lat' dir='ltr'>quod</span> <span class='ocrx_word' id='word_1_50' title='bbox 773 618 878 643; x_wconf 88' lang='lat' dir='ltr'>suum</span> <span class='ocrx_word' id='word_1_51' title='bbox 896 611 984 651; x_wconf 86' lang='lat' dir='ltr'>erat,</span> <span class='ocrx_word' id='word_1_52' title='bbox 1001 601 1134 641; x_wconf 75' lang='lat' dir='ltr'>auferri</span> <span class='ocrx_word' id='word_1_53' title='bbox 1142 601 1265 655; x_wconf 85' lang='lat' dir='ltr'>jussit,</span> 
     </span>
     <span class='ocr_line' id='line_1_10' title="bbox 314 663 1268 720; baseline -0.007 -13"><span class='ocrx_word' id='word_1_54' title='bbox 314 682 527 720; x_wconf 79' lang='lat' dir='ltr'>causamque</span> <span class='ocrx_word' id='word_1_55' title='bbox 539 667 669 719; x_wconf 87' lang='lat' dir='ltr'>adjecit</span> <span class='ocrx_word' id='word_1_56' title='bbox 684 680 762 705; x_wconf 81' lang='lat' dir='ltr'>eam</span> <span class='ocrx_word' id='word_1_57' title='bbox 775 681 783 702; x_wconf 74' lang='grc' dir='ltr'>ε</span> <span class='ocrx_word' id='word_1_58' title='bbox 795 666 982 718; x_wconf 80' lang='lat' dir='ltr'>Nesorte,</span> <span class='ocrx_word' id='word_1_59' title='bbox 993 663 1126 715; x_wconf 81' lang='lat' dir='ltr'>inquit,</span> <span class='ocrx_word' id='word_1_60' title='bbox 1142 664 1268 701; x_wconf 84' lang='lat' dir='ltr'>abun·</span> 
     </span>
     <span class='ocr_line' id='line_1_11' title="bbox 312 724 1267 768; baseline -0.005 -1"><span class='ocrx_word' id='word_1_61' title='bbox 312 729 487 768; x_wconf 83' lang='lat' dir='ltr'>dantiori</span> <span class='ocrx_word' id='word_1_62' title='bbox 505 731 665 767; x_wconf 76' lang='lat' dir='ltr'>tristitia</span> <span class='ocrx_word' id='word_1_63' title='bbox 678 729 947 767; x_wconf 83' lang='lat' dir='ltr'>absorbeatur.</span> <span class='ocrx_word' id='word_1_64' title='bbox 964 727 1074 765; x_wconf 87' lang='lat' dir='ltr'>Porro</span> <span class='ocrx_word' id='word_1_65' title='bbox 1088 724 1117 763; x_wconf 88' lang='lat' dir='ltr'>si</span> <span class='ocrx_word' id='word_1_66' title='bbox 1135 724 1267 763; x_wconf 87' lang='lat' dir='ltr'>nimius</span> 
     </span>
     <span class='ocr_line' id='line_1_12' title="bbox 314 786 1267 839; baseline -0.006 -10"><span class='ocrx_word' id='word_1_67' title='bbox 314 804 444 829; x_wconf 85' lang='lat' dir='ltr'>moeror</span> <span class='ocrx_word' id='word_1_68' title='bbox 470 790 629 838; x_wconf 87' lang='lat' dir='ltr'>irruens,</span> <span class='ocrx_word' id='word_1_69' title='bbox 653 803 712 828; x_wconf 89' lang='lat' dir='ltr'>eos</span> <span class='ocrx_word' id='word_1_70' title='bbox 731 788 838 827; x_wconf 87' lang='lat' dir='ltr'>etiam</span> <span class='ocrx_word' id='word_1_71' title='bbox 856 786 988 839; x_wconf 88' lang='lat' dir='ltr'>quibus</span> <span class='ocrx_word' id='word_1_72' title='bbox 1012 795 1087 825; x_wconf 88' lang='lat' dir='ltr'>erat</span> <span class='ocrx_word' id='word_1_73' title='bbox 1106 799 1267 824; x_wconf 69' lang='lat' dir='ltr'>necessa-</span> 
     </span>
     <span class='ocr_line' id='line_1_13' title="bbox 312 847 1265 904; baseline -0.003 -16"><span class='ocrx_word' id='word_1_74' title='bbox 312 850 402 897; x_wconf 84' lang='lat' dir='ltr'>rius,</span> <span class='ocrx_word' id='word_1_75' title='bbox 424 851 554 904; x_wconf 82' lang='lat' dir='ltr'>saepius</span> <span class='ocrx_word' id='word_1_76' title='bbox 568 849 742 904; x_wconf 87' lang='lat' dir='ltr'>perdidit,</span> <span class='ocrx_word' id='word_1_77' title='bbox 765 849 854 901; x_wconf 86' lang='lat' dir='ltr'>quid</span> <span class='ocrx_word' id='word_1_78' title='bbox 873 848 945 887; x_wconf 88' lang='lat' dir='ltr'>illis</span> <span class='ocrx_word' id='word_1_79' title='bbox 963 847 1079 895; x_wconf 80' lang='lat' dir='ltr'>saciet,</span> <span class='ocrx_word' id='word_1_80' title='bbox 1099 848 1162 898; x_wconf 87' lang='lat' dir='ltr'>qui</span> <span class='ocrx_word' id='word_1_81' title='bbox 1183 860 1265 885; x_wconf 91' lang='lat' dir='ltr'>cum</span> 
     </span>
     <span class='ocr_line' id='line_1_14' title="bbox 313 909 1267 966; baseline -0.006 -14"><span class='ocrx_word' id='word_1_82' title='bbox 313 926 382 951; x_wconf 90' lang='lat' dir='ltr'>non</span> <span class='ocrx_word' id='word_1_83' title='bbox 405 912 612 965; x_wconf 80' lang='lat' dir='ltr'>indigeant,</span> <span class='ocrx_word' id='word_1_84' title='bbox 643 921 768 966; x_wconf 86' lang='lat' dir='ltr'>sponte</span> <span class='ocrx_word' id='word_1_85' title='bbox 797 911 900 949; x_wconf 87' lang='lat' dir='ltr'>illum</span> <span class='ocrx_word' id='word_1_86' title='bbox 925 909 994 949; x_wconf 84' lang='lat' dir='ltr'>sibi</span> <span class='ocrx_word' id='word_1_87' title='bbox 1013 909 1267 948; x_wconf 76' lang='lat' dir='ltr'>consciscunt?</span> 
     </span>
     <span class='ocr_line' id='line_1_15' title="bbox 313 969 1266 1025; baseline -0.002 -15"><span class='ocrx_word' id='word_1_88' title='bbox 313 973 365 1010; x_wconf 86' lang='lat' dir='ltr'>lta</span> <span class='ocrx_word' id='word_1_89' title='bbox 377 987 473 1021; x_wconf 87' lang='lat' dir='ltr'>sane,</span> <span class='ocrx_word' id='word_1_90' title='bbox 490 973 640 1025; x_wconf 81' lang='lat' dir='ltr'>inquies.</span> <span class='ocrx_word' id='word_1_91' title='bbox 656 972 738 1011; x_wconf 87' lang='lat' dir='ltr'>novi</span> <span class='ocrx_word' id='word_1_92' title='bbox 752 972 821 1010; x_wconf 86' lang='lat' dir='ltr'>hoc</span> <span class='ocrx_word' id='word_1_93' title='bbox 833 980 867 1009; x_wconf 89' lang='lat' dir='ltr'>ct</span> <span class='ocrx_word' id='word_1_94' title='bbox 882 970 957 1024; x_wconf 85' lang='lat' dir='ltr'>ipse</span> <span class='ocrx_word' id='word_1_95' title='bbox 975 984 984 1008; x_wconf 91' lang='lat'><strong>:</strong></span> <span class='ocrx_word' id='word_1_96' title='bbox 1000 969 1063 1009; x_wconf 85' lang='lat' dir='ltr'>sed</span> <span class='ocrx_word' id='word_1_97' title='bbox 1078 983 1149 1021; x_wconf 89' lang='lat' dir='ltr'>quo</span> <span class='ocrx_word' id='word_1_98' title='bbox 1163 978 1266 1022; x_wconf 85' lang='lat' dir='ltr'>pacto</span> 
     </span>
     <span class='ocr_line' id='line_1_16' title="bbox 313 1031 1265 1085; baseline -0.003 -14"><span class='ocrx_word' id='word_1_99' title='bbox 313 1033 417 1072; x_wconf 89' lang='lat' dir='ltr'>illum</span> <span class='ocrx_word' id='word_1_100' title='bbox 431 1032 636 1082; x_wconf 82' lang='lat' dir='ltr'>excludam,</span> <span class='ocrx_word' id='word_1_101' title='bbox 654 1043 759 1085; x_wconf 90' lang='lat' dir='ltr'>atque</span> <span class='ocrx_word' id='word_1_102' title='bbox 772 1032 819 1071; x_wconf 92' lang='lat' dir='ltr'>ab</span> <span class='ocrx_word' id='word_1_103' title='bbox 835 1031 953 1071; x_wconf 89' lang='lat' dir='ltr'>anima</span> <span class='ocrx_word' id='word_1_104' title='bbox 970 1044 1047 1070; x_wconf 88' lang='lat' dir='ltr'>mea</span> <span class='ocrx_word' id='word_1_105' title='bbox 1065 1043 1265 1074; x_wconf 77' lang='lat' dir='ltr'>amoveam,</span> 
     </span>
     <span class='ocr_line' id='line_1_17' title="bbox 313 1091 1266 1148; baseline -0.003 -16"><span class='ocrx_word' id='word_1_106' title='bbox 313 1095 442 1134; x_wconf 85' lang='lat' dir='ltr'>nescio.</span> <span class='ocrx_word' id='word_1_107' title='bbox 464 1095 510 1133; x_wconf 84' lang='lat' dir='ltr'>Et</span> <span class='ocrx_word' id='word_1_108' title='bbox 526 1096 629 1148; x_wconf 87' lang='lat' dir='ltr'>cujus</span> <span class='ocrx_word' id='word_1_109' title='bbox 647 1094 716 1133; x_wconf 86' lang='lat' dir='ltr'>hoc</span> <span class='ocrx_word' id='word_1_110' title='bbox 733 1093 976 1142; x_wconf 78' lang='lat' dir='ltr'>difficultatis,</span> <span class='ocrx_word' id='word_1_111' title='bbox 996 1091 1266 1130; x_wconf 85' lang='lat' dir='ltr'>amantissich</span> 
     </span>
     <span class='ocr_line' id='line_1_18' title="bbox 313 1152 1265 1208; baseline -0.004 -14"><span class='ocrx_word' id='word_1_112' title='bbox 313 1157 405 1194; x_wconf 80' lang='lat' dir='ltr'>Nam</span> <span class='ocrx_word' id='word_1_113' title='bbox 422 1156 451 1194; x_wconf 87' lang='lat' dir='ltr'>si</span> <span class='ocrx_word' id='word_1_114' title='bbox 471 1155 755 1208; x_wconf 86' lang='lat' dir='ltr'>concupiscentia</span> <span class='ocrx_word' id='word_1_115' title='bbox 773 1154 1009 1205; x_wconf 58' lang='lat' dir='ltr'>eave-Equa,</span> <span class='ocrx_word' id='word_1_116' title='bbox 1029 1152 1059 1191; x_wconf 88' lang='lat' dir='ltr'>si</span> <span class='ocrx_word' id='word_1_117' title='bbox 1075 1166 1265 1204; x_wconf 85' lang='lat' dir='ltr'>corporum</span> 
     </span>
     <span class='ocr_line' id='line_1_19' title="bbox 312 1212 1314 1266; baseline -0.003 -12"><span class='ocrx_word' id='word_1_118' title='bbox 312 1217 459 1256; x_wconf 86' lang='lat' dir='ltr'>insanus</span> <span class='ocrx_word' id='word_1_119' title='bbox 475 1231 588 1265; x_wconf 83' lang='lat' dir='ltr'>amor,</span> <span class='ocrx_word' id='word_1_120' title='bbox 608 1217 637 1255; x_wconf 86' lang='lat' dir='ltr'>si</span> <span class='ocrx_word' id='word_1_121' title='bbox 658 1216 773 1254; x_wconf 89' lang='lat' dir='ltr'>inanis</span> <span class='ocrx_word' id='word_1_122' title='bbox 792 1214 915 1265; x_wconf 81' lang='lat' dir='ltr'>gloriae</span> <span class='ocrx_word' id='word_1_123' title='bbox 934 1213 1114 1266; x_wconf 83' lang='lat' dir='ltr'>tyrannis,</span> <span class='ocrx_word' id='word_1_124' title='bbox 1136 1212 1264 1250; x_wconf 83' lang='lat' dir='ltr'>vitium</span> <span class='ocrx_word' id='word_1_125' title='bbox 1291 1221 1314 1251; x_wconf 88' lang='lat' dir='ltr'>D</span> 
     </span>
     <span class='ocr_line' id='line_1_20' title="bbox 310 1271 1266 1329; baseline -0.006 -15"><span class='ocrx_word' id='word_1_126' title='bbox 310 1278 467 1329; x_wconf 80' lang='lat' dir='ltr'>profecto</span> <span class='ocrx_word' id='word_1_127' title='bbox 482 1285 651 1328; x_wconf 81' lang='lat' dir='ltr'>superam</span> <span class='ocrx_word' id='word_1_128' title='bbox 668 1275 941 1321; x_wconf 82' lang='lat' dir='ltr'>difficillimum,</span> <span class='ocrx_word' id='word_1_129' title='bbox 956 1281 1019 1310; x_wconf 90' lang='lat' dir='ltr'>aut</span> <span class='ocrx_word' id='word_1_130' title='bbox 1030 1271 1167 1323; x_wconf 88' lang='lat' dir='ltr'>aliquid</span> <span class='ocrx_word' id='word_1_131' title='bbox 1188 1286 1266 1324; x_wconf 86' lang='lat' dir='ltr'>per-</span> 
     </span>
     <span class='ocr_line' id='line_1_21' title="bbox 310 1331 1266 1388; baseline -0.004 -14"><span class='ocrx_word' id='word_1_132' title='bbox 310 1337 555 1376; x_wconf 87' lang='lat' dir='ltr'>turbationum</span> <span class='ocrx_word' id='word_1_133' title='bbox 567 1335 830 1388; x_wconf 81' lang='lat' dir='ltr'>hujuscemodi,</span> <span class='ocrx_word' id='word_1_134' title='bbox 840 1334 966 1372; x_wconf 87' lang='lat' dir='ltr'>merito</span> <span class='ocrx_word' id='word_1_135' title='bbox 979 1346 1071 1371; x_wconf 81' lang='lat' dir='ltr'>esses</span> <span class='ocrx_word' id='word_1_136' title='bbox 1081 1331 1126 1370; x_wconf 90' lang='lat' dir='ltr'>dc</span> <span class='ocrx_word' id='word_1_137' title='bbox 1136 1331 1266 1384; x_wconf 88' lang='lat' dir='ltr'>hujus-</span> 
     </span>
     <span class='ocr_line' id='line_1_22' title="bbox 310 1392 1265 1444; baseline -0.006 -8"><span class='ocrx_word' id='word_1_138' title='bbox 310 1397 405 1436; x_wconf 87' lang='lat' dir='ltr'>modi</span> <span class='ocrx_word' id='word_1_139' title='bbox 436 1397 646 1436; x_wconf 82' lang='lat' dir='ltr'>liberatione</span> <span class='ocrx_word' id='word_1_140' title='bbox 674 1395 861 1435; x_wconf 84' lang='lat' dir='ltr'>sollicitus.</span> <span class='ocrx_word' id='word_1_141' title='bbox 894 1395 967 1434; x_wconf 86' lang='lat' dir='ltr'>Eos</span> <span class='ocrx_word' id='word_1_142' title='bbox 997 1393 1091 1432; x_wconf 92' lang='lat' dir='ltr'>enim</span> <span class='ocrx_word' id='word_1_143' title='bbox 1125 1393 1186 1444; x_wconf 86' lang='lat' dir='ltr'>qui</span> <span class='ocrx_word' id='word_1_144' title='bbox 1208 1392 1265 1431; x_wconf 84' lang='lat' dir='ltr'>bis</span> 
     </span>
     <span class='ocr_line' id='line_1_23' title="bbox 308 1453 1264 1511; baseline -0.004 -15"><span class='ocrx_word' id='word_1_145' title='bbox 308 1459 402 1511; x_wconf 75' lang='lat' dir='ltr'>capti</span> <span class='ocrx_word' id='word_1_146' title='bbox 421 1459 564 1497; x_wconf 86' lang='lat' dir='ltr'>suerunt</span> <span class='ocrx_word' id='word_1_147' title='bbox 587 1472 654 1497; x_wconf 93' lang='lat' dir='ltr'>non</span> <span class='ocrx_word' id='word_1_148' title='bbox 674 1457 820 1510; x_wconf 90' lang='lat' dir='ltr'>quidem</span> <span class='ocrx_word' id='word_1_149' title='bbox 837 1465 888 1495; x_wconf 87' lang='lat' dir='ltr'>est</span> <span class='ocrx_word' id='word_1_150' title='bbox 906 1454 1145 1507; x_wconf 84' lang='lat' dir='ltr'>impossibile,</span> <span class='ocrx_word' id='word_1_151' title='bbox 1166 1453 1264 1492; x_wconf 84' lang='lat' dir='ltr'>diffi-</span> 
     </span>
     <span class='ocr_line' id='line_1_24' title="bbox 309 1515 1263 1570; baseline -0.004 -13"><span class='ocrx_word' id='word_1_152' title='bbox 309 1519 485 1558; x_wconf 88' lang='lat' dir='ltr'>cillimum</span> <span class='ocrx_word' id='word_1_153' title='bbox 503 1529 618 1558; x_wconf 90' lang='lat' dir='ltr'>tamen</span> <span class='ocrx_word' id='word_1_154' title='bbox 634 1534 672 1558; x_wconf 88' lang='lat' dir='ltr'>ea</span> <span class='ocrx_word' id='word_1_155' title='bbox 689 1519 774 1557; x_wconf 90' lang='lat' dir='ltr'>retia</span> <span class='ocrx_word' id='word_1_156' title='bbox 790 1518 978 1570; x_wconf 75' lang='lat' dir='ltr'>diffugere.</span> <span class='ocrx_word' id='word_1_157' title='bbox 995 1518 1071 1555; x_wconf 85' lang='lat' dir='ltr'>Cur</span> <span class='ocrx_word' id='word_1_158' title='bbox 1087 1515 1124 1554; x_wconf 90' lang='lat' dir='ltr'>id</span> <span class='ocrx_word' id='word_1_159' title='bbox 1139 1516 1156 1554; x_wconf 70' lang='grc' dir='ltr'>ἶ)</span> <span class='ocrx_word' id='word_1_160' title='bbox 1169 1515 1263 1563; x_wconf 89' lang='lat' dir='ltr'>Quia</span> 
     </span>
     <span class='ocr_line' id='line_1_25' title="bbox 308 1577 1263 1634; baseline -0.003 -15"><span class='ocrx_word' id='word_1_161' title='bbox 308 1582 474 1634; x_wconf 81' lang='lat' dir='ltr'>voluptas</span> <span class='ocrx_word' id='word_1_162' title='bbox 507 1581 550 1619; x_wconf 89' lang='lat' dir='ltr'>iis</span> <span class='ocrx_word' id='word_1_163' title='bbox 569 1589 778 1633; x_wconf 82' lang='lat' dir='ltr'>cooperatur</span> <span class='ocrx_word' id='word_1_164' title='bbox 808 1589 915 1631; x_wconf 87' lang='lat' dir='ltr'>atque</span> <span class='ocrx_word' id='word_1_165' title='bbox 934 1579 995 1617; x_wconf 85' lang='lat' dir='ltr'>illa</span> <span class='ocrx_word' id='word_1_166' title='bbox 1021 1577 1182 1630; x_wconf 84' lang='lat' dir='ltr'>adjuvat.</span> <span class='ocrx_word' id='word_1_167' title='bbox 1211 1577 1263 1616; x_wconf 83' lang='lat' dir='ltr'>Ea</span> 
     </span>
     <span class='ocr_line' id='line_1_26' title="bbox 307 1638 1263 1694; baseline -0.006 -13"><span class='ocrx_word' id='word_1_168' title='bbox 307 1656 392 1682; x_wconf 84' lang='lat' dir='ltr'>vero</span> <span class='ocrx_word' id='word_1_169' title='bbox 409 1651 474 1690; x_wconf 85' lang='lat' dir='ltr'>est,</span> <span class='ocrx_word' id='word_1_170' title='bbox 490 1656 569 1694; x_wconf 86' lang='lat' dir='ltr'>quae</span> <span class='ocrx_word' id='word_1_171' title='bbox 589 1642 695 1680; x_wconf 87' lang='lat' dir='ltr'>semel</span> <span class='ocrx_word' id='word_1_172' title='bbox 715 1641 828 1694; x_wconf 90' lang='lat' dir='ltr'>captis</span> <span class='ocrx_word' id='word_1_173' title='bbox 851 1641 953 1679; x_wconf 83' lang='lat' dir='ltr'>funes</span> <span class='ocrx_word' id='word_1_174' title='bbox 970 1639 1145 1692; x_wconf 88' lang='lat' dir='ltr'>plurimos</span> <span class='ocrx_word' id='word_1_175' title='bbox 1162 1638 1263 1676; x_wconf 89' lang='lat' dir='ltr'>inne·</span> 
     </span>
     <span class='ocr_line' id='line_1_27' title="bbox 307 1699 1263 1755; baseline -0.005 -14"><span class='ocrx_word' id='word_1_176' title='bbox 307 1703 387 1750; x_wconf 88' lang='lat' dir='ltr'>etit,</span> <span class='ocrx_word' id='word_1_177' title='bbox 410 1702 576 1754; x_wconf 86' lang='lat' dir='ltr'>istudque</span> <span class='ocrx_word' id='word_1_178' title='bbox 595 1703 753 1755; x_wconf 89' lang='lat' dir='ltr'>primum</span> <span class='ocrx_word' id='word_1_179' title='bbox 773 1701 998 1740; x_wconf 84' lang='lat' dir='ltr'>difficultatis</span> <span class='ocrx_word' id='word_1_180' title='bbox 1017 1699 1263 1753; x_wconf 88' lang='lat' dir='ltr'>plenissimum</span> 
     </span>
     <span class='ocr_line' id='line_1_28' title="bbox 307 1760 1313 1817; baseline -0.006 -15"><span class='ocrx_word' id='word_1_181' title='bbox 307 1773 384 1812; x_wconf 87' lang='lat' dir='ltr'>est,</span> <span class='ocrx_word' id='word_1_182' title='bbox 416 1763 630 1817; x_wconf 85' lang='lat' dir='ltr'>persuadere</span> <span class='ocrx_word' id='word_1_183' title='bbox 649 1763 769 1802; x_wconf 90' lang='lat' dir='ltr'>animo</span> <span class='ocrx_word' id='word_1_184' title='bbox 788 1764 840 1802; x_wconf 90' lang='lat' dir='ltr'>sic</span> <span class='ocrx_word' id='word_1_185' title='bbox 859 1761 1012 1807; x_wconf 87' lang='lat' dir='ltr'>irretito,</span> <span class='ocrx_word' id='word_1_186' title='bbox 1044 1770 1083 1798; x_wconf 88' lang='lat' dir='ltr'>ut</span> <span class='ocrx_word' id='word_1_187' title='bbox 1102 1760 1205 1812; x_wconf 87' lang='lat' dir='ltr'>plane</span> <span class='ocrx_word' id='word_1_188' title='bbox 1223 1772 1265 1797; x_wconf 89' lang='lat' dir='ltr'>ac</span> <span class='ocrx_word' id='word_1_189' title='bbox 1288 1773 1313 1804; x_wconf 79' lang='lat' dir='ltr'><strong>E</strong></span> 
     </span>
     <span class='ocr_line' id='line_1_29' title="bbox 310 1820 1266 1877; baseline -0.005 -14"><span class='ocrx_word' id='word_1_190' title='bbox 310 1825 450 1877; x_wconf 86' lang='lat' dir='ltr'>penitus</span> <span class='ocrx_word' id='word_1_191' title='bbox 465 1825 551 1863; x_wconf 77' lang='lat' dir='ltr'>velit</span> <span class='ocrx_word' id='word_1_192' title='bbox 564 1838 605 1862; x_wconf 89' lang='lat' dir='ltr'>ac</span> <span class='ocrx_word' id='word_1_193' title='bbox 617 1823 739 1877; x_wconf 89' lang='lat' dir='ltr'>cupiat</span> <span class='ocrx_word' id='word_1_194' title='bbox 750 1823 847 1862; x_wconf 87' lang='lat' dir='ltr'>hisce</span> <span class='ocrx_word' id='word_1_195' title='bbox 858 1822 961 1861; x_wconf 89' lang='lat' dir='ltr'>nodis</span> <span class='ocrx_word' id='word_1_196' title='bbox 972 1821 1117 1860; x_wconf 85' lang='lat' dir='ltr'>liberari</span> <span class='ocrx_word' id='word_1_197' title='bbox 1133 1836 1140 1857; x_wconf 92' lang='lat'><strong>:</strong></span> <span class='ocrx_word' id='word_1_198' title='bbox 1155 1820 1266 1872; x_wconf 85' lang='lat' dir='ltr'>fitque</span> 
     </span>
     <span class='ocr_line' id='line_1_30' title="bbox 310 1882 1265 1936; baseline -0.005 -11"><span class='ocrx_word' id='word_1_199' title='bbox 310 1887 549 1935; x_wconf 83' lang='lat' dir='ltr'>simillimum,</span> <span class='ocrx_word' id='word_1_200' title='bbox 559 1885 671 1924; x_wconf 79' lang='lat' dir='ltr'>veluti</span> <span class='ocrx_word' id='word_1_201' title='bbox 687 1886 715 1923; x_wconf 90' lang='lat' dir='ltr'>si</span> <span class='ocrx_word' id='word_1_202' title='bbox 727 1885 809 1936; x_wconf 87' lang='lat' dir='ltr'>quis</span> <span class='ocrx_word' id='word_1_203' title='bbox 820 1884 974 1922; x_wconf 86' lang='lat' dir='ltr'>scabiem</span> <span class='ocrx_word' id='word_1_204' title='bbox 987 1898 1027 1922; x_wconf 87' lang='lat' dir='ltr'>ac</span> <span class='ocrx_word' id='word_1_205' title='bbox 1042 1882 1265 1936; x_wconf 81' lang='lat' dir='ltr'>pruriginem</span> 
     </span>
     <span class='ocr_line' id='line_1_31' title="bbox 310 1943 1264 2000; baseline -0.005 -13"><span class='ocrx_word' id='word_1_206' title='bbox 310 1948 539 2000; x_wconf 82' lang='lat' dir='ltr'>depositurus</span> <span class='ocrx_word' id='word_1_207' title='bbox 550 1946 677 1985; x_wconf 87' lang='lat' dir='ltr'>morbo</span> <span class='ocrx_word' id='word_1_208' title='bbox 694 1960 758 1985; x_wconf 86' lang='lat' dir='ltr'>suo</span> <span class='ocrx_word' id='word_1_209' title='bbox 773 1945 981 1993; x_wconf 84' lang='lat' dir='ltr'>delectetur,</span> <span class='ocrx_word' id='word_1_210' title='bbox 998 1955 1031 1983; x_wconf 90' lang='lat' dir='ltr'>et</span> <span class='ocrx_word' id='word_1_211' title='bbox 1048 1945 1082 1983; x_wconf 90' lang='lat' dir='ltr'>in</span> <span class='ocrx_word' id='word_1_212' title='bbox 1099 1943 1264 1983; x_wconf 88' lang='lat' dir='ltr'>cumdem</span> 
     </span>
     <span class='ocr_line' id='line_1_32' title="bbox 311 2005 1266 2061; baseline -0.004 -14"><span class='ocrx_word' id='word_1_213' title='bbox 311 2010 431 2061; x_wconf 86' lang='lat' dir='ltr'>ipsum</span> <span class='ocrx_word' id='word_1_214' title='bbox 464 2022 538 2047; x_wconf 84' lang='lat' dir='ltr'>sese</span> <span class='ocrx_word' id='word_1_215' title='bbox 568 2006 718 2060; x_wconf 84' lang='lat' dir='ltr'>injiciat.</span> <span class='ocrx_word' id='word_1_216' title='bbox 752 2008 928 2045; x_wconf 77' lang='lat' dir='ltr'>Caeterum</span> <span class='ocrx_word' id='word_1_217' title='bbox 962 2005 1008 2044; x_wconf 89' lang='lat' dir='ltr'>ad</span> <span class='ocrx_word' id='word_1_218' title='bbox 1030 2005 1266 2058; x_wconf 83' lang='lat' dir='ltr'>effugandum</span> 
     </span>
     <span class='ocr_line' id='line_1_33' title="bbox 311 2066 1266 2121; baseline -0.003 -13"><span class='ocrx_word' id='word_1_219' title='bbox 311 2083 498 2108; x_wconf 68' lang='lat' dir='ltr'>moerorem</span> <span class='ocrx_word' id='word_1_220' title='bbox 518 2068 554 2107; x_wconf 90' lang='lat' dir='ltr'>id</span> <span class='ocrx_word' id='word_1_221' title='bbox 580 2082 647 2106; x_wconf 93' lang='lat' dir='ltr'>non</span> <span class='ocrx_word' id='word_1_222' title='bbox 669 2082 795 2121; x_wconf 87' lang='lat' dir='ltr'>parum</span> <span class='ocrx_word' id='word_1_223' title='bbox 815 2069 972 2117; x_wconf 83' lang='lat' dir='ltr'>confert,</span> <span class='ocrx_word' id='word_1_224' title='bbox 994 2067 1023 2105; x_wconf 89' lang='lat' dir='ltr'>si</span> <span class='ocrx_word' id='word_1_225' title='bbox 1042 2067 1184 2106; x_wconf 88' lang='lat' dir='ltr'>interim</span> <span class='ocrx_word' id='word_1_226' title='bbox 1205 2066 1266 2105; x_wconf 90' lang='lat' dir='ltr'>in-</span> 
     </span>
     <span class='ocr_line' id='line_1_34' title="bbox 312 2128 1267 2182; baseline -0.003 -13"><span class='ocrx_word' id='word_1_227' title='bbox 312 2140 411 2182; x_wconf 86' lang='lat' dir='ltr'>grate</span> <span class='ocrx_word' id='word_1_228' title='bbox 426 2130 530 2168; x_wconf 84' lang='lat' dir='ltr'>illum</span> <span class='ocrx_word' id='word_1_229' title='bbox 545 2129 786 2168; x_wconf 76' lang='lat' dir='ltr'>admittamus.</span> <span class='ocrx_word' id='word_1_230' title='bbox 808 2130 898 2168; x_wconf 89' lang='lat' dir='ltr'>Nam</span> <span class='ocrx_word' id='word_1_231' title='bbox 915 2128 977 2179; x_wconf 91' lang='lat' dir='ltr'>qui</span> <span class='ocrx_word' id='word_1_232' title='bbox 997 2141 1034 2166; x_wconf 92' lang='lat' dir='ltr'>re</span> <span class='ocrx_word' id='word_1_233' title='bbox 1047 2128 1167 2179; x_wconf 87' lang='lat' dir='ltr'>aliqua</span> <span class='ocrx_word' id='word_1_234' title='bbox 1185 2142 1267 2179; x_wconf 84' lang='lat' dir='ltr'>gra-</span> 
     </span>
     <span class='ocr_line' id='line_1_35' title="bbox 313 2189 1266 2240; baseline 0 -11"><span class='ocrx_word' id='word_1_235' title='bbox 313 2201 437 2240; x_wconf 87' lang='lat' dir='ltr'>vatur,</span> <span class='ocrx_word' id='word_1_236' title='bbox 465 2191 534 2229; x_wconf 90' lang='lat' dir='ltr'>cito</span> <span class='ocrx_word' id='word_1_237' title='bbox 555 2191 653 2229; x_wconf 89' lang='lat' dir='ltr'>illam</span> <span class='ocrx_word' id='word_1_238' title='bbox 672 2190 718 2228; x_wconf 94' lang='lat' dir='ltr'>ab</span> <span class='ocrx_word' id='word_1_239' title='bbox 736 2204 772 2229; x_wconf 88' lang='lat' dir='ltr'>se</span> <span class='ocrx_word' id='word_1_240' title='bbox 788 2199 954 2228; x_wconf 82' lang='lat' dir='ltr'>excutere</span> <span class='ocrx_word' id='word_1_241' title='bbox 972 2189 1143 2228; x_wconf 88' lang='lat' dir='ltr'>studebit.</span> <span class='ocrx_word' id='word_1_242' title='bbox 1166 2190 1266 2237; x_wconf 86' lang='lat' dir='ltr'>Quid</span> 
     </span>
     <span class='ocr_line' id='line_1_36' title="bbox 312 2249 1266 2303; baseline -0.003 -12"><span class='ocrx_word' id='word_1_243' title='bbox 312 2267 411 2303; x_wconf 79' lang='lat' dir='ltr'>ergo,</span> <span class='ocrx_word' id='word_1_244' title='bbox 422 2252 451 2291; x_wconf 89' lang='lat' dir='ltr'>si</span> <span class='ocrx_word' id='word_1_245' title='bbox 462 2252 543 2303; x_wconf 89' lang='lat' dir='ltr'>quis</span> <span class='ocrx_word' id='word_1_246' title='bbox 556 2266 632 2290; x_wconf 86' lang='lat' dir='ltr'>eam</span> <span class='ocrx_word' id='word_1_247' title='bbox 644 2251 690 2289; x_wconf 89' lang='lat' dir='ltr'>ab</span> <span class='ocrx_word' id='word_1_248' title='bbox 702 2264 738 2289; x_wconf 79' lang='lat' dir='ltr'>sc</span> <span class='ocrx_word' id='word_1_249' title='bbox 746 2250 871 2302; x_wconf 87' lang='lat' dir='ltr'>ejicere</span> <span class='ocrx_word' id='word_1_250' title='bbox 882 2249 1034 2298; x_wconf 86' lang='lat' dir='ltr'>studeat,</span> <span class='ocrx_word' id='word_1_251' title='bbox 1049 2264 1111 2288; x_wconf 88' lang='lat' dir='ltr'>nec</span> <span class='ocrx_word' id='word_1_252' title='bbox 1124 2250 1266 2303; x_wconf 81' lang='lat' dir='ltr'>possit?</span> 
     </span>
     <span class='ocr_line' id='line_1_37' title="bbox 316 2311 1265 2363; baseline -0.001 -12"><span class='ocrx_word' id='word_1_253' title='bbox 316 2315 391 2351; x_wconf 81' lang='lat' dir='ltr'>Non</span> <span class='ocrx_word' id='word_1_254' title='bbox 423 2313 579 2351; x_wconf 86' lang='lat' dir='ltr'>remittat</span> <span class='ocrx_word' id='word_1_255' title='bbox 605 2311 766 2349; x_wconf 88' lang='lat' dir='ltr'>studium</span> <span class='ocrx_word' id='word_1_256' title='bbox 780 2340 790 2357; x_wconf 92' lang='lat'>,</span> <span class='ocrx_word' id='word_1_257' title='bbox 819 2319 852 2349; x_wconf 93' lang='lat' dir='ltr'>et</span> <span class='ocrx_word' id='word_1_258' title='bbox 880 2311 951 2349; x_wconf 81' lang='lat' dir='ltr'>cito</span> <span class='ocrx_word' id='word_1_259' title='bbox 973 2311 1113 2363; x_wconf 89' lang='lat' dir='ltr'>poterit.</span> <span class='ocrx_word' id='word_1_260' title='bbox 1140 2311 1265 2363; x_wconf 87' lang='lat' dir='ltr'>Cogita</span> 
     </span>
    </p>
   </div>
   <div class='ocr_carea' id='block_1_5' title="bbox 314 2361 1327 2428">
    <p class='ocr_par' dir='ltr' id='par_1_5' title="bbox 314 2361 1327 2428">
     <span class='ocr_line' id='line_1_38' title="bbox 314 2361 1327 2428; baseline 0 -16"><span class='ocrx_word' id='word_1_261' title='bbox 314 2376 409 2413; x_wconf 88' lang='lat' dir='ltr'>enim</span> <span class='ocrx_word' id='word_1_262' title='bbox 423 2374 683 2418; x_wconf 79' lang='lat' dir='ltr'>Christianum,</span> <span class='ocrx_word' id='word_1_263' title='bbox 697 2372 726 2410; x_wconf 90' lang='lat' dir='ltr'>si</span> <span class='ocrx_word' id='word_1_264' title='bbox 742 2372 886 2423; x_wconf 82' lang='lat' dir='ltr'>quando</span> <span class='ocrx_word' id='word_1_265' title='bbox 902 2371 1073 2420; x_wconf 87' lang='lat' dir='ltr'>tristetur,</span> <span class='ocrx_word' id='word_1_266' title='bbox 1087 2372 1178 2411; x_wconf 81' lang='lat' dir='ltr'>duas</span> <span class='ocrx_word' id='word_1_267' title='bbox 1192 2382 1267 2412; x_wconf 89' lang='lat' dir='ltr'>tan-</span> <span class='ocrx_word' id='word_1_268' title='bbox 1279 2361 1327 2428; x_wconf 49' lang='lat'>²2⁶</span> 
     </span>
    </p>
   </div>
   <div class='ocr_carea' id='block_1_6' title="bbox 317 2433 1318 3337">
    <p class='ocr_par' dir='ltr' id='par_1_6' title="bbox 317 2433 1318 3337">
     <span class='ocr_line' id='line_1_39' title="bbox 317 2433 1267 2488; baseline 0 -15"><span class='ocrx_word' id='word_1_269' title='bbox 317 2446 390 2473; x_wconf 87' lang='lat' dir='ltr'>tum</span> <span class='ocrx_word' id='word_1_270' title='bbox 405 2436 521 2488; x_wconf 81' lang='lat' dir='ltr'>justas</span> <span class='ocrx_word' id='word_1_271' title='bbox 536 2434 666 2472; x_wconf 83' lang='lat' dir='ltr'>habere</span> <span class='ocrx_word' id='word_1_272' title='bbox 680 2433 841 2472; x_wconf 83' lang='lat' dir='ltr'>moeroris</span> <span class='ocrx_word' id='word_1_273' title='bbox 855 2447 990 2482; x_wconf 84' lang='lat' dir='ltr'>causas,</span> <span class='ocrx_word' id='word_1_274' title='bbox 1007 2434 1064 2472; x_wconf 84' lang='lat' dir='ltr'>vel</span> <span class='ocrx_word' id='word_1_275' title='bbox 1080 2448 1162 2473; x_wconf 90' lang='lat' dir='ltr'>cum</span> <span class='ocrx_word' id='word_1_276' title='bbox 1181 2435 1267 2488; x_wconf 86' lang='lat' dir='ltr'>ipse,</span> 
     </span>
     <span class='ocr_line' id='line_1_40' title="bbox 317 2494 1268 2549; baseline 0.001 -15"><span class='ocrx_word' id='word_1_277' title='bbox 317 2497 373 2534; x_wconf 78' lang='lat' dir='ltr'>vel</span> <span class='ocrx_word' id='word_1_278' title='bbox 387 2510 469 2535; x_wconf 90' lang='lat' dir='ltr'>cum</span> <span class='ocrx_word' id='word_1_279' title='bbox 481 2496 666 2548; x_wconf 78' lang='lat' dir='ltr'>proximus</span> <span class='ocrx_word' id='word_1_280' title='bbox 678 2494 825 2533; x_wconf 80' lang='lat' dir='ltr'>offendit</span> <span class='ocrx_word' id='word_1_281' title='bbox 840 2495 952 2533; x_wconf 89' lang='lat' dir='ltr'>Deum</span> <span class='ocrx_word' id='word_1_282' title='bbox 966 2509 974 2531; x_wconf 94' lang='lat'><strong>:</strong></span> <span class='ocrx_word' id='word_1_283' title='bbox 987 2509 1067 2534; x_wconf 87' lang='lat' dir='ltr'>cum</span> <span class='ocrx_word' id='word_1_284' title='bbox 1078 2509 1162 2534; x_wconf 88' lang='lat' dir='ltr'>vcro</span> <span class='ocrx_word' id='word_1_285' title='bbox 1177 2511 1268 2549; x_wconf 80' lang='lat' dir='ltr'>prae-</span> 
     </span>
     <span class='ocr_line' id='line_1_41' title="bbox 318 2555 1268 2608; baseline 0 -12"><span class='ocrx_word' id='word_1_286' title='bbox 318 2572 398 2596; x_wconf 89' lang='lat' dir='ltr'>sens</span> <span class='ocrx_word' id='word_1_287' title='bbox 416 2571 545 2596; x_wconf 88' lang='lat' dir='ltr'>moeror</span> <span class='ocrx_word' id='word_1_288' title='bbox 566 2565 649 2594; x_wconf 83' lang='lat' dir='ltr'>tuus</span> <span class='ocrx_word' id='word_1_289' title='bbox 668 2556 803 2594; x_wconf 82' lang='lat' dir='ltr'>nullam</span> <span class='ocrx_word' id='word_1_290' title='bbox 819 2555 1024 2608; x_wconf 82' lang='lat' dir='ltr'>hujusmodi</span> <span class='ocrx_word' id='word_1_291' title='bbox 1040 2558 1268 2597; x_wconf 82' lang='lat' dir='ltr'>occasionum</span> 
     </span>
     <span class='ocr_line' id='line_1_42' title="bbox 318 2617 1269 2670; baseline -0.001 -12"><span class='ocrx_word' id='word_1_292' title='bbox 318 2619 470 2658; x_wconf 86' lang='lat' dir='ltr'>radicem</span> <span class='ocrx_word' id='word_1_293' title='bbox 490 2618 639 2667; x_wconf 85' lang='lat' dir='ltr'>habeat,</span> <span class='ocrx_word' id='word_1_294' title='bbox 667 2618 820 2670; x_wconf 86' lang='lat' dir='ltr'>teipsum</span> <span class='ocrx_word' id='word_1_295' title='bbox 839 2618 969 2655; x_wconf 83' lang='lat' dir='ltr'>frustra</span> <span class='ocrx_word' id='word_1_296' title='bbox 986 2617 1197 2657; x_wconf 84' lang='lat' dir='ltr'>discrucias.</span> <span class='ocrx_word' id='word_1_297' title='bbox 1222 2620 1269 2659; x_wconf 83' lang='lat' dir='ltr'>Et</span> 
     </span>
     <span class='ocr_line' id='line_1_43' title="bbox 318 2678 1267 2731; baseline 0.002 -14"><span class='ocrx_word' id='word_1_298' title='bbox 318 2680 415 2719; x_wconf 88' lang='lat' dir='ltr'>unde</span> <span class='ocrx_word' id='word_1_299' title='bbox 432 2680 470 2719; x_wconf 89' lang='lat' dir='ltr'>id</span> <span class='ocrx_word' id='word_1_300' title='bbox 491 2687 640 2729; x_wconf 87' lang='lat' dir='ltr'>constet,</span> <span class='ocrx_word' id='word_1_301' title='bbox 661 2678 810 2731; x_wconf 84' lang='lat' dir='ltr'>inquies,</span> <span class='ocrx_word' id='word_1_302' title='bbox 828 2678 925 2730; x_wconf 87' lang='lat' dir='ltr'>quod</span> <span class='ocrx_word' id='word_1_303' title='bbox 946 2693 1014 2717; x_wconf 92' lang='lat' dir='ltr'>non</span> <span class='ocrx_word' id='word_1_304' title='bbox 1034 2680 1267 2719; x_wconf 78' lang='lat' dir='ltr'>offensionum</span> 
     </span>
     <span class='ocr_line' id='line_1_44' title="bbox 320 2740 1269 2794; baseline -0.001 -13"><span class='ocrx_word' id='word_1_305' title='bbox 320 2753 519 2781; x_wconf 86' lang='lat' dir='ltr'>nostrarum</span> <span class='ocrx_word' id='word_1_306' title='bbox 538 2755 660 2794; x_wconf 87' lang='lat' dir='ltr'>poenas</span> <span class='ocrx_word' id='word_1_307' title='bbox 681 2741 940 2779; x_wconf 77' lang='lat' dir='ltr'>exsolvamus?</span> <span class='ocrx_word' id='word_1_308' title='bbox 967 2740 1007 2779; x_wconf 91' lang='lat' dir='ltr'>ld</span> <span class='ocrx_word' id='word_1_309' title='bbox 1029 2741 1173 2792; x_wconf 83' lang='lat' dir='ltr'>quidem</span> <span class='ocrx_word' id='word_1_310' title='bbox 1190 2756 1269 2780; x_wconf 72' lang='lat' dir='ltr'>vma-</span> 
     </span>
     <span class='ocr_line' id='line_1_45' title="bbox 320 2801 1270 2854; baseline -0.001 -12"><span class='ocrx_word' id='word_1_311' title='bbox 320 2805 416 2842; x_wconf 82' lang='lat' dir='ltr'>xime</span> <span class='ocrx_word' id='word_1_312' title='bbox 431 2803 555 2854; x_wconf 84' lang='lat' dir='ltr'>liquet,</span> <span class='ocrx_word' id='word_1_313' title='bbox 573 2801 634 2840; x_wconf 88' lang='lat' dir='ltr'>sed</span> <span class='ocrx_word' id='word_1_314' title='bbox 650 2802 716 2840; x_wconf 85' lang='lat' dir='ltr'>boc</span> <span class='ocrx_word' id='word_1_315' title='bbox 733 2802 874 2840; x_wconf 88' lang='lat' dir='ltr'>interim</span> <span class='ocrx_word' id='word_1_316' title='bbox 891 2815 958 2841; x_wconf 92' lang='lat' dir='ltr'>non</span> <span class='ocrx_word' id='word_1_317' title='bbox 979 2803 1179 2841; x_wconf 81' lang='lat' dir='ltr'>asserimus.</span> <span class='ocrx_word' id='word_1_318' title='bbox 1199 2805 1270 2842; x_wconf 83' lang='lat' dir='ltr'>Vc·</span> 
     </span>
     <span class='ocr_line' id='line_1_46' title="bbox 321 2861 1271 2911; baseline 0 -8"><span class='ocrx_word' id='word_1_319' title='bbox 321 2878 399 2903; x_wconf 82' lang='lat' dir='ltr'>rum</span> <span class='ocrx_word' id='word_1_320' title='bbox 419 2864 488 2910; x_wconf 90' lang='lat' dir='ltr'>sit,</span> <span class='ocrx_word' id='word_1_321' title='bbox 515 2864 543 2902; x_wconf 88' lang='lat' dir='ltr'>si</span> <span class='ocrx_word' id='word_1_322' title='bbox 567 2863 641 2911; x_wconf 85' lang='lat' dir='ltr'>vis,</span> <span class='ocrx_word' id='word_1_323' title='bbox 666 2861 702 2900; x_wconf 88' lang='lat' dir='ltr'>id</span> <span class='ocrx_word' id='word_1_324' title='bbox 722 2877 790 2901; x_wconf 92' lang='lat' dir='ltr'>non</span> <span class='ocrx_word' id='word_1_325' title='bbox 818 2862 1009 2909; x_wconf 86' lang='lat' dir='ltr'>incertum,</span> <span class='ocrx_word' id='word_1_326' title='bbox 1033 2864 1095 2903; x_wconf 59' lang='lat' dir='ltr'>sed</span> <span class='ocrx_word' id='word_1_327' title='bbox 1116 2864 1271 2903; x_wconf 84' lang='lat' dir='ltr'>maxime</span> 
     </span>
     <span class='ocr_line' id='line_1_47' title="bbox 321 2924 1270 2977; baseline 0.001 -14"><span class='ocrx_word' id='word_1_328' title='bbox 321 2925 563 2971; x_wconf 80' lang='lat' dir='ltr'>manifestum,</span> <span class='ocrx_word' id='word_1_329' title='bbox 585 2933 624 2962; x_wconf 88' lang='lat' dir='ltr'>ut</span> <span class='ocrx_word' id='word_1_330' title='bbox 644 2933 680 2962; x_wconf 93' lang='lat' dir='ltr'>tu</span> <span class='ocrx_word' id='word_1_331' title='bbox 707 2924 814 2973; x_wconf 87' lang='lat' dir='ltr'>dicis,</span> <span class='ocrx_word' id='word_1_332' title='bbox 842 2925 933 2963; x_wconf 75' lang='lat' dir='ltr'>lianc</span> <span class='ocrx_word' id='word_1_333' title='bbox 953 2939 1027 2963; x_wconf 87' lang='lat' dir='ltr'>esse</span> <span class='ocrx_word' id='word_1_334' title='bbox 1046 2934 1270 2977; x_wconf 87' lang='lat' dir='ltr'>peccatorum</span> 
     </span>
     <span class='ocr_line' id='line_1_48' title="bbox 321 2985 1271 3037; baseline 0.001 -14"><span class='ocrx_word' id='word_1_335' title='bbox 321 2996 464 3025; x_wconf 87' lang='lat' dir='ltr'>tuorum</span> <span class='ocrx_word' id='word_1_336' title='bbox 498 2985 770 3023; x_wconf 83' lang='lat' dir='ltr'>retributionem</span> <span class='ocrx_word' id='word_1_337' title='bbox 796 3000 804 3021; x_wconf 90' lang='lat'>:</span> <span class='ocrx_word' id='word_1_338' title='bbox 826 2999 932 3030; x_wconf 89' lang='lat' dir='ltr'>num,</span> <span class='ocrx_word' id='word_1_339' title='bbox 963 3000 1098 3037; x_wconf 79' lang='lat' dir='ltr'>quaeso,</span> <span class='ocrx_word' id='word_1_340' title='bbox 1135 2986 1271 3025; x_wconf 88' lang='lat' dir='ltr'>idciroo</span> 
     </span>
     <span class='ocr_line' id='line_1_49' title="bbox 321 3043 1266 3096; baseline -0.001 -13"><span class='ocrx_word' id='word_1_341' title='bbox 321 3059 444 3083; x_wconf 75' lang='lat' dir='ltr'>tnoercs</span> <span class='ocrx_word' id='word_1_342' title='bbox 464 3054 498 3083; x_wconf 91' lang='lat' dir='ltr'>et</span> <span class='ocrx_word' id='word_1_343' title='bbox 526 3043 653 3082; x_wconf 79' lang='lat' dir='ltr'>doles?</span> <span class='ocrx_word' id='word_1_344' title='bbox 681 3043 791 3094; x_wconf 75' lang='lat' dir='ltr'>Atqui</span> <span class='ocrx_word' id='word_1_345' title='bbox 820 3043 973 3094; x_wconf 84' lang='lat' dir='ltr'>gaudere</span> <span class='ocrx_word' id='word_1_346' title='bbox 995 3044 1114 3096; x_wconf 88' lang='lat' dir='ltr'>potius</span> <span class='ocrx_word' id='word_1_347' title='bbox 1133 3043 1266 3090; x_wconf 81' lang='lat' dir='ltr'>debes,</span> 
     </span>
     <span class='ocr_line' id='line_1_50' title="bbox 320 3103 1318 3157; baseline 0.002 -16"><span class='ocrx_word' id='word_1_348' title='bbox 320 3105 415 3155; x_wconf 84' lang='lat' dir='ltr'>quod</span> <span class='ocrx_word' id='word_1_349' title='bbox 437 3106 495 3143; x_wconf 76' lang='lat' dir='ltr'>hic</span> <span class='ocrx_word' id='word_1_350' title='bbox 514 3113 655 3157; x_wconf 88' lang='lat' dir='ltr'>peccata</span> <span class='ocrx_word' id='word_1_351' title='bbox 679 3113 737 3142; x_wconf 91' lang='lat' dir='ltr'>tua</span> <span class='ocrx_word' id='word_1_352' title='bbox 767 3103 833 3142; x_wconf 88' lang='lat' dir='ltr'>tibi</span> <span class='ocrx_word' id='word_1_353' title='bbox 860 3104 1102 3153; x_wconf 86' lang='lat' dir='ltr'>remittantur,</span> <span class='ocrx_word' id='word_1_354' title='bbox 1125 3119 1168 3144; x_wconf 91' lang='lat' dir='ltr'>ne</span> <span class='ocrx_word' id='word_1_355' title='bbox 1188 3118 1269 3143; x_wconf 90' lang='lat' dir='ltr'>cum</span> <span class='ocrx_word' id='word_1_356' title='bbox 1296 3121 1318 3151; x_wconf 77' lang='lat' dir='ltr'>n</span> 
     </span>
     <span class='ocr_line' id='line_1_51' title="bbox 320 3164 1268 3217; baseline 0.002 -14"><span class='ocrx_word' id='word_1_357' title='bbox 320 3165 454 3203; x_wconf 88' lang='lat' dir='ltr'>mundo</span> <span class='ocrx_word' id='word_1_358' title='bbox 469 3165 660 3203; x_wconf 82' lang='lat' dir='ltr'>damneris.</span> <span class='ocrx_word' id='word_1_359' title='bbox 677 3165 748 3210; x_wconf 88' lang='lat' dir='ltr'>Qui</span> <span class='ocrx_word' id='word_1_360' title='bbox 765 3165 859 3203; x_wconf 88' lang='lat' dir='ltr'>enim</span> <span class='ocrx_word' id='word_1_361' title='bbox 874 3164 984 3213; x_wconf 89' lang='lat' dir='ltr'>dolet,</span> <span class='ocrx_word' id='word_1_362' title='bbox 1000 3179 1069 3205; x_wconf 87' lang='lat' dir='ltr'>non</span> <span class='ocrx_word' id='word_1_363' title='bbox 1083 3166 1168 3217; x_wconf 86' lang='lat' dir='ltr'>quia</span> <span class='ocrx_word' id='word_1_364' title='bbox 1182 3179 1268 3205; x_wconf 85' lang='lat' dir='ltr'>cru-</span> 
     </span>
     <span class='ocr_line' id='line_1_52' title="bbox 319 3224 1265 3275; baseline 0.004 -14"><span class='ocrx_word' id='word_1_365' title='bbox 319 3225 453 3272; x_wconf 75' lang='lat' dir='ltr'>ciatur,</span> <span class='ocrx_word' id='word_1_366' title='bbox 479 3224 539 3262; x_wconf 83' lang='lat' dir='ltr'>sed</span> <span class='ocrx_word' id='word_1_367' title='bbox 562 3225 646 3275; x_wconf 80' lang='lat' dir='ltr'>quia</span> <span class='ocrx_word' id='word_1_368' title='bbox 675 3225 823 3262; x_wconf 77' lang='lat' dir='ltr'>offendit</span> <span class='ocrx_word' id='word_1_369' title='bbox 847 3226 979 3274; x_wconf 90' lang='lat' dir='ltr'>Deum,</span> <span class='ocrx_word' id='word_1_370' title='bbox 1007 3226 1128 3265; x_wconf 90' lang='lat' dir='ltr'>dolere</span> <span class='ocrx_word' id='word_1_371' title='bbox 1147 3225 1265 3265; x_wconf 87' lang='lat' dir='ltr'>debet.</span> 
     </span>
     <span class='ocr_line' id='line_1_53' title="bbox 320 3285 1268 3337; baseline 0.002 -13"><span class='ocrx_word' id='word_1_372' title='bbox 320 3288 463 3324; x_wconf 79' lang='lat' dir='ltr'>Peccata</span> <span class='ocrx_word' id='word_1_373' title='bbox 494 3285 587 3322; x_wconf 87' lang='lat' dir='ltr'>enim</span> <span class='ocrx_word' id='word_1_374' title='bbox 617 3294 778 3335; x_wconf 76' lang='lat' dir='ltr'>separant</span> <span class='ocrx_word' id='word_1_375' title='bbox 796 3301 814 3323; x_wconf 86' lang='lat' dir='ltr'>a</span> <span class='ocrx_word' id='word_1_376' title='bbox 844 3286 948 3325; x_wconf 73' lang='lat' dir='ltr'>nobis</span> <span class='ocrx_word' id='word_1_377' title='bbox 979 3288 1114 3337; x_wconf 81' lang='lat' dir='ltr'>Deum,</span> <span class='ocrx_word' id='word_1_378' title='bbox 1139 3288 1268 3326; x_wconf 77' lang='lat' dir='ltr'>consti-</span> 
     </span>
    </p>
   </div>
   <div class='ocr_carea' id='block_1_7' title="bbox 633 3405 824 3439">
    <p class='ocr_par' dir='ltr' id='par_1_7' title="bbox 633 3405 824 3439">
     <span class='ocr_line' id='line_1_54' title="bbox 633 3405 824 3439; baseline -0.01 0"><span class='ocrx_word' id='word_1_379' title='bbox 633 3405 685 3436; x_wconf 61' lang='lat' dir='ltr'>sthi</span> <span class='ocrx_word' id='word_1_380' title='bbox 703 3411 824 3439; x_wconf 57' lang='lat' dir='ltr'>87))1&#39;u.</span> 
     </span>
    </p>
   </div>
   <div class='ocr_carea' id='block_1_8' title="bbox 359 3406 608 3442">
    <p class='ocr_par' dir='ltr' id='par_1_8' title="bbox 359 3406 608 3442">
     <span class='ocr_line' id='line_1_55' title="bbox 359 3406 608 3442; baseline -0.004 -3"><span class='ocrx_word' id='word_1_381' title='bbox 359 3419 370 3433; x_wconf 86' lang='lat'><em>⁰</em></span> <span class='ocrx_word' id='word_1_382' title='bbox 396 3406 491 3439; x_wconf 60' lang='lat' dir='ltr'>(loll).</span> <span class='ocrx_word' id='word_1_383' title='bbox 511 3413 608 3442; x_wconf 57' lang='grc' dir='ltr'>τύὶνι,</span> 
     </span>
    </p>
   </div>
   <div class='ocr_carea' id='block_1_9' title="bbox 1338 213 1941 246">
    <p class='ocr_par' dir='ltr' id='par_1_9' title="bbox 1338 213 1941 246">
     <span class='ocr_line' id='line_1_56' title="bbox 1338 213 1941 246; baseline 0 -3"><span class='ocrx_word' id='word_1_384' title='bbox 1338 213 1547 246; x_wconf 70' lang='lat' dir='ltr'>Ancum?-</span> <span class='ocrx_word' id='word_1_385' title='bbox 1584 213 1922 245; x_wconf 60' lang='lat' dir='ltr'>CONSTANTtNot’</span> <span class='ocrx_word' id='word_1_386' title='bbox 1932 233 1941 243; x_wconf 89' lang='lat'><strong>.</strong></span> 
     </span>
    </p>
   </div>
   <div class='ocr_carea' id='block_1_10' title="bbox 1338 295 2368 3334">
    <p class='ocr_par' dir='ltr' id='par_1_10' title="bbox 1338 295 2368 3334">
     <span class='ocr_line' id='line_1_57' title="bbox 1340 295 2359 349; baseline -0.003 -14"><span class='ocrx_word' id='word_1_387' title='bbox 1340 296 1400 335; x_wconf 82' lang='grc' dir='ltr'>καὶ</span> <span class='ocrx_word' id='word_1_388' title='bbox 1417 303 1490 341; x_wconf 89' lang='grc' dir='ltr'>τοῖς</span> <span class='ocrx_word' id='word_1_389' title='bbox 1506 297 1680 349; x_wconf 71' lang='grc' dir='ltr'>δεομένοις</span> <span class='ocrx_word' id='word_1_390' title='bbox 1699 298 1806 345; x_wconf 71' lang='grc' dir='ltr'>αὐτῆς</span> <span class='ocrx_word' id='word_1_391' title='bbox 1832 296 1976 336; x_wconf 76' lang='grc' dir='ltr'>πλείονα</span> <span class='ocrx_word' id='word_1_392' title='bbox 1996 297 2056 335; x_wconf 86' lang='grc' dir='ltr'>τοῦ</span> <span class='ocrx_word' id='word_1_393' title='bbox 2077 295 2212 339; x_wconf 77' lang='grc' dir='ltr'>δέοντος</span> <span class='ocrx_word' id='word_1_394' title='bbox 2241 296 2359 334; x_wconf 80' lang='grc' dir='ltr'>ἐπιτε-</span> 
     </span>
     <span class='ocr_line' id='line_1_58' title="bbox 1340 355 2361 413; baseline -0.005 -15"><span class='ocrx_word' id='word_1_395' title='bbox 1340 362 1440 398; x_wconf 87' lang='grc' dir='ltr'>θεῑσα</span> <span class='ocrx_word' id='word_1_396' title='bbox 1456 358 1581 413; x_wconf 80' lang='grc' dir='ltr'>χρόνον</span> <span class='ocrx_word' id='word_1_397' title='bbox 1596 359 1734 411; x_wconf 82' lang='grc' dir='ltr'>μεγάλα</span> <span class='ocrx_word' id='word_1_398' title='bbox 1759 359 1974 411; x_wconf 64' lang='grc' dir='ltr'>ἐργάσασθαι</span> <span class='ocrx_word' id='word_1_399' title='bbox 2000 357 2106 396; x_wconf 81' lang='grc' dir='ltr'>κακά.</span> <span class='ocrx_word' id='word_1_400' title='bbox 2124 357 2244 407; x_wconf 79' lang='grc' dir='ltr'>Ὅπερ</span> <span class='ocrx_word' id='word_1_401' title='bbox 2266 355 2326 394; x_wconf 72' lang='grc' dir='ltr'>καὶ</span> <span class='ocrx_word' id='word_1_402' title='bbox 2340 356 2361 393; x_wconf 78' lang='grc' dir='ltr'><strong>ὁ</strong></span> 
     </span>
     <span class='ocr_line' id='line_1_59' title="bbox 1343 418 2360 473; baseline -0.005 -13"><span class='ocrx_word' id='word_1_403' title='bbox 1343 420 1515 473; x_wconf 83' lang='grc' dir='ltr'>μακάριος</span> <span class='ocrx_word' id='word_1_404' title='bbox 1530 421 1669 464; x_wconf 79' lang='grc' dir='ltr'>Παῦλος</span> <span class='ocrx_word' id='word_1_405' title='bbox 1688 420 1870 465; x_wconf 85' lang='grc' dir='ltr'>δεδοικὼς,</span> <span class='ocrx_word' id='word_1_406' title='bbox 1890 419 2027 471; x_wconf 75' lang='grc' dir='ltr'>ταχέως</span> <span class='ocrx_word' id='word_1_407' title='bbox 2048 418 2156 464; x_wconf 77' lang='grc' dir='ltr'>αὐτὴν</span> <span class='ocrx_word' id='word_1_408' title='bbox 2179 418 2360 457; x_wconf 76' lang='grc' dir='ltr'>ἐκέλευσεν</span> 
     </span>
     <span class='ocr_line' id='line_1_60' title="bbox 1342 477 2360 534; baseline -0.004 -15"><span class='ocrx_word' id='word_1_409' title='bbox 1342 483 1482 534; x_wconf 76' lang='grc' dir='ltr'>ἀφελεῖν</span> <span class='ocrx_word' id='word_1_410' title='bbox 1501 480 1590 533; x_wconf 73' lang='grc' dir='ltr'>μετὰ</span> <span class='ocrx_word' id='word_1_411' title='bbox 1619 482 1660 521; x_wconf 82' lang='grc' dir='ltr'>τὸ</span> <span class='ocrx_word' id='word_1_412' title='bbox 1681 480 1812 533; x_wconf 74' lang='grc' dir='ltr'>πρᾶξαι</span> <span class='ocrx_word' id='word_1_413' title='bbox 1838 480 1878 518; x_wconf 79' lang='grc' dir='ltr'>τὸ</span> <span class='ocrx_word' id='word_1_414' title='bbox 1909 481 2057 527; x_wconf 58' lang='lat' dir='ltr'>lanx-Ec,</span> <span class='ocrx_word' id='word_1_415' title='bbox 2073 478 2132 517; x_wconf 64' lang='grc' dir='ltr'>καὶ</span> <span class='ocrx_word' id='word_1_416' title='bbox 2160 478 2226 524; x_wconf 81' lang='grc' dir='ltr'>τὴν</span> <span class='ocrx_word' id='word_1_417' title='bbox 2246 477 2360 516; x_wconf 77' lang='grc' dir='ltr'>αἰτίαν</span> 
     </span>
     <span class='ocr_line' id='line_1_61' title="bbox 1340 537 2360 594; baseline -0.005 -13"><span class='ocrx_word' id='word_1_418' title='bbox 1340 542 1536 594; x_wconf 72' lang='grc' dir='ltr'>προσετίθει</span> <span class='ocrx_word' id='word_1_419' title='bbox 1567 541 1723 589; x_wconf 81' lang='grc' dir='ltr'>ταύτην,</span> <span class='ocrx_word' id='word_1_420' title='bbox 1737 542 1778 588; x_wconf 75' lang='grc' dir='ltr'>ἣν</span> <span class='ocrx_word' id='word_1_421' title='bbox 1799 540 1868 592; x_wconf 83' lang='grc' dir='ltr'>ἐγὼ</span> <span class='ocrx_word' id='word_1_422' title='bbox 1888 540 1980 590; x_wconf 81' lang='grc' dir='ltr'>λέγω</span> <span class='ocrx_word' id='word_1_423' title='bbox 1997 543 2082 578; x_wconf 85' lang='grc' dir='ltr'>νῦν·</span> <span class='ocrx_word' id='word_1_424' title='bbox 2098 538 2244 586; x_wconf 76' lang='grc' dir='ltr'>Μήπως</span> <span class='ocrx_word' id='word_1_425' title='bbox 2270 537 2360 590; x_wconf 77' lang='grc' dir='ltr'>γὰρ,</span> 
     </span>
     <span class='ocr_line' id='line_1_62' title="bbox 1342 600 2360 678; baseline -0.006 -36"><span class='ocrx_word' id='word_1_426' title='bbox 1342 604 1449 655; x_wconf 77' lang='grc' dir='ltr'>φησὶ,</span> <span class='ocrx_word' id='word_1_427' title='bbox 1463 606 1507 655; x_wconf 78' lang='grc' dir='ltr'>τῇ</span> <span class='ocrx_word' id='word_1_428' title='bbox 1526 602 1774 678; x_wconf 81' lang='grc' dir='ltr'>περισσοτέρα</span> <span class='ocrx_word' id='word_1_429' title='bbox 1807 600 1901 652; x_wconf 79' lang='grc' dir='ltr'>λύπῃ</span> <span class='ocrx_word' id='word_1_430' title='bbox 1935 601 2119 651; x_wconf 75' lang='grc' dir='ltr'>καταποθῇ</span> <span class='ocrx_word' id='word_1_431' title='bbox 2151 602 2170 637; x_wconf 84' lang='grc' dir='ltr'>δ</span> <span class='ocrx_word' id='word_1_432' title='bbox 2195 602 2360 642; x_wconf 85' lang='grc' dir='ltr'>τοιοῦτος.</span> 
     </span>
     <span class='ocr_line' id='line_1_63' title="bbox 1343 653 2362 715; baseline -0.007 -12"><span class='ocrx_word' id='word_1_433' title='bbox 1343 665 1386 703; x_wconf 73' lang='grc' dir='ltr'><em>Η</em></span> <span class='ocrx_word' id='word_1_434' title='bbox 1415 664 1451 704; x_wconf 72' lang='grc' dir='ltr'>δὲ</span> <span class='ocrx_word' id='word_1_435' title='bbox 1486 679 1563 707; x_wconf 89' lang='grc' dir='ltr'>τους</span> <span class='ocrx_word' id='word_1_436' title='bbox 1595 666 1629 702; x_wconf 79' lang='grc' dir='ltr'>ἐν</span> <span class='ocrx_word' id='word_1_437' title='bbox 1663 662 1765 715; x_wconf 69' lang='grc' dir='ltr'>γρεία</span> <span class='ocrx_word' id='word_1_438' title='bbox 1795 663 2018 704; x_wconf 77' lang='grc' dir='ltr'>καθεστῶτας</span> <span class='ocrx_word' id='word_1_439' title='bbox 2050 653 2140 699; x_wconf 74' lang='grc' dir='ltr'>οἶδεν</span> <span class='ocrx_word' id='word_1_440' title='bbox 2171 657 2362 698; x_wconf 80' lang='grc' dir='ltr'>ἀπολλύναι</span> 
     </span>
     <span class='ocr_line' id='line_1_64' title="bbox 1339 717 2363 777; baseline -0.009 -11"><span class='ocrx_word' id='word_1_441' title='bbox 1339 729 1586 777; x_wconf 72' lang='grc' dir='ltr'>προσπεσοῦσα</span> <span class='ocrx_word' id='word_1_442' title='bbox 1607 727 1681 775; x_wconf 85' lang='grc' dir='ltr'>μεθ’</span> <span class='ocrx_word' id='word_1_443' title='bbox 1701 723 1897 776; x_wconf 70' lang='grc' dir='ltr'>ὓπερὸολῆς</span> <span class='ocrx_word' id='word_1_444' title='bbox 1908 753 1918 771; x_wconf 86' lang='grc'>,</span> <span class='ocrx_word' id='word_1_445' title='bbox 1931 723 1966 761; x_wconf 91' lang='grc' dir='ltr'>τί</span> <span class='ocrx_word' id='word_1_446' title='bbox 1980 737 2064 762; x_wconf 87' lang='grc' dir='ltr'>ποτε</span> <span class='ocrx_word' id='word_1_447' title='bbox 2080 720 2266 774; x_wconf 82' lang='grc' dir='ltr'>ἐργάσεται</span> <span class='ocrx_word' id='word_1_448' title='bbox 2284 717 2363 763; x_wconf 72' lang='grc' dir='ltr'>τοὺς</span> 
     </span>
     <span class='ocr_line' id='line_1_65' title="bbox 1339 779 2363 835; baseline -0.008 -10"><span class='ocrx_word' id='word_1_449' title='bbox 1339 785 1417 825; x_wconf 76' lang='grc' dir='ltr'>οὐδὲ</span> <span class='ocrx_word' id='word_1_450' title='bbox 1450 787 1539 829; x_wconf 76' lang='grc' dir='ltr'>ὅλως</span> <span class='ocrx_word' id='word_1_451' title='bbox 1572 784 1754 835; x_wconf 76' lang='grc' dir='ltr'>δεομένους</span> <span class='ocrx_word' id='word_1_452' title='bbox 1789 786 1918 832; x_wconf 83' lang='grc' dir='ltr'>αὖτῆς,</span> <span class='ocrx_word' id='word_1_453' title='bbox 1945 784 2028 822; x_wconf 80' lang='grc' dir='ltr'>ὅταν</span> <span class='ocrx_word' id='word_1_454' title='bbox 2063 781 2170 828; x_wconf 77' lang='grc' dir='ltr'>αὐτὴν</span> <span class='ocrx_word' id='word_1_455' title='bbox 2199 779 2363 827; x_wconf 63' lang='grc' dir='ltr'>επολλὴν</span> 
     </span>
     <span class='ocr_line' id='line_1_66' title="bbox 1340 838 2364 897; baseline -0.006 -12"><span class='ocrx_word' id='word_1_456' title='bbox 1340 847 1625 890; x_wconf 72' lang='grc' dir='ltr'>ἐπισπάσωνται,</span> <span class='ocrx_word' id='word_1_457' title='bbox 1662 846 1749 891; x_wconf 64' lang='grc' dir='ltr'>Ναὶ,</span> <span class='ocrx_word' id='word_1_458' title='bbox 1773 846 1899 897; x_wconf 75' lang='grc' dir='ltr'>φησὶν,</span> <span class='ocrx_word' id='word_1_459' title='bbox 1928 838 2005 883; x_wconf 67' lang='grc' dir='ltr'>οἶδα</span> <span class='ocrx_word' id='word_1_460' title='bbox 2024 847 2126 882; x_wconf 83' lang='grc' dir='ltr'>τοῦτο</span> <span class='ocrx_word' id='word_1_461' title='bbox 2153 841 2215 881; x_wconf 72' lang='grc' dir='ltr'>καὶ</span> <span class='ocrx_word' id='word_1_462' title='bbox 2239 839 2364 888; x_wconf 70' lang='grc' dir='ltr'>αὐτὸς,</span> 
     </span>
     <span class='ocr_line' id='line_1_67' title="bbox 1340 902 2366 958; baseline -0.006 -11"><span class='ocrx_word' id='word_1_463' title='bbox 1340 908 1432 946; x_wconf 72' lang='grc' dir='ltr'>ἀλλὰ</span> <span class='ocrx_word' id='word_1_464' title='bbox 1449 909 1524 952; x_wconf 80' lang='grc' dir='ltr'>πῶς</span> <span class='ocrx_word' id='word_1_465' title='bbox 1549 907 1656 954; x_wconf 75' lang='grc' dir='ltr'>αὐτὴν</span> <span class='ocrx_word' id='word_1_466' title='bbox 1686 906 1951 958; x_wconf 80' lang='grc' dir='ltr'>ἀποκρούσομαι</span> <span class='ocrx_word' id='word_1_467' title='bbox 1968 934 1977 951; x_wconf 92' lang='grc'>,</span> <span class='ocrx_word' id='word_1_468' title='bbox 1997 905 2056 943; x_wconf 75' lang='grc' dir='ltr'>καὶ</span> <span class='ocrx_word' id='word_1_469' title='bbox 2084 902 2278 951; x_wconf 70' lang='grc' dir='ltr'>ἀποστήσει»</span> <span class='ocrx_word' id='word_1_470' title='bbox 2301 904 2366 949; x_wconf 75' lang='grc' dir='ltr'>τῆς</span> 
     </span>
     <span class='ocr_line' id='line_1_68' title="bbox 1340 961 2363 1021; baseline -0.005 -16"><span class='ocrx_word' id='word_1_471' title='bbox 1340 969 1517 1016; x_wconf 80' lang='grc' dir='ltr'>ἐμαυτοῦ·</span> <span class='ocrx_word' id='word_1_472' title='bbox 1511 971 1627 1021; x_wconf 61' lang='grc' dir='ltr'>ψυχῆς</span> <span class='ocrx_word' id='word_1_473' title='bbox 1613 997 1646 1015; x_wconf 81' lang='grc'>,,</span> <span class='ocrx_word' id='word_1_474' title='bbox 1661 970 1722 1006; x_wconf 78' lang='grc' dir='ltr'>οὐκ</span> <span class='ocrx_word' id='word_1_475' title='bbox 1736 961 1788 1005; x_wconf 74' lang='grc' dir='ltr'>οἶδ</span> <span class='ocrx_word' id='word_1_476' title='bbox 1771 982 1828 1004; x_wconf 86' lang='grc' dir='ltr'>α.</span> <span class='ocrx_word' id='word_1_477' title='bbox 1846 967 1915 1006; x_wconf 79' lang='grc' dir='ltr'>Και</span> <span class='ocrx_word' id='word_1_478' title='bbox 1935 966 2038 1009; x_wconf 84' lang='grc' dir='ltr'>ποίας</span> <span class='ocrx_word' id='word_1_479' title='bbox 2051 969 2153 1004; x_wconf 88' lang='grc' dir='ltr'>τοῦτο</span> <span class='ocrx_word' id='word_1_480' title='bbox 2165 962 2363 1009; x_wconf 83' lang='grc' dir='ltr'>δυσκολίας,</span> 
     </span>
     <span class='ocr_line' id='line_1_69' title="bbox 1339 1022 2364 1082; baseline -0.002 -17"><span class='ocrx_word' id='word_1_481' title='bbox 1339 1045 1368 1066; x_wconf 72' lang='grc' dir='ltr'>ιι</span> <span class='ocrx_word' id='word_1_482' title='bbox 1391 1030 1490 1082; x_wconf 70' lang='grc' dir='ltr'>φίλε,</span> <span class='ocrx_word' id='word_1_483' title='bbox 1502 1031 1550 1068; x_wconf 77' lang='lat' dir='ltr'>l‘i</span> <span class='ocrx_word' id='word_1_484' title='bbox 1571 1029 1633 1080; x_wconf 77' lang='grc' dir='ltr'>μὲν</span> <span class='ocrx_word' id='word_1_485' title='bbox 1664 1029 1731 1081; x_wconf 65' lang='grc' dir='ltr'>γὰρ</span> <span class='ocrx_word' id='word_1_486' title='bbox 1753 1028 1921 1078; x_wconf 83' lang='grc' dir='ltr'>επιθυμία</span> <span class='ocrx_word' id='word_1_487' title='bbox 1946 1043 1998 1072; x_wconf 79' lang='grc' dir='ltr'>τις</span> <span class='ocrx_word' id='word_1_488' title='bbox 2015 1022 2057 1075; x_wconf 67' lang='grc' dir='ltr'>ἦν</span> <span class='ocrx_word' id='word_1_489' title='bbox 2072 1057 2082 1076; x_wconf 87' lang='grc'>,</span> <span class='ocrx_word' id='word_1_490' title='bbox 2101 1026 2162 1065; x_wconf 67' lang='grc' dir='ltr'>καὶ</span> <span class='ocrx_word' id='word_1_491' title='bbox 2188 1025 2364 1077; x_wconf 75' lang='grc' dir='ltr'>σωμάτων</span> 
     </span>
     <span class='ocr_line' id='line_1_70' title="bbox 1339 1085 2365 1140; baseline -0.002 -14"><span class='ocrx_word' id='word_1_492' title='bbox 1339 1089 1469 1140; x_wconf 60' lang='grc' dir='ltr'>ἔρεσς’</span> <span class='ocrx_word' id='word_1_493' title='bbox 1446 1105 1593 1138; x_wconf 88' lang='grc' dir='ltr'>ατοπος,</span> <span class='ocrx_word' id='word_1_494' title='bbox 1614 1089 1636 1136; x_wconf 83' lang='grc' dir='ltr'>ἢ</span> <span class='ocrx_word' id='word_1_495' title='bbox 1659 1089 1852 1134; x_wconf 80' lang='grc' dir='ltr'>κενοδοξίας</span> <span class='ocrx_word' id='word_1_496' title='bbox 1878 1105 2039 1140; x_wconf 85' lang='grc' dir='ltr'>τυραννις</span> <span class='ocrx_word' id='word_1_497' title='bbox 2053 1119 2063 1135; x_wconf 91' lang='grc'>,</span> <span class='ocrx_word' id='word_1_498' title='bbox 2079 1088 2118 1126; x_wconf 84' lang='grc' dir='ltr'>τὸ</span> <span class='ocrx_word' id='word_1_499' title='bbox 2137 1085 2365 1138; x_wconf 81' lang='grc' dir='ltr'>δυσκαταγώ-</span> 
     </span>
     <span class='ocr_line' id='line_1_71' title="bbox 1340 1147 2366 1203; baseline -0.003 -16"><span class='ocrx_word' id='word_1_500' title='bbox 1340 1165 1455 1187; x_wconf 87' lang='grc' dir='ltr'>νιστον</span> <span class='ocrx_word' id='word_1_501' title='bbox 1478 1166 1607 1203; x_wconf 72' lang='grc' dir='ltr'>κακον,</span> <span class='ocrx_word' id='word_1_502' title='bbox 1627 1150 1649 1196; x_wconf 74' lang='grc' dir='ltr'>ἢ</span> <span class='ocrx_word' id='word_1_503' title='bbox 1666 1151 1752 1188; x_wconf 79' lang='grc' dir='ltr'>ἄλλο</span> <span class='ocrx_word' id='word_1_504' title='bbox 1769 1167 1803 1188; x_wconf 87' lang='grc' dir='ltr'>τι</span> <span class='ocrx_word' id='word_1_505' title='bbox 1822 1152 1892 1188; x_wconf 79' lang='grc' dir='ltr'>τῶν</span> <span class='ocrx_word' id='word_1_506' title='bbox 1907 1149 2072 1188; x_wconf 70' lang='grc' dir='ltr'>τοιούτοιν</span> <span class='ocrx_word' id='word_1_507' title='bbox 2092 1150 2235 1194; x_wconf 74' lang='grc' dir='ltr'>παθῶν,</span> <span class='ocrx_word' id='word_1_508' title='bbox 2248 1147 2366 1188; x_wconf 80' lang='grc' dir='ltr'>καλῶς</span> 
     </span>
     <span class='ocr_line' id='line_1_72' title="bbox 1341 1206 2366 1263; baseline 0 -14"><span class='ocrx_word' id='word_1_509' title='bbox 1341 1210 1382 1246; x_wconf 82' lang='grc' dir='ltr'>ἂν</span> <span class='ocrx_word' id='word_1_510' title='bbox 1403 1211 1545 1263; x_wconf 80' lang='grc' dir='ltr'>ἠπόρεις</span> <span class='ocrx_word' id='word_1_511' title='bbox 1565 1210 1653 1263; x_wconf 77' lang='grc' dir='ltr'>ὑπὲρ</span> <span class='ocrx_word' id='word_1_512' title='bbox 1681 1213 1744 1256; x_wconf 69' lang='grc' dir='ltr'>τῆς</span> <span class='ocrx_word' id='word_1_513' title='bbox 1764 1212 1991 1261; x_wconf 68' lang='grc' dir='ltr'>ἀπαλλαγῆς·</span> <span class='ocrx_word' id='word_1_514' title='bbox 2006 1209 2085 1252; x_wconf 69' lang='grc' dir='ltr'>τοὺς</span> <span class='ocrx_word' id='word_1_515' title='bbox 2112 1209 2179 1260; x_wconf 72' lang='grc' dir='ltr'>γὰρ</span> <span class='ocrx_word' id='word_1_516' title='bbox 2199 1206 2366 1249; x_wconf 67' lang='grc' dir='ltr'>τοιούτοις</span> 
     </span>
     <span class='ocr_line' id='line_1_73' title="bbox 1340 1266 2367 1321; baseline -0.003 -13"><span class='ocrx_word' id='word_1_517' title='bbox 1340 1270 1487 1313; x_wconf 81' lang='grc' dir='ltr'>ἁλόντας</span> <span class='ocrx_word' id='word_1_518' title='bbox 1515 1271 1682 1309; x_wconf 83' lang='grc' dir='ltr'>ἀδύνατον</span> <span class='ocrx_word' id='word_1_519' title='bbox 1704 1270 1765 1321; x_wconf 79' lang='grc' dir='ltr'>μὲν</span> <span class='ocrx_word' id='word_1_520' title='bbox 1786 1271 1967 1320; x_wconf 77' lang='grc' dir='ltr'>οὐδαμῶς,</span> <span class='ocrx_word' id='word_1_521' title='bbox 1991 1270 2158 1308; x_wconf 75' lang='grc' dir='ltr'>δύσκολον</span> <span class='ocrx_word' id='word_1_522' title='bbox 2187 1269 2224 1307; x_wconf 61' lang='grc' dir='ltr'>δὲ</span> <span class='ocrx_word' id='word_1_523' title='bbox 2241 1266 2257 1289; x_wconf 71' lang='lat'><strong>⁴</strong></span> <span class='ocrx_word' id='word_1_524' title='bbox 2272 1267 2367 1318; x_wconf 79' lang='grc' dir='ltr'>ὅμως</span> 
     </span>
     <span class='ocr_line' id='line_1_74' title="bbox 1341 1328 2365 1382; baseline -0.003 -14"><span class='ocrx_word' id='word_1_525' title='bbox 1341 1331 1536 1382; x_wconf 83' lang='grc' dir='ltr'>ἀποδρᾶναι</span> <span class='ocrx_word' id='word_1_526' title='bbox 1563 1331 1607 1368; x_wconf 77' lang='grc' dir='ltr'>τὰ</span> <span class='ocrx_word' id='word_1_527' title='bbox 1634 1331 1768 1368; x_wconf 88' lang='grc' dir='ltr'>δίκτυα.</span> <span class='ocrx_word' id='word_1_528' title='bbox 1797 1330 1845 1369; x_wconf 87' lang='grc' dir='ltr'>Τί</span> <span class='ocrx_word' id='word_1_529' title='bbox 1868 1331 2021 1377; x_wconf 49' lang='lat' dir='ltr'>&amp;famu</span> <span class='ocrx_word' id='word_1_530' title='bbox 2039 1329 2127 1368; x_wconf 76' lang='grc' dir='ltr'>Ὀτι</span> <span class='ocrx_word' id='word_1_531' title='bbox 2154 1328 2217 1376; x_wconf 80' lang='grc' dir='ltr'>τὴν</span> <span class='ocrx_word' id='word_1_532' title='bbox 2238 1328 2365 1375; x_wconf 74' lang='grc' dir='ltr'>ἡδονὴν</span> 
     </span>
     <span class='ocr_line' id='line_1_75' title="bbox 1339 1386 2368 1444; baseline -0.003 -15"><span class='ocrx_word' id='word_1_533' title='bbox 1339 1391 1460 1444; x_wconf 72' lang='grc' dir='ltr'>ἔχουσι</span> <span class='ocrx_word' id='word_1_534' title='bbox 1478 1391 1775 1444; x_wconf 80' lang='grc' dir='ltr'>συμπράττουσαν</span> <span class='ocrx_word' id='word_1_535' title='bbox 1790 1391 1850 1429; x_wconf 75' lang='grc' dir='ltr'>καὶ</span> <span class='ocrx_word' id='word_1_536' title='bbox 1866 1394 2060 1443; x_wconf 74' lang='grc' dir='ltr'>βοηθοῦσαν</span> <span class='ocrx_word' id='word_1_537' title='bbox 2076 1391 2192 1434; x_wconf 80' lang='grc' dir='ltr'>αὐτοῖς</span> <span class='ocrx_word' id='word_1_538' title='bbox 2207 1405 2215 1413; x_wconf 91' lang='grc'><em>·</em></span> <span class='ocrx_word' id='word_1_539' title='bbox 2229 1388 2290 1428; x_wconf 72' lang='grc' dir='ltr'>καὶ</span> <span class='ocrx_word' id='word_1_540' title='bbox 2302 1386 2368 1427; x_wconf 74' lang='grc' dir='ltr'>αὖ·</span> 
     </span>
     <span class='ocr_line' id='line_1_76' title="bbox 1340 1451 2368 1505; baseline -0.004 -14"><span class='ocrx_word' id='word_1_541' title='bbox 1340 1468 1382 1499; x_wconf 85' lang='grc' dir='ltr'>τη</span> <span class='ocrx_word' id='word_1_542' title='bbox 1409 1453 1503 1491; x_wconf 80' lang='grc' dir='ltr'>ἐστὶν</span> <span class='ocrx_word' id='word_1_543' title='bbox 1520 1457 1542 1500; x_wconf 80' lang='grc' dir='ltr'>ἡ</span> <span class='ocrx_word' id='word_1_544' title='bbox 1563 1452 1607 1490; x_wconf 81' lang='grc' dir='ltr'>τὰ</span> <span class='ocrx_word' id='word_1_545' title='bbox 1626 1453 1741 1492; x_wconf 73' lang='grc' dir='ltr'>πολλὰ</span> <span class='ocrx_word' id='word_1_546' title='bbox 1766 1453 1985 1505; x_wconf 43' lang='grc' dir='ltr'>πανταχόθεν</span> <span class='ocrx_word' id='word_1_547' title='bbox 2015 1451 2277 1504; x_wconf 72' lang='grc' dir='ltr'>περιὸάλλουσα</span> <span class='ocrx_word' id='word_1_548' title='bbox 2294 1454 2368 1494; x_wconf 80' lang='grc' dir='ltr'>τοῖς</span> 
     </span>
     <span class='ocr_line' id='line_1_77' title="bbox 1339 1512 2365 1568; baseline -0.003 -15"><span class='ocrx_word' id='word_1_549' title='bbox 1339 1514 1511 1554; x_wconf 81' lang='grc' dir='ltr'>ἑαλωκόσι</span> <span class='ocrx_word' id='word_1_550' title='bbox 1545 1514 1707 1568; x_wconf 75' lang='grc' dir='ltr'>σχοινία·</span> <span class='ocrx_word' id='word_1_551' title='bbox 1729 1515 1789 1554; x_wconf 79' lang='grc' dir='ltr'>καὶ</span> <span class='ocrx_word' id='word_1_552' title='bbox 1815 1518 1917 1554; x_wconf 87' lang='grc' dir='ltr'>τοῦτο</span> <span class='ocrx_word' id='word_1_553' title='bbox 1944 1517 2083 1566; x_wconf 79' lang='grc' dir='ltr'>πρῶτον</span> <span class='ocrx_word' id='word_1_554' title='bbox 2105 1513 2180 1566; x_wconf 75' lang='grc' dir='ltr'>ἔχει</span> <span class='ocrx_word' id='word_1_555' title='bbox 2207 1512 2294 1566; x_wconf 84' lang='grc' dir='ltr'>πρὸς</span> <span class='ocrx_word' id='word_1_556' title='bbox 2323 1512 2365 1551; x_wconf 84' lang='grc' dir='ltr'>τὸ</span> 
     </span>
     <span class='ocr_line' id='line_1_78' title="bbox 1338 1575 2368 1629; baseline -0.001 -15"><span class='ocrx_word' id='word_1_557' title='bbox 1338 1579 1602 1629; x_wconf 74' lang='grc' dir='ltr'>κατορθωθῆναι</span> <span class='ocrx_word' id='word_1_558' title='bbox 1620 1576 1790 1629; x_wconf 75' lang='grc' dir='ltr'>χαλεπὸν,</span> <span class='ocrx_word' id='word_1_559' title='bbox 1804 1582 1924 1615; x_wconf 85' lang='grc' dir='ltr'>πεῖσαι</span> <span class='ocrx_word' id='word_1_560' title='bbox 1946 1576 2010 1622; x_wconf 79' lang='grc' dir='ltr'>τὴν</span> <span class='ocrx_word' id='word_1_561' title='bbox 2025 1575 2144 1628; x_wconf 76' lang='grc' dir='ltr'>ψυχὴν</span> <span class='ocrx_word' id='word_1_562' title='bbox 2162 1575 2251 1618; x_wconf 74' lang='grc' dir='ltr'>ὅλως</span> <span class='ocrx_word' id='word_1_563' title='bbox 2264 1575 2368 1620; x_wconf 73' lang='grc' dir='ltr'>θελῆ-</span> 
     </span>
     <span class='ocr_line' id='line_1_79' title="bbox 1339 1635 2366 1689; baseline -0.003 -13"><span class='ocrx_word' id='word_1_564' title='bbox 1339 1654 1398 1676; x_wconf 89' lang='grc' dir='ltr'>σαι</span> <span class='ocrx_word' id='word_1_565' title='bbox 1431 1638 1491 1676; x_wconf 83' lang='grc' dir='ltr'>καὶ</span> <span class='ocrx_word' id='word_1_566' title='bbox 1525 1640 1738 1689; x_wconf 75' lang='grc' dir='ltr'>βουληθῆναι</span> <span class='ocrx_word' id='word_1_567' title='bbox 1776 1637 1839 1685; x_wconf 65' lang='grc' dir='ltr'>τὴν</span> <span class='ocrx_word' id='word_1_568' title='bbox 1876 1636 2088 1688; x_wconf 75' lang='grc' dir='ltr'>ἀπαλλαγήν</span> <span class='ocrx_word' id='word_1_569' title='bbox 2104 1651 2112 1660; x_wconf 92' lang='grc'><em>·</em></span> <span class='ocrx_word' id='word_1_570' title='bbox 2140 1636 2201 1675; x_wconf 80' lang='grc' dir='ltr'>καὶ</span> <span class='ocrx_word' id='word_1_571' title='bbox 2233 1635 2366 1686; x_wconf 84' lang='grc' dir='ltr'>γίνεται</span> 
     </span>
     <span class='ocr_line' id='line_1_80' title="bbox 1339 1695 2365 1752; baseline -0.004 -14"><span class='ocrx_word' id='word_1_572' title='bbox 1339 1698 1553 1752; x_wconf 88' lang='grc' dir='ltr'>παρόμοιον,</span> <span class='ocrx_word' id='word_1_573' title='bbox 1569 1697 1689 1750; x_wconf 79' lang='grc' dir='ltr'>ὥσπερ</span> <span class='ocrx_word' id='word_1_574' title='bbox 1708 1698 1748 1736; x_wconf 83' lang='grc' dir='ltr'>ἂν</span> <span class='ocrx_word' id='word_1_575' title='bbox 1766 1698 1797 1736; x_wconf 78' lang='grc' dir='ltr'>εἴ</span> <span class='ocrx_word' id='word_1_576' title='bbox 1816 1713 1868 1742; x_wconf 88' lang='grc' dir='ltr'>τις</span> <span class='ocrx_word' id='word_1_577' title='bbox 1880 1697 2001 1750; x_wconf 82' lang='grc' dir='ltr'>ψώραν</span> <span class='ocrx_word' id='word_1_578' title='bbox 2016 1697 2039 1743; x_wconf 82' lang='grc' dir='ltr'>ἢ</span> <span class='ocrx_word' id='word_1_579' title='bbox 2054 1695 2255 1747; x_wconf 77' lang='grc' dir='ltr'>κνησμονὴν</span> <span class='ocrx_word' id='word_1_580' title='bbox 2270 1697 2365 1734; x_wconf 70' lang='grc' dir='ltr'>ἀπο-</span> 
     </span>
     <span class='ocr_line' id='line_1_81' title="bbox 1339 1756 2364 1812; baseline -0.003 -14"><span class='ocrx_word' id='word_1_581' title='bbox 1339 1760 1459 1799; x_wconf 87' lang='grc' dir='ltr'>θέσθαι</span> <span class='ocrx_word' id='word_1_582' title='bbox 1490 1759 1638 1812; x_wconf 73' lang='grc' dir='ltr'>ὀφείλων</span> <span class='ocrx_word' id='word_1_583' title='bbox 1665 1759 1863 1806; x_wconf 79' lang='grc' dir='ltr'>ἑνηδύνοιτο</span> <span class='ocrx_word' id='word_1_584' title='bbox 1892 1761 1943 1811; x_wconf 82' lang='grc' dir='ltr'>τῷ</span> <span class='ocrx_word' id='word_1_585' title='bbox 1972 1759 2167 1808; x_wconf 75' lang='grc' dir='ltr'>νοσήματι,</span> <span class='ocrx_word' id='word_1_586' title='bbox 2188 1757 2248 1796; x_wconf 82' lang='grc' dir='ltr'>καὶ</span> <span class='ocrx_word' id='word_1_587' title='bbox 2281 1756 2364 1795; x_wconf 73' lang='grc' dir='ltr'>εἴσω</span> 
     </span>
     <span class='ocr_line' id='line_1_82' title="bbox 1338 1818 2365 1873; baseline 0.001 -13"><span class='ocrx_word' id='word_1_588' title='bbox 1338 1826 1399 1860; x_wconf 85' lang='grc' dir='ltr'>τοῦ</span> <span class='ocrx_word' id='word_1_589' title='bbox 1418 1822 1548 1867; x_wconf 79' lang='grc' dir='ltr'>πάθους</span> <span class='ocrx_word' id='word_1_590' title='bbox 1577 1821 1698 1860; x_wconf 82' lang='grc' dir='ltr'>ἑαυτὸν</span> <span class='ocrx_word' id='word_1_591' title='bbox 1728 1824 1878 1860; x_wconf 79' lang='grc' dir='ltr'>εἷσωθοῑ.</span> <span class='ocrx_word' id='word_1_592' title='bbox 1902 1821 1995 1873; x_wconf 83' lang='grc' dir='ltr'>Πρὸς</span> <span class='ocrx_word' id='word_1_593' title='bbox 2025 1819 2144 1866; x_wconf 76' lang='grc' dir='ltr'>δὲτὴν</span> <span class='ocrx_word' id='word_1_594' title='bbox 2168 1821 2231 1866; x_wconf 76' lang='grc' dir='ltr'>τῆς</span> <span class='ocrx_word' id='word_1_595' title='bbox 2251 1818 2365 1866; x_wconf 75' lang='grc' dir='ltr'>λύπης</span> 
     </span>
     <span class='ocr_line' id='line_1_83' title="bbox 1340 1878 2365 1934; baseline -0.003 -13"><span class='ocrx_word' id='word_1_596' title='bbox 1340 1881 1563 1934; x_wconf 75' lang='grc' dir='ltr'>ἀναχώρησιν</span> <span class='ocrx_word' id='word_1_597' title='bbox 1608 1884 1646 1920; x_wconf 74' lang='grc' dir='ltr'>οὐ</span> <span class='ocrx_word' id='word_1_598' title='bbox 1687 1882 1811 1934; x_wconf 78' lang='grc' dir='ltr'>μικρὸν</span> <span class='ocrx_word' id='word_1_599' title='bbox 1853 1884 1939 1932; x_wconf 78' lang='grc' dir='ltr'>ἡμῖν</span> <span class='ocrx_word' id='word_1_600' title='bbox 1986 1884 2088 1919; x_wconf 82' lang='grc' dir='ltr'>τοῦτο</span> <span class='ocrx_word' id='word_1_601' title='bbox 2124 1879 2293 1927; x_wconf 78' lang='grc' dir='ltr'>ἤνυσται,</span> <span class='ocrx_word' id='word_1_602' title='bbox 2324 1878 2365 1918; x_wconf 73' lang='grc' dir='ltr'>τὸ</span> 
     </span>
     <span class='ocr_line' id='line_1_84' title="bbox 1339 1940 2364 1995; baseline -0.002 -14"><span class='ocrx_word' id='word_1_603' title='bbox 1339 1943 1425 1987; x_wconf 85' lang='grc' dir='ltr'>τέως</span> <span class='ocrx_word' id='word_1_604' title='bbox 1447 1944 1563 1990; x_wconf 78' lang='grc' dir='ltr'>ἀηδῶς</span> <span class='ocrx_word' id='word_1_605' title='bbox 1590 1943 1683 1995; x_wconf 71' lang='grc' dir='ltr'>ἔχειν</span> <span class='ocrx_word' id='word_1_606' title='bbox 1711 1943 1796 1995; x_wconf 80' lang='grc' dir='ltr'>πρὸς</span> <span class='ocrx_word' id='word_1_607' title='bbox 1824 1943 1943 1990; x_wconf 72' lang='grc' dir='ltr'>αὐτήν.</span> <span class='ocrx_word' id='word_1_608' title='bbox 1964 1941 2010 1982; x_wconf 89' lang='grc' dir='ltr'>Ὁ</span> <span class='ocrx_word' id='word_1_609' title='bbox 2038 1941 2106 1993; x_wconf 89' lang='grc' dir='ltr'>γάρ</span> <span class='ocrx_word' id='word_1_610' title='bbox 2124 1957 2192 1980; x_wconf 91' lang='grc' dir='ltr'>τινι</span> <span class='ocrx_word' id='word_1_611' title='bbox 2217 1940 2364 1993; x_wconf 82' lang='grc' dir='ltr'>βαρυνό-</span> 
     </span>
     <span class='ocr_line' id='line_1_85' title="bbox 1340 2000 2365 2057; baseline -0.003 -15"><span class='ocrx_word' id='word_1_612' title='bbox 1340 2020 1442 2054; x_wconf 83' lang='grc' dir='ltr'>μενος</span> <span class='ocrx_word' id='word_1_613' title='bbox 1477 2004 1537 2043; x_wconf 73' lang='grc' dir='ltr'>καὶ</span> <span class='ocrx_word' id='word_1_614' title='bbox 1570 2006 1763 2057; x_wconf 64' lang='grc' dir='ltr'>ἀπορρῖψαι</span> <span class='ocrx_word' id='word_1_615' title='bbox 1800 2004 1988 2043; x_wconf 81' lang='grc' dir='ltr'>σπουδάσει</span> <span class='ocrx_word' id='word_1_616' title='bbox 2015 2002 2152 2056; x_wconf 75' lang='grc' dir='ltr'>ταχέως</span> <span class='ocrx_word' id='word_1_617' title='bbox 2186 2001 2284 2041; x_wconf 81' lang='grc' dir='ltr'>αὐτό.</span> <span class='ocrx_word' id='word_1_618' title='bbox 2316 2000 2365 2040; x_wconf 88' lang='grc' dir='ltr'>Τί</span> 
     </span>
     <span class='ocr_line' id='line_1_86' title="bbox 1340 2059 2364 2117; baseline -0.002 -13"><span class='ocrx_word' id='word_1_619' title='bbox 1340 2059 1419 2114; x_wconf 66' lang='grc' dir='ltr'>οὖν,</span> <span class='ocrx_word' id='word_1_620' title='bbox 1447 2066 1486 2103; x_wconf 80' lang='grc' dir='ltr'>ἂν</span> <span class='ocrx_word' id='word_1_621' title='bbox 1518 2065 1652 2117; x_wconf 77' lang='grc' dir='ltr'>σπεύδῃ</span> <span class='ocrx_word' id='word_1_622' title='bbox 1682 2064 1764 2117; x_wconf 78' lang='grc' dir='ltr'>μὲν,</span> <span class='ocrx_word' id='word_1_623' title='bbox 1793 2066 1843 2116; x_wconf 81' lang='grc' dir='ltr'>μὴ</span> <span class='ocrx_word' id='word_1_624' title='bbox 1863 2066 2007 2111; x_wconf 81' lang='grc' dir='ltr'>δύνηται</span> <span class='ocrx_word' id='word_1_625' title='bbox 2031 2065 2091 2112; x_wconf 70' lang='grc' dir='ltr'>δέ,</span> <span class='ocrx_word' id='word_1_626' title='bbox 2111 2063 2172 2111; x_wconf 76' lang='grc' dir='ltr'>Μὴ</span> <span class='ocrx_word' id='word_1_627' title='bbox 2199 2062 2364 2102; x_wconf 58' lang='lat' dir='ltr'>undeet»</span> 
     </span>
     <span class='ocr_line' id='line_1_87' title="bbox 1340 2123 2362 2179; baseline -0.003 -14"><span class='ocrx_word' id='word_1_628' title='bbox 1340 2127 1557 2174; x_wconf 78' lang='grc' dir='ltr'>σπουδάζων,</span> <span class='ocrx_word' id='word_1_629' title='bbox 1573 2126 1632 2166; x_wconf 74' lang='grc' dir='ltr'>καὶ</span> <span class='ocrx_word' id='word_1_630' title='bbox 1651 2126 1789 2179; x_wconf 72' lang='grc' dir='ltr'>ταχέως</span> <span class='ocrx_word' id='word_1_631' title='bbox 1805 2126 2002 2173; x_wconf 80' lang='grc' dir='ltr'>δυνήσεται.</span> <span class='ocrx_word' id='word_1_632' title='bbox 2019 2124 2208 2172; x_wconf 79' lang='grc' dir='ltr'>Ἐννόησον</span> <span class='ocrx_word' id='word_1_633' title='bbox 2227 2123 2296 2176; x_wconf 61' lang='grc' dir='ltr'>γαρ</span> <span class='ocrx_word' id='word_1_634' title='bbox 2309 2123 2362 2162; x_wconf 75' lang='grc' dir='ltr'>ὅτι</span> 
     </span>
     <span class='ocr_line' id='line_1_88' title="bbox 1340 2185 2363 2240; baseline -0.003 -14"><span class='ocrx_word' id='word_1_635' title='bbox 1340 2188 1398 2227; x_wconf 83' lang='grc' dir='ltr'>τὸν</span> <span class='ocrx_word' id='word_1_636' title='bbox 1418 2187 1627 2240; x_wconf 78' lang='grc' dir='ltr'>Χριστιανὸν</span> <span class='ocrx_word' id='word_1_637' title='bbox 1639 2218 1648 2235; x_wconf 90' lang='grc'>,</span> <span class='ocrx_word' id='word_1_638' title='bbox 1660 2187 1692 2226; x_wconf 79' lang='grc' dir='ltr'>εἴ</span> <span class='ocrx_word' id='word_1_639' title='bbox 1710 2203 1795 2226; x_wconf 85' lang='grc' dir='ltr'>ποτε</span> <span class='ocrx_word' id='word_1_640' title='bbox 1810 2189 1967 2234; x_wconf 80' lang='grc' dir='ltr'>λυποῖτο,</span> <span class='ocrx_word' id='word_1_641' title='bbox 1989 2186 2049 2224; x_wconf 85' lang='grc' dir='ltr'>δύο</span> <span class='ocrx_word' id='word_1_642' title='bbox 2063 2186 2166 2237; x_wconf 84' lang='grc' dir='ltr'>μόνον</span> <span class='ocrx_word' id='word_1_643' title='bbox 2182 2185 2363 2228; x_wconf 75' lang='grc' dir='ltr'>ὑποθέσεις</span> 
     </span>
     <span class='ocr_line' id='line_1_89' title="bbox 1341 2247 2364 2303; baseline -0.002 -15"><span class='ocrx_word' id='word_1_644' title='bbox 1341 2250 1492 2301; x_wconf 84' lang='grc' dir='ltr'>ἀθυμίας</span> <span class='ocrx_word' id='word_1_645' title='bbox 1502 2250 1559 2303; x_wconf 74' lang='grc' dir='ltr'>ἔχε</span> <span class='ocrx_word' id='word_1_646' title='bbox 1566 2266 1594 2288; x_wconf 90' lang='grc' dir='ltr'>ιν</span> <span class='ocrx_word' id='word_1_647' title='bbox 1609 2249 1704 2298; x_wconf 84' lang='grc' dir='ltr'>δεῑ,ἢ</span> <span class='ocrx_word' id='word_1_648' title='bbox 1715 2250 1798 2289; x_wconf 85' lang='grc' dir='ltr'>ὅταν</span> <span class='ocrx_word' id='word_1_649' title='bbox 1813 2249 1958 2297; x_wconf 77' lang='grc' dir='ltr'>αὖτὸς,ἢ</span> <span class='ocrx_word' id='word_1_650' title='bbox 1975 2250 2057 2287; x_wconf 77' lang='grc' dir='ltr'>ὅταν</span> <span class='ocrx_word' id='word_1_651' title='bbox 2069 2247 2246 2294; x_wconf 85' lang='grc' dir='ltr'>δπλησίον</span> <span class='ocrx_word' id='word_1_652' title='bbox 2255 2261 2364 2299; x_wconf 85' lang='grc' dir='ltr'>προσ·</span> 
     </span>
     <span class='ocr_line' id='line_1_90' title="bbox 1342 2308 2363 2364; baseline -0.004 -15"><span class='ocrx_word' id='word_1_653' title='bbox 1342 2311 1473 2363; x_wconf 81' lang='grc' dir='ltr'>κρούσῃ</span> <span class='ocrx_word' id='word_1_654' title='bbox 1501 2313 1586 2364; x_wconf 75' lang='grc' dir='ltr'>Θεῷ</span> <span class='ocrx_word' id='word_1_655' title='bbox 1602 2327 1610 2335; x_wconf 92' lang='grc'><em>·</em></span> <span class='ocrx_word' id='word_1_656' title='bbox 1629 2314 1692 2358; x_wconf 74' lang='grc' dir='ltr'>τῆς</span> <span class='ocrx_word' id='word_1_657' title='bbox 1717 2310 1754 2349; x_wconf 80' lang='grc' dir='ltr'>δὲ</span> <span class='ocrx_word' id='word_1_658' title='bbox 1773 2309 1950 2362; x_wconf 79' lang='grc' dir='ltr'>παρούσης</span> <span class='ocrx_word' id='word_1_659' title='bbox 1975 2310 2089 2356; x_wconf 76' lang='grc' dir='ltr'>λύπης</span> <span class='ocrx_word' id='word_1_660' title='bbox 2108 2308 2272 2359; x_wconf 69' lang='grc' dir='ltr'>οὐδεμίαν</span> <span class='ocrx_word' id='word_1_661' title='bbox 2293 2310 2363 2346; x_wconf 78' lang='grc' dir='ltr'>τῶν</span> 
     </span>
     <span class='ocr_line' id='line_1_91' title="bbox 1343 2371 2364 2425; baseline -0.002 -14"><span class='ocrx_word' id='word_1_662' title='bbox 1343 2373 1552 2425; x_wconf 67' lang='grc' dir='ltr'>προφάσεων</span> <span class='ocrx_word' id='word_1_663' title='bbox 1572 2372 1702 2412; x_wconf 76' lang='grc' dir='ltr'>τούτων</span> <span class='ocrx_word' id='word_1_664' title='bbox 1723 2371 1820 2424; x_wconf 83' lang='grc' dir='ltr'>ῥίζαν</span> <span class='ocrx_word' id='word_1_665' title='bbox 1840 2371 2004 2424; x_wconf 73' lang='grc' dir='ltr'>ἐχούσης,</span> <span class='ocrx_word' id='word_1_666' title='bbox 2026 2373 2102 2423; x_wconf 78' lang='grc' dir='ltr'>εἰκῇ</span> <span class='ocrx_word' id='word_1_667' title='bbox 2135 2371 2262 2411; x_wconf 83' lang='grc' dir='ltr'>σαυτὸν</span> <span class='ocrx_word' id='word_1_668' title='bbox 2286 2371 2364 2409; x_wconf 82' lang='grc' dir='ltr'>ὀδυ-</span> 
     </span>
     <span class='ocr_line' id='line_1_92' title="bbox 1342 2432 2364 2486; baseline -0.001 -14"><span class='ocrx_word' id='word_1_669' title='bbox 1342 2440 1414 2486; x_wconf 75' lang='grc' dir='ltr'>νᾷς.</span> <span class='ocrx_word' id='word_1_670' title='bbox 1429 2434 1499 2473; x_wconf 76' lang='grc' dir='ltr'>Καὶ</span> <span class='ocrx_word' id='word_1_671' title='bbox 1518 2434 1622 2473; x_wconf 79' lang='grc' dir='ltr'>πόθεν</span> <span class='ocrx_word' id='word_1_672' title='bbox 1635 2438 1737 2473; x_wconf 88' lang='grc' dir='ltr'>τοῦτο</span> <span class='ocrx_word' id='word_1_673' title='bbox 1754 2435 1856 2480; x_wconf 76' lang='grc' dir='ltr'>δῆλον</span> <span class='ocrx_word' id='word_1_674' title='bbox 1872 2462 1882 2480; x_wconf 91' lang='grc'>,</span> <span class='ocrx_word' id='word_1_675' title='bbox 1897 2433 2002 2486; x_wconf 79' lang='grc' dir='ltr'>φησὶν</span> <span class='ocrx_word' id='word_1_676' title='bbox 2014 2462 2026 2479; x_wconf 84' lang='grc'>,</span> <span class='ocrx_word' id='word_1_677' title='bbox 2047 2432 2100 2471; x_wconf 76' lang='grc' dir='ltr'>ὅτι</span> <span class='ocrx_word' id='word_1_678' title='bbox 2115 2434 2154 2472; x_wconf 83' lang='grc' dir='ltr'>οὗ</span> <span class='ocrx_word' id='word_1_679' title='bbox 2168 2447 2364 2485; x_wconf 82' lang='grc' dir='ltr'>προσκρου-</span> 
     </span>
     <span class='ocr_line' id='line_1_93' title="bbox 1342 2493 2363 2545; baseline -0.002 -11"><span class='ocrx_word' id='word_1_680' title='bbox 1342 2495 1487 2545; x_wconf 84' lang='grc' dir='ltr'>σμάτων</span> <span class='ocrx_word' id='word_1_681' title='bbox 1512 2495 1642 2543; x_wconf 85' lang='grc' dir='ltr'>ταύτην</span> <span class='ocrx_word' id='word_1_682' title='bbox 1670 2495 1808 2545; x_wconf 87' lang='grc' dir='ltr'>τίνομεν</span> <span class='ocrx_word' id='word_1_683' title='bbox 1837 2493 1955 2542; x_wconf 86' lang='grc' dir='ltr'>δίκην;</span> <span class='ocrx_word' id='word_1_684' title='bbox 1981 2493 2147 2532; x_wconf 82' lang='grc' dir='ltr'>Μάλιστα</span> <span class='ocrx_word' id='word_1_685' title='bbox 2165 2493 2229 2544; x_wconf 65' lang='grc' dir='ltr'>μὲν</span> <span class='ocrx_word' id='word_1_686' title='bbox 2259 2494 2363 2541; x_wconf 69' lang='grc' dir='ltr'>δῆλόν</span> 
     </span>
     <span class='ocr_line' id='line_1_94' title="bbox 1342 2553 2363 2608; baseline -0.001 -14"><span class='ocrx_word' id='word_1_687' title='bbox 1342 2558 1431 2601; x_wconf 80' lang='grc' dir='ltr'>ἐστι,</span> <span class='ocrx_word' id='word_1_688' title='bbox 1451 2557 1544 2602; x_wconf 76' lang='grc' dir='ltr'>πλὴν</span> <span class='ocrx_word' id='word_1_689' title='bbox 1563 2556 1650 2600; x_wconf 85' lang='grc' dir='ltr'>τέως</span> <span class='ocrx_word' id='word_1_690' title='bbox 1668 2556 1730 2593; x_wconf 80' lang='grc' dir='ltr'>οὐκ</span> <span class='ocrx_word' id='word_1_691' title='bbox 1750 2555 1974 2608; x_wconf 79' lang='grc' dir='ltr'>ἰσχυρίζομαι</span> <span class='ocrx_word' id='word_1_692' title='bbox 1994 2557 2107 2592; x_wconf 80' lang='grc' dir='ltr'>τοῦτο.</span> <span class='ocrx_word' id='word_1_693' title='bbox 2134 2553 2229 2593; x_wconf 81' lang='grc' dir='ltr'>Ἀλλ’</span> <span class='ocrx_word' id='word_1_694' title='bbox 2252 2553 2363 2600; x_wconf 63' lang='grc' dir='ltr'>(στω,</span> 
     </span>
     <span class='ocr_line' id='line_1_95' title="bbox 1343 2613 2362 2668; baseline -0.004 -13"><span class='ocrx_word' id='word_1_695' title='bbox 1343 2619 1373 2655; x_wconf 79' lang='grc' dir='ltr'>εἰ</span> <span class='ocrx_word' id='word_1_696' title='bbox 1398 2616 1528 2668; x_wconf 80' lang='grc' dir='ltr'>βούλει,</span> <span class='ocrx_word' id='word_1_697' title='bbox 1550 2616 1638 2667; x_wconf 82' lang='grc' dir='ltr'>μηδὲ</span> <span class='ocrx_word' id='word_1_698' title='bbox 1657 2616 1805 2662; x_wconf 81' lang='grc' dir='ltr'>ἄδηλον,</span> <span class='ocrx_word' id='word_1_699' title='bbox 1825 2618 1872 2658; x_wconf 84' lang='grc' dir='ltr'>ὡς</span> <span class='ocrx_word' id='word_1_700' title='bbox 1905 2614 2009 2666; x_wconf 68' lang='grc' dir='ltr'>ἔφης,</span> <span class='ocrx_word' id='word_1_701' title='bbox 2026 2613 2117 2653; x_wconf 78' lang='grc' dir='ltr'>ἀλλὰ</span> <span class='ocrx_word' id='word_1_702' title='bbox 2147 2614 2207 2652; x_wconf 79' lang='grc' dir='ltr'>καὶ</span> <span class='ocrx_word' id='word_1_703' title='bbox 2229 2614 2362 2667; x_wconf 82' lang='grc' dir='ltr'>σφόδρα</span> 
     </span>
     <span class='ocr_line' id='line_1_96' title="bbox 1343 2676 2359 2728; baseline -0.004 -11"><span class='ocrx_word' id='word_1_704' title='bbox 1343 2679 1461 2725; x_wconf 75' lang='grc' dir='ltr'>δῆλον,</span> <span class='ocrx_word' id='word_1_705' title='bbox 1481 2678 1617 2717; x_wconf 79' lang='grc' dir='ltr'>ὅτιτῶν</span> <span class='ocrx_word' id='word_1_706' title='bbox 1632 2676 1896 2728; x_wconf 82' lang='grc' dir='ltr'>ἁμαρτημάτων</span> <span class='ocrx_word' id='word_1_707' title='bbox 1910 2676 1983 2715; x_wconf 76' lang='grc' dir='ltr'>ἐστὶ</span> <span class='ocrx_word' id='word_1_708' title='bbox 1997 2678 2100 2714; x_wconf 82' lang='grc' dir='ltr'>τοῦτο</span> <span class='ocrx_word' id='word_1_709' title='bbox 2115 2676 2359 2720; x_wconf 79' lang='grc' dir='ltr'>ἀνταπόδοσις·</span> 
     </span>
     <span class='ocr_line' id='line_1_97' title="bbox 1343 2731 2363 2788; baseline -0.002 -11"><span class='ocrx_word' id='word_1_710' title='bbox 1343 2738 1401 2779; x_wconf 77' lang='grc' dir='ltr'>διὰ</span> <span class='ocrx_word' id='word_1_711' title='bbox 1427 2741 1529 2777; x_wconf 85' lang='grc' dir='ltr'>τοῦτο</span> <span class='ocrx_word' id='word_1_712' title='bbox 1557 2731 1617 2777; x_wconf 66' lang='grc' dir='ltr'>οὖν</span> <span class='ocrx_word' id='word_1_713' title='bbox 1646 2739 1786 2788; x_wconf 78' lang='grc' dir='ltr'>ἀλγεῖς,</span> <span class='ocrx_word' id='word_1_714' title='bbox 1818 2736 1894 2774; x_wconf 64' lang='lat' dir='ltr'>:tut</span> <span class='ocrx_word' id='word_1_715' title='bbox 1915 2751 1996 2786; x_wconf 73' lang='grc' dir='ltr'>μοι,</span> <span class='ocrx_word' id='word_1_716' title='bbox 2015 2736 2085 2775; x_wconf 78' lang='grc' dir='ltr'>Καὶ</span> <span class='ocrx_word' id='word_1_717' title='bbox 2115 2735 2184 2786; x_wconf 80' lang='grc' dir='ltr'>μὴν</span> <span class='ocrx_word' id='word_1_718' title='bbox 2198 2737 2363 2787; x_wconf 79' lang='grc' dir='ltr'>εὐθυμίας</span> 
     </span>
     <span class='ocr_line' id='line_1_98' title="bbox 1343 2796 2364 2849; baseline -0.003 -9"><span class='ocrx_word' id='word_1_719' title='bbox 1343 2801 1439 2845; x_wconf 77' lang='grc' dir='ltr'>ἄξιον</span> <span class='ocrx_word' id='word_1_720' title='bbox 1458 2800 1499 2839; x_wconf 82' lang='grc' dir='ltr'>τὸ</span> <span class='ocrx_word' id='word_1_721' title='bbox 1526 2800 1674 2837; x_wconf 79' lang='grc' dir='ltr'>ἐνταῦθα</span> <span class='ocrx_word' id='word_1_722' title='bbox 1706 2797 1936 2836; x_wconf 80' lang='grc' dir='ltr'>διαλύσασθαι</span> <span class='ocrx_word' id='word_1_723' title='bbox 1960 2796 2004 2834; x_wconf 72' lang='grc' dir='ltr'>τὰ</span> <span class='ocrx_word' id='word_1_724' title='bbox 2024 2796 2286 2849; x_wconf 72' lang='grc' dir='ltr'>ἁμαρτήματα,</span> <span class='ocrx_word' id='word_1_725' title='bbox 2303 2799 2364 2837; x_wconf 79' lang='grc' dir='ltr'>καὶ</span> 
     </span>
     <span class='ocr_line' id='line_1_99' title="bbox 1345 2858 2363 2913; baseline -0.001 -13"><span class='ocrx_word' id='word_1_726' title='bbox 1345 2861 1394 2913; x_wconf 82' lang='grc' dir='ltr'>μὴ</span> <span class='ocrx_word' id='word_1_727' title='bbox 1414 2861 1475 2900; x_wconf 71' lang='grc' dir='ltr'>σὺν</span> <span class='ocrx_word' id='word_1_728' title='bbox 1495 2862 1546 2912; x_wconf 79' lang='grc' dir='ltr'>τῷ</span> <span class='ocrx_word' id='word_1_729' title='bbox 1564 2860 1687 2912; x_wconf 84' lang='grc' dir='ltr'>κόσμῳ</span> <span class='ocrx_word' id='word_1_730' title='bbox 1706 2858 1988 2910; x_wconf 79' lang='grc' dir='ltr'>κατακρίνεσθαι.</span> <span class='ocrx_word' id='word_1_731' title='bbox 2007 2859 2079 2897; x_wconf 83' lang='grc' dir='ltr'>Τὸν</span> <span class='ocrx_word' id='word_1_732' title='bbox 2098 2859 2166 2911; x_wconf 78' lang='grc' dir='ltr'>γὰρ</span> <span class='ocrx_word' id='word_1_733' title='bbox 2192 2861 2363 2912; x_wconf 69' lang='grc' dir='ltr'>ἀλγοῦντα</span> 
     </span>
     <span class='ocr_line' id='line_1_100' title="bbox 1344 2913 2364 2974; baseline -0.003 -12"><span class='ocrx_word' id='word_1_734' title='bbox 1344 2923 1411 2974; x_wconf 82' lang='grc' dir='ltr'>οὐχ</span> <span class='ocrx_word' id='word_1_735' title='bbox 1421 2921 1509 2974; x_wconf 70' lang='grc' dir='ltr'>ὑπὲρ</span> <span class='ocrx_word' id='word_1_736' title='bbox 1528 2915 1576 2959; x_wconf 74' lang='grc' dir='ltr'>ὧν</span> <span class='ocrx_word' id='word_1_737' title='bbox 1593 2921 1791 2966; x_wconf 82' lang='grc' dir='ltr'>κολάζεται,</span> <span class='ocrx_word' id='word_1_738' title='bbox 1807 2921 1883 2957; x_wconf 76' lang='grc' dir='ltr'>ἀλλ’</span> <span class='ocrx_word' id='word_1_739' title='bbox 1895 2919 1983 2970; x_wconf 74' lang='grc' dir='ltr'>ὑπὲρ</span> <span class='ocrx_word' id='word_1_740' title='bbox 2003 2913 2050 2957; x_wconf 74' lang='grc' dir='ltr'>ὧν</span> <span class='ocrx_word' id='word_1_741' title='bbox 2069 2919 2279 2972; x_wconf 79' lang='grc' dir='ltr'>ἁμαρτάνων</span> <span class='ocrx_word' id='word_1_742' title='bbox 2295 2936 2364 2959; x_wconf 80' lang='grc' dir='ltr'>πα·</span> 
     </span>
     <span class='ocr_line' id='line_1_101' title="bbox 1346 2979 2364 3035; baseline -0.001 -14"><span class='ocrx_word' id='word_1_743' title='bbox 1346 2983 1474 3035; x_wconf 78' lang='grc' dir='ltr'>ροξύνει</span> <span class='ocrx_word' id='word_1_744' title='bbox 1492 2983 1551 3021; x_wconf 84' lang='grc' dir='ltr'>τὸν</span> <span class='ocrx_word' id='word_1_745' title='bbox 1569 2982 1660 3021; x_wconf 83' lang='grc' dir='ltr'>Θεὸν</span> <span class='ocrx_word' id='word_1_746' title='bbox 1676 2982 1792 3031; x_wconf 77' lang='grc' dir='ltr'>ἀλγεῖν</span> <span class='ocrx_word' id='word_1_747' title='bbox 1805 2981 1855 3018; x_wconf 85' lang='grc' dir='ltr'>δεῖ</span> <span class='ocrx_word' id='word_1_748' title='bbox 1870 2995 1878 3003; x_wconf 92' lang='grc'><em>·</em></span> <span class='ocrx_word' id='word_1_749' title='bbox 1893 2980 1936 3018; x_wconf 80' lang='grc' dir='ltr'>τὰ</span> <span class='ocrx_word' id='word_1_750' title='bbox 1959 2979 2020 3030; x_wconf 71' lang='grc' dir='ltr'>μὲν</span> <span class='ocrx_word' id='word_1_751' title='bbox 2035 2981 2104 3032; x_wconf 74' lang='grc' dir='ltr'>γὰρ</span> <span class='ocrx_word' id='word_1_752' title='bbox 2123 2982 2364 3035; x_wconf 73' lang='grc' dir='ltr'>ἁμαρτήματα</span> 
     </span>
     <span class='ocr_line' id='line_1_102' title="bbox 1345 3042 2362 3097; baseline -0.001 -14"><span class='ocrx_word' id='word_1_753' title='bbox 1345 3045 1532 3097; x_wconf 75' lang='grc' dir='ltr'>ἀφίστησιν</span> <span class='ocrx_word' id='word_1_754' title='bbox 1561 3044 1661 3093; x_wconf 74' lang='grc' dir='ltr'>ἡμῶν</span> <span class='ocrx_word' id='word_1_755' title='bbox 1691 3042 1750 3080; x_wconf 79' lang='grc' dir='ltr'>τὸν</span> <span class='ocrx_word' id='word_1_756' title='bbox 1775 3042 1869 3079; x_wconf 74' lang='grc' dir='ltr'>Θεὸν</span> <span class='ocrx_word' id='word_1_757' title='bbox 1892 3042 1950 3079; x_wconf 77' lang='grc' dir='ltr'>καὶ</span> <span class='ocrx_word' id='word_1_758' title='bbox 1971 3042 2092 3093; x_wconf 68' lang='grc' dir='ltr'>ἐχθρὸν</span> <span class='ocrx_word' id='word_1_759' title='bbox 2124 3047 2236 3091; x_wconf 83' lang='grc' dir='ltr'>ποιεῖ,</span> <span class='ocrx_word' id='word_1_760' title='bbox 2254 3042 2298 3081; x_wconf 72' lang='grc' dir='ltr'>τὰ</span> <span class='ocrx_word' id='word_1_761' title='bbox 2326 3043 2362 3082; x_wconf 64' lang='grc' dir='ltr'>δὲ</span> 
     </span>
     <span class='ocr_line' id='line_1_103' title="bbox 1343 3102 2365 3155; baseline 0 -13"><span class='ocrx_word' id='word_1_762' title='bbox 1343 3107 1412 3142; x_wconf 78' lang='grc' dir='ltr'>τῶν</span> <span class='ocrx_word' id='word_1_763' title='bbox 1433 3103 1608 3143; x_wconf 80' lang='grc' dir='ltr'>κολάσεων</span> <span class='ocrx_word' id='word_1_764' title='bbox 1629 3102 1861 3141; x_wconf 81' lang='grc' dir='ltr'>καταλλάττει</span> <span class='ocrx_word' id='word_1_765' title='bbox 1880 3118 1916 3140; x_wconf 90' lang='grc' dir='ltr'>τε</span> <span class='ocrx_word' id='word_1_766' title='bbox 1938 3104 2038 3140; x_wconf 78' lang='grc' dir='ltr'>αὐτὸν</span> <span class='ocrx_word' id='word_1_767' title='bbox 2059 3106 2144 3152; x_wconf 78' lang='grc' dir='ltr'>ἡμῖν</span> <span class='ocrx_word' id='word_1_768' title='bbox 2163 3102 2223 3142; x_wconf 74' lang='grc' dir='ltr'>καὶ</span> <span class='ocrx_word' id='word_1_769' title='bbox 2247 3118 2365 3155; x_wconf 84' lang='grc' dir='ltr'>παρα·</span> 
     </span>
     <span class='ocr_line' id='line_1_104' title="bbox 1343 3156 2361 3215; baseline -0.002 -11"><span class='ocrx_word' id='word_1_770' title='bbox 1343 3165 1503 3209; x_wconf 80' lang='grc' dir='ltr'>σκευάζει</span> <span class='ocrx_word' id='word_1_771' title='bbox 1516 3164 1618 3202; x_wconf 75' lang='grc' dir='ltr'>ἵλεων</span> <span class='ocrx_word' id='word_1_772' title='bbox 1640 3156 1727 3201; x_wconf 75' lang='grc' dir='ltr'>εἶναι</span> <span class='ocrx_word' id='word_1_773' title='bbox 1758 3162 1817 3202; x_wconf 79' lang='grc' dir='ltr'>καὶ</span> <span class='ocrx_word' id='word_1_774' title='bbox 1846 3163 1958 3213; x_wconf 77' lang='grc' dir='ltr'>ἱγγύς.</span> <span class='ocrx_word' id='word_1_775' title='bbox 1980 3162 2067 3201; x_wconf 78' lang='grc' dir='ltr'>’Ότι</span> <span class='ocrx_word' id='word_1_776' title='bbox 2089 3163 2124 3202; x_wconf 61' lang='grc' dir='ltr'>δὲ</span> <span class='ocrx_word' id='word_1_777' title='bbox 2144 3162 2222 3202; x_wconf 75' lang='grc' dir='ltr'>οὔτε</span> <span class='ocrx_word' id='word_1_778' title='bbox 2242 3163 2361 3215; x_wconf 73' lang='grc' dir='ltr'>ἆμαρ·</span> 
     </span>
     <span class='ocr_line' id='line_1_105' title="bbox 1341 3223 2361 3276; baseline -0.002 -12"><span class='ocrx_word' id='word_1_779' title='bbox 1341 3226 1510 3275; x_wconf 83' lang='grc' dir='ltr'>τημάτων</span> <span class='ocrx_word' id='word_1_780' title='bbox 1530 3225 1622 3263; x_wconf 74' lang='grc' dir='ltr'>ι’στὶν</span> <span class='ocrx_word' id='word_1_781' title='bbox 1652 3223 1824 3266; x_wconf 78' lang='grc' dir='ltr'>ἀντίδοσις</span> <span class='ocrx_word' id='word_1_782' title='bbox 1838 3252 1847 3266; x_wconf 80' lang='grc'>,</span> <span class='ocrx_word' id='word_1_783' title='bbox 1869 3223 1959 3261; x_wconf 71' lang='grc' dir='ltr'>ἀλλὰ</span> <span class='ocrx_word' id='word_1_784' title='bbox 1993 3224 2172 3276; x_wconf 77' lang='grc' dir='ltr'>στεφάνων</span> <span class='ocrx_word' id='word_1_785' title='bbox 2191 3223 2250 3262; x_wconf 78' lang='grc' dir='ltr'>καὶ</span> <span class='ocrx_word' id='word_1_786' title='bbox 2273 3226 2361 3276; x_wconf 85' lang='grc' dir='ltr'>βρα-</span> 
     </span>
     <span class='ocr_line' id='line_1_106' title="bbox 1342 3277 2361 3334; baseline -0.003 -10"><span class='ocrx_word' id='word_1_787' title='bbox 1342 3287 1444 3324; x_wconf 62' lang='lat' dir='ltr'>catum</span> <span class='ocrx_word' id='word_1_788' title='bbox 1473 3285 1634 3327; x_wconf 66' lang='grc' dir='ltr'>ὑπόθεσις</span> <span class='ocrx_word' id='word_1_789' title='bbox 1669 3277 1765 3326; x_wconf 70' lang='grc' dir='ltr'>οὗτος</span> <span class='ocrx_word' id='word_1_790' title='bbox 1796 3286 1814 3320; x_wconf 78' lang='grc' dir='ltr'>ὁ</span> <span class='ocrx_word' id='word_1_791' title='bbox 1850 3283 1952 3333; x_wconf 75' lang='grc' dir='ltr'>ἱδρὼς</span> <span class='ocrx_word' id='word_1_792' title='bbox 1981 3285 2038 3322; x_wconf 75' lang='grc' dir='ltr'>καὶ</span> <span class='ocrx_word' id='word_1_793' title='bbox 2068 3287 2086 3323; x_wconf 83' lang='grc' dir='ltr'><strong>ὁ</strong></span> <span class='ocrx_word' id='word_1_794' title='bbox 2111 3284 2232 3334; x_wconf 81' lang='grc' dir='ltr'>πόνος,</span> <span class='ocrx_word' id='word_1_795' title='bbox 2257 3285 2361 3330; x_wconf 72' lang='grc' dir='ltr'>δῆλον</span> 
     </span>
    </p>
   </div>
   <div class='ocr_carea' id='block_1_11' title="bbox 1540 3404 1841 3447">
    <p class='ocr_par' dir='ltr' id='par_1_11' title="bbox 1540 3404 1841 3447">
     <span class='ocr_line' id='line_1_107' title="bbox 1540 3404 1841 3447; baseline -0.023 -5"><span class='ocrx_word' id='word_1_796' title='bbox 1540 3422 1549 3442; x_wconf 64' lang='grc'>,-</span> <span class='ocrx_word' id='word_1_797' title='bbox 1567 3404 1703 3447; x_wconf 68' lang='lat' dir='ltr'>pru-imit</span> <span class='ocrx_word' id='word_1_798' title='bbox 1722 3405 1777 3435; x_wconf 63' lang='lat' dir='ltr'>Sex</span> <span class='ocrx_word' id='word_1_799' title='bbox 1790 3404 1841 3443; x_wconf 67' lang='lat' dir='ltr'>it]</span> 
     </span>
    </p>
   </div>
   <div class='ocr_carea' id='block_1_12' title="bbox 1401 3407 1537 3446">
    <p class='ocr_par' dir='ltr' id='par_1_12' title="bbox 1401 3407 1537 3448">
     <span class='ocr_line' id='line_1_108' title="bbox 1401 3407 1537 3446; baseline -0.007 -8"><span class='ocrx_word' id='word_1_800' title='bbox 1401 3408 1415 3430; x_wconf 85' lang='lat'>·=</span> <span class='ocrx_word' id='word_1_801' title='bbox 1443 3407 1453 3446; x_wconf 73' lang='lat' dir='ltr'>s</span> <span class='ocrx_word' id='word_1_802' title='bbox 1473 3412 1537 3438; x_wconf 63' lang='lat' dir='ltr'>ew„</span> 
     </span>
    </p>
   </div>
  </div>
 </body>
</html>
