2513 3871
351 195 438 252 240
778 204 816 234 s.
856 202 1041 233 sotanis
1075 200 1315 233 marsos-r.

188 305 274 334 nediu
295 304 330 333 τὰ
346 291 428 337 sim,
444 289 491 329 ad
511 290 608 327 lsaac
628 286 746 326 redeo.
766 287 877 325 Porro
892 287 921 324 si
938 286 1040 339 cupis
1057 285 1159 324 illius
1177 285 1299 324 omnia

141 347 312 414 {amptum
344 350 557 402 diligentius
569 347 767 395 addiscere,
787 346 921 385 librum
942 347 1062 399 ipsum
1079 345 1114 384 in
1134 345 1300 384 manibus

159 397 235 417 'sse'
345 423 499 457 sumens,
514 408 633 462 aspice
648 408 684 447 in
704 407 874 461 abyssum
887 406 1099 446 altissimam
1114 406 1300 445 calamita-

345 481 420 511 tum
440 469 524 518 viri,
543 468 810 523 plurimamque
827 468 876 506 ibi
895 467 1174 507 consolationem
1192 466 1298 506 inve-

345 532 431 570 nies.
451 531 596 578 Quanto
625 528 720 568 enim
741 529 867 567 melior
884 529 1004 581 justus
1028 527 1090 566 ille
1119 537 1170 566 est
1190 541 1300 580 quam

343 607 428 639 nos,
450 601 547 630 tanto
569 591 738 643 majorem
754 590 830 629 vim
849 588 1131 643 expugnandam
1152 588 1301 635 babuit,

341 667 452 706 eoque
460 652 707 692 vehementius
716 661 839 690 contra
850 651 955 690 illum
968 659 1004 689 tu
1011 664 1052 689 nc
1062 650 1304 702 nequissimus

342 716 404 755 ille
417 716 614 754 concitatus
633 723 697 753 est.
718 715 897 753 caeicrum
917 722 1010 752 recte
1029 713 1120 751 sacta
1139 727 1209 751 non
1229 721 1299 751 tam

341 777 577 816 tentationum
596 790 764 823 numero,
781 790 888 827 quam
910 789 1028 814 rerum
1050 776 1182 813 virtute
1200 774 1299 813 :csti-

343 846 498 877 mantur.
519 839 640 889 ltaque
658 837 722 875 etsi
744 837 892 875 interius
913 835 1009 876 istud
1025 845 1201 874 certamen
1221 845 1273 874 est
1286 866 1296 884 ,

344 898 435 937 nihil
451 898 488 937 id
505 907 583 936 tuas
596 912 744 936 coronas
763 898 890 951 poterit
909 898 1068 936 minuere
1083 913 1091 934 :
1109 911 1191 936 nam
1211 905 1243 935 et
1267 897 1296 935 is

344 961 406 1011 qui
418 959 491 998 duo
506 959 634 997 talenta
650 958 794 1005 obtulit,
805 958 896 998 nibil
907 959 1024 997 minus
1039 958 1171 1004 retulit,
1188 972 1295 1010 quam
1323 957 1348 989 E

344 1021 375 1060 is
390 1022 454 1073 qui
469 1021 645 1060 obtulerat
660 1020 828 1072 quinque.
845 1021 918 1059 Cur
934 1020 997 1060 id?
1013 1020 1108 1069 Quia
1121 1050 1130 1068 ,
1145 1020 1208 1058 etsi
1227 1034 1295 1059 non

344 1081 438 1121 idem
468 1091 681 1136 proventuS,
715 1081 838 1120 cadem
871 1091 986 1121 tamen
1019 1082 1184 1120 alacritas
1212 1082 1292 1120 suit.

343 1145 519 1193 Quocirca
538 1155 572 1184 et
591 1144 714 1183 eodem
735 1145 870 1184 honore
890 1154 1039 1196 uterque
1067 1145 1201 1197 potitus
1219 1154 1294 1190 est,

143 1223 258 1253 nutu..
277 1218 329 1250 25.
343 1205 491 1244 audiens
511 1220 519 1243 :
536 1208 649 1244 Intra
663 1208 702 1242 in
719 1206 907 1257 gaudium
927 1206 1090 1243 Domini
1105 1207 1172 1243 tui.
1197 1204 1297 1251 Quid

142 1274 191 1294 ²¹·
343 1280 428 1318 ergo
446 1266 571 1305 Isaac?
591 1265 917 1317 peregrinationem
934 1265 1079 1317 quidem
1100 1266 1200 1304 illam
1216 1266 1296 1304 lon-

342 1327 525 1379 gissimam
540 1326 662 1365 subire
677 1326 841 1379 exemplo
854 1326 968 1379 patris
982 1335 1183 1378 terramque
1198 1341 1299 1365 suam

339 1387 588 1440 derelinquere
614 1396 756 1427 coactus
776 1401 843 1426 non
865 1397 937 1436 cst3
958 1387 1019 1426 sed
1047 1387 1153 1440 plane
1173 1401 1300 1440 supre-

342 1463 441 1488 mum
470 1449 645 1488 malorum
667 1448 830 1487 omnium
850 1448 927 1502 ipse
947 1448 1139 1496 sustinuit,
1164 1457 1298 1487 metum

343 1510 500 1558 scilicet,
527 1524 570 1549 ne
589 1510 663 1548 sine
690 1509 815 1548 liberis
839 1508 1036 1548 decederet.
1061 1510 1186 1548 Postea
1214 1523 1300 1549 vero

343 1585 450 1622 quam
471 1585 533 1624 per
550 1571 746 1610 orationem
761 1584 802 1609 eo
819 1579 915 1609 metu
933 1570 1106 1609 liberatus
1123 1579 1190 1619 cst,
1206 1570 1300 1610 alius

1358 201 1546 232 Attctttsst‘
1555 221 1564 232 .
1603 200 1772 233 consu
1781 202 1961 234 NTtNOP.

1374 287 1435 323 τοῦ
1462 284 1512 336 μὴ
1539 285 1628 325 πολὺ
1654 287 1802 333 ποιῆσαι
1829 286 1870 326 τὸ
1893 288 2007 336 μῆκος
2040 286 2204 336 ἐπάνειμι
2235 285 2322 338 πρὸς
2339 286 2398 325 τὸν

1375 344 1514 384 Ἰσαάκ.
1537 345 1589 386 Σὺ
1617 345 1654 386 δὲ
1673 348 1703 386 εἰ
1733 346 1851 399 βούλει
1873 346 1963 395 μετὰ
1983 346 2164 400 ἀκριὸείας
2193 345 2238 385 τὰ
2267 345 2398 385 ἐκείνου

1376 410 1514 457 μαθεῖν,
1534 407 1575 446 τὸ
1594 407 1728 460 βιὸλίον
1749 409 1855 447 αὐτοῦ
1883 406 1973 458 μετὰ
1990 413 2113 462 χεῖρας
2133 406 2255 447 Meam
2275 406 2400 446 διάκυ-

1374 470 1438 518 ψον
1470 468 1556 520 πρὸς
1585 469 1649 517 τὴν
1676 468 1829 508 ἄὸυσσον
1849 471 1920 507 τῶν
1948 470 2152 520 συμφορῶν,
2175 469 2236 508 καὶ
2263 467 2399 515 πολλὴν

1374 528 1410 567 ἐν
1437 528 1579 574 ἐκείνοις
1598 529 1823 583 παραμυθίαν
1855 528 2013 583 εὑρήσεις
2040 531 2111 567 τῶν
2139 531 2223 568 σῶν.
2257 530 2302 569 El
2331 529 2401 582 γὰρ

1375 589 1435 628 καὶ
1461 593 1584 645 πολλῷ
1609 591 1757 643 βελτίων
1776 593 1878 641 ἡμῶν
1902 591 1921 628 6
1946 589 2090 636 δίκαιος,
2115 589 2207 629 ἀλλὰ
2233 591 2292 629 καὶ
2314 590 2401 642 πρὸς

1375 652 1495 704 πολλῷ
1514 653 1655 703 μείζονα
1684 651 1748 698 τὴν
1775 650 1953 703 ἐνέργειαν
1981 650 2224 704 παρετάξατο·
2250 650 2402 704 καὶγὰρ

1377 712 1605 766 σφοδρότερον
1638 713 1783 751 ἔπνευσε
1814 711 1895 750 κατ’
1926 711 2058 750 ἑκείνου
2088 714 2107 750 6
2130 710 2281 764 πονηρὸς
2307 711 2400 751 τότε.

1375 773 1432 811 Τὰ
1462 773 1497 811 δὲ
1523 773 1779 825 κατορθώματα
1799 775 1838 811 οὗ
1864 775 1916 827 τῷ
1943 771 2062 825 μέτρῳ
2085 775 2155 811 τῶν
2179 774 2402 824 πειρασμῶν,

1376 833 1466 873 ἀλλὰ
1491 836 1535 887 τῇ
1559 838 1628 874 τῶν
1647 833 1898 888 πραττομένων
1924 833 2071 884 δυνάμει
2095 833 2263 885 κρίνεται.
2285 830 2401 873 Ὥστε

1374 895 1438 933 κᾶν
1468 896 1622 935 ἐλάττων
1651 890 1748 940 οὗτος
1769 899 1787 935 6
1808 899 1866 934 νῦν
1892 894 2002 946 ἀγὼν,
2033 894 2130 934 οὐδέν
2159 910 2199 934 σε
2226 897 2330 933 τοῦτο
2353 896 2401 938 εἰς

1373 956 1451 1000 τοὺς
1477 957 1666 1010 στεφάνους
1698 955 1932 1009 παραὸλάψαι
1954 956 2150 1004 δυνήσεται.
2165 959 2180 976 ⁸
2196 953 2243 994 ‘O
2262 954 2331 1008 γὰρ
2356 955 2401 994 τὰ

1373 1017 1432 1057 δύο
1457 1017 1614 1058 τάλαντα
1630 1017 1870 1071 προσενεγκὼν
1887 1019 1950 1056 οὐκ
1966 1018 2110 1056 ἔλαττον
2126 1017 2251 1069 ἤνεγκε
2268 1019 2330 1056 τοῦ
2353 1016 2398 1056 τὰ

1372 1079 1477 1119 πέντε
1507 1078 1753 1123 ἐπιδείξαντος.
1771 1078 1840 1118 Διὰ
1861 1078 1915 1126 τί;
1929 1077 2016 1119 Ὀτι
2048 1080 2078 1117 εἰ
2109 1077 2170 1117 καὶ
2190 1081 2213 1125 ἡ
2233 1077 2401 1131 πρόσοδος

1373 1141 1440 1194 οὐχ
1458 1144 1480 1187 ἡ
1510 1141 1612 1189 αὐτὴ,
1638 1143 1715 1180 ἀλλ’
1737 1143 1759 1187 ἢ
1787 1139 1966 1194 προθυμία
1985 1143 2007 1187 ἡ
2036 1139 2137 1187 αὐτ-ὴ,
2156 1140 2232 1179 ὅθεν
2252 1138 2313 1178 καὶ
2337 1141 2400 1186 τῆς

1373 1203 1481 1249 αὐτῆς
1499 1202 1662 1254 ἑκάτερος
1679 1202 1781 1254 ἔτυχε
1794 1204 1899 1252 τιμῆς
1920 1201 2085 1248 ἀκούσας,
2110 1201 2258 1240 Είσελθε
2274 1202 2322 1244 εἰς
2336 1199 2400 1247 τὴν

1373 1261 1486 1314 χαρὰν
1508 1266 1569 1301 τοῦ
1591 1262 1718 1315 Κυρίου
1744 1277 1819 1300 σου.
1837 1261 1886 1300 Τί
1903 1255 1960 1301 οὖν
1979 1265 1998 1300 6
2016 1261 2164 1309 Ἰσαάκ;
2183 1260 2400 1310 Ἀποδημίαν

1376 1324 1439 1374 μὲν
1461 1324 1523 1362 οὐκ
1551 1324 1731 1362 ἐστείλατο
1763 1322 1917 1376 μακρὰν,
1938 1322 2099 1375 καθάπερ
2124 1325 2143 1361 6
2165 1322 2299 1375 πατὴρ,
2324 1321 2401 1363 οὐδὲ

1374 1383 1437 1431 τὴν
1457 1384 1586 1424 οἰκείαν
1605 1387 1744 1437 ἀφεῖναι
1763 1382 1968 1434 ἠναγκάσθη
1985 1387 2065 1435 γ’ἧν,
2083 1382 2244 1436 καθάπερ
2259 1385 2401 1430 ἐκεῖνος,

1374 1445 1415 1484 τὸ
1435 1445 1470 1485 δὲ
1498 1447 1688 1498 κεφάλαιον
1705 1447 1774 1484 τῶν
1799 1447 1918 1483 κακῶν
1946 1446 2008 1483 καὶ
2026 1444 2130 1488 αὐτὸς
2147 1443 2326 1496 ὑπέμεινε,
2340 1445 2403 1490 τῆς

1376 1507 1541 1551 ἀπαιδίας
1556 1508 1613 1545 τὸν
1634 1507 1751 1560 φόὸον.
1768 1505 1834 1549 Ὡς
1851 1505 1886 1544 δὲ
1908 1505 2010 1545 ἔλυσε
2025 1505 2065 1544 τὸ
2080 1504 2190 1544 δεινὸν
2206 1504 2403 1556 εὐξάμενος,

1376 1567 1491 1620 ἔτερος
1512 1568 1615 1606 αὐτὸν
1645 1567 1818 1612 διεδέξατο
1851 1566 1956 1619 φόόος
1982 1565 2115 1605 ἐκείνου
2142 1565 2293 1617 μείζων·
2325 1564 2402 1605 οὗδὶ

343 1632 512 1671 continuo
530 1647 611 1671 eum
628 1632 767 1686 excepit
789 1632 896 1671 timor
911 1631 1016 1684 longe
1031 1634 1156 1685 major.
1177 1633 1301 1684 Neque
1313 1654 1362 1681 1⁹⁶
1377 1629 1445 1682 γὰρ
1471 1625 1514 1677 ἦν
1541 1630 1613 1669 ἴσον
1645 1629 1732 1681 ὑπὲρ
1757 1627 1925 1672 ἀπαιδίας
1950 1627 2107 1680 τρέμειν,
2139 1627 2199 1666 καὶ
2224 1627 2313 1679 ὑπὲρ
2341 1629 2404 1675 τῆς

342 1693 437 1732 enim
468 1709 534 1748 par
553 1703 667 1733 metus
685 1703 737 1733 est
756 1708 822 1747 pro
851 1693 1014 1746 conjugis
1039 1693 1245 1740 sterilitate,
1267 1703 1302 1732 et
1328 1693 1352 1722 Λ

343 1769 409 1807 pro
425 1752 543 1794 radice
562 1755 638 1809 ipsa
655 1754 844 1808 trepidare.
861 1755 922 1794 Sic
941 1754 1036 1793 enim
1052 1763 1177 1807 partus
1191 1754 1301 1793 dolo-

345 1816 444 1855 ribus
451 1815 758 1870 disrumpebatur,
770 1825 810 1854 ut
823 1817 898 1855 vita
910 1824 1023 1854 morte
1035 1816 1133 1854 omni
1150 1815 1201 1854 illi
1214 1825 1303 1854 esset

345 1877 517 1916 acerbior.
538 1878 585 1916 Et
607 1878 673 1916 hoc
701 1876 817 1930 ipsam
835 1876 960 1915 audias
988 1877 1071 1915 licet
1090 1875 1266 1916 dicentem
1289 1894 1298 1916 z

147 1979 211 2003 cen
279 1973 318 2004 ²5
345 1938 386 1977 Sa·
396 1939 493 1977 mihi
505 1940 747 1993 imfuturum
758 1946 857 1986 erat,
870 1938 1029 1990 adquid
1040 1939 1135 1976 mt'lu'
1149 1941 1304 1977 vivere?

145 1993 195 2046 92·
215 1996 222 2004 '
323 1994 333 2006 ⁶
346 1999 468 2038 Famis
483 2009 601 2038 autem
616 2008 649 2038 et
661 1999 724 2038 istc
733 1999 1018 2052 experimentum
1031 1998 1140 2051 cepit,
1155 2002 1220 2038 etsi
1233 2013 1301 2037 non

345 2069 386 2099 ut
405 2069 506 2113 pater
525 2061 560 2099 in
580 2061 777 2114 AEgyptum
797 2059 978 2099 descendit
1004 2077 1011 2098 z
1039 2059 1102 2099 sed
1124 2059 1221 2111 quod
1243 2060 1303 2098 ille

346 2135 429 2160 vere
438 2121 472 2159 in
484 2121 641 2174 :Egypto
650 2121 848 2174 pertulit,et
858 2121 922 2159 iste
931 2121 1003 2174 pati
1016 2121 1301 2174 periclitabatur,

346 2196 493 2221 uxorem
511 2182 645 2220 scilicet
663 2182 836 2221 amittere.
853 2183 899 2221 Et
918 2191 1055 2235 patrem
1071 2181 1220 2235 quidem
1236 2197 1300 2220 ve-

347 2243 561 2282 nerabantur
580 2243 722 2282 finitimi
740 2258 875 2291 omnes,
895 2243 990 2282 bunc
1010 2258 1094 2282 vero
1111 2257 1181 2282 non
1198 2258 1300 2283 secus

347 2314 451 2357 atquc
478 2305 664 2343 inimicum
693 2314 726 2343 et
751 2305 890 2344 hostem
911 2304 1166 2357 exagitabant,
1188 2319 1300 2358 neque

347 2365 506 2419 propriis
523 2366 625 2404 illum
638 2365 822 2405 laboribus
837 2367 972 2419 perfrui
984 2366 1162 2413 sinebant3
1175 2379 1300 2405 verum

348 2442 429 2466 cum
458 2427 560 2465 illum
577 2427 750 2479 angustiis
780 2427 939 2479 undique
959 2426 1231 2474 concluderent,
1250 2427 1301 2465 li-
1328 2431 1351 2461 B

347 2497 464 2527 center
484 2488 550 2541 ipsi
566 2488 751 2527 laboribus
767 2489 879 2541 ipsius
894 2488 1114 2527 fruebantur.
1137 2487 1301 2527 Tandem

350 2564 434 2589 vero
447 2564 530 2588 cum
545 2549 613 2588 sibi
629 2550 710 2589 illos
723 2551 856 2589 amicos
869 2560 992 2590 nactus
1006 2559 1096 2589 esset
1113 2581 1122 2599 ,
1139 2550 1304 2603 filiosque

347 2611 491 2650 adultos
511 2621 683 2658 cerneret,
705 2621 789 2651 tnnc
805 2621 918 2663 certe,
941 2621 1025 2651 tunc
1039 2611 1184 2664 quando
1203 2627 1303 2651 sum-

350 2687 444 2711 mam
455 2686 491 2712 se
499 2673 773 2712 consolationem
784 2674 1014 2713 inventurum
1025 2674 1304 2728 sperabat,opti·

351 2748 497 2784 mosque
520 2734 709 2773 senectutis
727 2749 799 2773 suae
818 2744 997 2774 curatores
1011 2734 1221 2774 habiturum
1235 2765 1245 2783 ,
1268 2734 1303 2773 in

350 2809 555 2847 supremum
564 2795 892 2835 corruitmoerorem
900 2827 907 2835 .
915 2796 1077 2835 Primum
1087 2795 1182 2836 enim
1193 2797 1306 2849 major

352 2864 435 2893 natu
454 2855 551 2893 lilius
567 2870 714 2894 uxorem
729 2856 796 2895 sibi
811 2856 1046 2910 alienigenam
1059 2867 1181 2896 contra
1192 2857 1306 2911 patris

353 2925 474 2954 votum
487 2916 593 2969 cepit,
607 2925 639 2955 et
652 2931 693 2954 eo
710 2918 785 2970 ipso
795 2917 888 2969 quod
903 2932 1060 2971 pugnam
1072 2927 1104 2957 ct
1118 2918 1253 2957 bellum
1270 2919 1306 2956 in

353 2977 499 3015 domum
513 2977 893 3026 intrmlnxissot‚iltnm
903 2994 1041 3018 summa
1055 2989 1088 3018 ct
1103 2979 1306 3019 incredibili

357 3037 389 3074 vi
403 3037 537 3077 doloris
552 3039 683 3078 affecit.
701 3040 1002 3079 lnnumerisenim
1019 3041 1123 3079 malis
1139 3041 1306 3080 mulieres

359 3098 427 3135 illm
453 3115 588 3138 soceros
614 3100 817 3139 alliciebant
838 3118 846 3138 :
865 3116 944 3154 quae
970 3102 1089 3141 omnia
1119 3102 1306 3154 Scriptura
1335 3113 1360 3143 C

360 3157 535 3204 devitans,
548 3175 615 3197 nno
630 3161 736 3198 verbo
747 3171 871 3200 cuncta
886 3162 1053 3212 signavit,
1066 3161 1288 3201 cumdiceret
1306 3178 1313 3198 :

162 3248 236 3275 m„-
296 3246 345 3275 ‚50
366 3219 460 3257 sum
484 3221 651 3258 Rebecca
677 3224 961 3262 contendebant
993 3239 1003 3259 .·
1032 3223 1245 3275 reliquitque
1272 3222 1309 3261 id

160 3287 209 3317 3'2.

407 3372 417 3381 ¹·
444 3359 544 3391 smil.
563 3366 621 3393 ίτιι
642 3366 706 3394 {ra
727 3365 773 3394 ¹⁸6>
789 3368 932 3396 ‘raiazav
955 3365 960 3404 l
984 3364 1021 3395 ΕΙ
1039 3362 1136 3406 [ui-il«)
1161 3371 1235 3405 pen(
1254 3378 1364 3408 nec-zv*

380 3428 439 3454 '1¹'
460 3414 537 3456 '02'l

1377 1690 1473 1742 ῥίζης
1501 1693 1619 1737 αὐτῆς.
1645 1690 1753 1729 Οὕτω
1778 1690 1848 1743 γὰρ
1864 1689 1950 1736 αὐτὴ
1968 1687 2172 1727 διεκόπτετο
2190 1694 2267 1732 ταῖς
2281 1688 2403 1727 ὠδῖσιν

1375 1753 1422 1795 ὡς
1441 1751 1652 1806 πικροτέραν
1670 1750 1818 1790 θανάτου
1839 1750 1967 1793 παντὸς
1993 1749 2178 1800 ὑπομένειν
2208 1749 2299 1797 ζωήν
2314 1764 2322 1773 ·
2343 1750 2403 1788 καὶ

1377 1817 1478 1852 τοῦτο
1503 1815 1610 1861 αὐτῆς
1637 1813 1786 1852 ἄκουσον
1807 1811 1995 1863 λεγούσης,
2015 1812 2060 1849 Εἰ
2079 1809 2171 1849 οὕτω
2196 1825 2256 1861 μοι
2282 1810 2404 1861 μέλλει

1378 1874 1546 1925 γίνεσθαι,
1570 1874 1662 1913 ἱνατί
1692 1889 1752 1924 μοι
1778 1873 1818 1911 τὸ
1834 1876 1917 1925 ζ’ᾖν;
1937 1874 2052 1923 Λιμοῦ
2080 1871 2115 1910 δὲ
2146 1876 2272 1924 πεῖραν
2298 1869 2404 1910 ἔλαθε

1379 1935 1441 1985 μὲν
1460 1935 1521 1974 καὶ
1539 1935 1660 1980 αὐτός·
1680 1937 1709 1973 εἰ
1726 1934 1761 1973 δὲ
1779 1934 1828 1984 μὴ
1853 1935 2024 1980 κατῆλθεν
2047 1935 2094 1977 εἷς
2110 1932 2300 1984 Αἴγυπτον,
2324 1931 2404 1971 ἀλλ’

1375 1997 1460 2049 ὅπερ
1481 1999 1499 2035 6
1527 1997 1647 2049 πατὴρ
1675 2000 1801 2049 μικροῦ
1832 1997 1902 2034 δεῖν
1935 1994 2058 2034 ἔπαθεν
2090 1997 2174 2042 ἐκεῖ,
2200 1997 2313 2033 ταῦτα
2342 1994 2403 2032 καὶ

1375 2052 1473 2103 οὗτος
1499 2057 1663 2110 ὑπέμεινε
1693 2060 1752 2096 καὶ
1782 2056 1996 2096 ἐκινδύνευεν
2017 2056 2105 2107 ὑπὲρ
2124 2059 2186 2103 τῆς
2207 2055 2313 2093 αὐτοῦ
2340 2070 2406 2106 γυ-

1374 2119 1507 2164 ναικός.
1541 2119 1609 2159 Καὶ
1635 2118 1693 2157 τὸν
1725 2118 1862 2171 πατέρα
1892 2117 1956 2168 μὲν
1993 2116 2124 2167 ε’τίμων
2161 2117 2192 2155 οἱ
2222 2116 2404 2167 πρόσοικοι

1373 2181 1516 2228 πάντες,
1539 2185 1660 2220 τοῦτον
1690 2179 1726 2218 δὲ
1754 2182 1800 2223 ὡς
1823 2180 1946 2232 ἐχθρὸν
1972 2178 2033 2217 καὶ
2060 2177 2227 2229 πολέμιον
2253 2176 2405 2224 ἤλαυνον

1375 2243 1434 2282 καὶ
1451 2246 1520 2282 τῶν
1539 2241 1676 2282 οἰκείων
1693 2241 1796 2280 αὐτὸν
1812 2241 1875 2279 οὐκ
1897 2240 2044 2292 ἠφίεσαν
2061 2240 2262 2279 ἀπολαῦσαι
2275 2238 2404 2286 πόνων,

1377 2304 1455 2343 ἀλλ’
1478 2308 1607 2344 ἐκεῖνον
1637 2305 1672 2342 ἐν
1692 2301 1907 2355 στενοχωρία
1928 2302 2163 2344 καθιστῶντες
2187 2300 2319 2352 πολλῇ,
2346 2302 2405 2339 αὗ·

1376 2366 1431 2404 τοὶ
1450 2365 1527 2418 μετ’
1544 2365 1698 2411 ἐξουσίας
1712 2366 1747 2402 ἐν
1761 2370 1832 2408 τοῖς
1847 2364 1992 2416 μόχθοις
2007 2361 2163 2417 ἐτρύφων
2177 2367 2249 2405 τοῖς
2262 2360 2404 2401 ἐκείνου.

1376 2425 1439 2470 Ὡς
1469 2426 1504 2465 δὲ
1531 2427 1616 2466 ποτὲ
1637 2426 1698 2465 καὶ
1719 2425 1864 2470 τούτους
1883 2419 1981 2468 οὗτος
2001 2424 2121 2477 φίλους
2139 2422 2327 2472 ἐκτήσατο,
2345 2421 2406 2462 καὶ

1378 2489 1414 2526 ἐν
1442 2487 1565 2542 ἡλικία
1587 2487 1665 2531 τοὺς
1687 2488 1818 2530 παῖδας
1843 2480 1912 2525 εἶδε
1946 2485 2151 2538 γενομένους
2177 2483 2256 2529 τοὺς
2286 2484 2404 2532 αὗτοῦ,

1379 2549 1457 2588 τότε
1482 2549 1540 2597 δὴ,
1562 2549 1654 2596 τότε,
1674 2549 1731 2587 ὅτε
1755 2547 1890 2595 πολλὴν
1911 2545 2149 2599 προσεδόκησε
2178 2543 2405 2607 παραμυθίαν

1381 2609 1556 2661 εὑρήσειν,
1569 2610 1630 2648 καὶ
1649 2608 1866 2663 γηροκόμους
1884 2607 1972 2653 ἕξειν
1989 2605 2127 2652 καλοὺς,
2148 2607 2197 2650 εἷς
2217 2605 2282 2652 τὴν
2300 2605 2406 2658 ἰσχά·

1381 2687 1444 2719 την
1467 2670 1618 2722 άθυμιάν
1639 2670 1793 2709 ἐνέπεσε.
1816 2670 1965 2722 Πρῶτον
1986 2667 2049 2718 μὲν
2068 2665 2138 2720 γὰρ
2164 2665 2235 2705 ἀπὸ
2253 2667 2323 2704 τῶν
2345 2666 2407 2704 ἀλ-

1381 2732 1539 2785 λοφύλων
1561 2733 1580 2770 6
1598 2730 1832 2784 πρεσῧύτερος
1855 2735 2004 2781 γυναῖκα
2023 2726 2143 2766 λαίῖὼν
2171 2726 2267 2778 παρὰ
2286 2727 2327 2765 τὸ
2356 2727 2407 2779 τῷ

1381 2793 1489 2846 πατρὶ
1507 2794 1641 2839 δοκοῦν,
1660 2791 1772 2844 τούτῳ
1797 2790 1813 2811 “’
1827 2807 1866 2843 γε
1882 2792 1978 2841 αὐτῷ
1994 2789 2128 2841 σφόδρα
2144 2788 2245 2827 αὑτὸν
2272 2786 2408 2834 ἠνίασε,

1383 2856 1442 2894 καὶ
1458 2857 1508 2908 τῷ
1525 2855 1646 2907 μάχην
1665 2853 1724 2891 καὶ
1740 2852 1894 2903 πόλεμον
1911 2853 1958 2895 εἰς
1982 2851 2045 2897 τὴν
2060 2850 2171 2889 οἰκίαν
2196 2851 2406 2901 εἰσαγαγεῖν.

1386 2916 1532 2968 Μυρίοις
1548 2916 1616 2968 γὰρ
1641 2916 1677 2953 αἱ
1702 2919 1862 2966 γυναῖκες
1883 2914 2012 2950 ἐκεῖναι
2033 2910 2263 2963 περιέὸαλλον
2286 2908 2410 2954 αὐτοὺς

1384 2984 1522 3022 κακοῖς,
1548 2977 1638 3028 ἅπερ
1667 2975 1806 3014 ἅπαντα
1821 2976 1929 3012 εἰπεῖν
1950 2971 2213 3024 παραιτουμένη
2230 2974 2251 3018 ἡ
2270 2969 2408 3024 Γραφὴ,

1386 3041 1429 3078 δι’
1450 3039 1521 3082 ἑνὸς
1547 3038 1700 3091 ῥήματος
1728 3037 1767 3075 τὸ
1786 3042 1854 3086 πᾷν
1881 3034 2024 3085 ᾐνίξατο
2046 3035 2203 3080 εἰποῦσα,
2226 3032 2281 3072 ὅτι
2300 3031 2408 3085 ἸΙρι-

1386 3103 1441 3145 ζον
1461 3103 1504 3152 τῇ
1528 3098 1702 3150 Ὶῑεῧέκκα,
1716 3114 1723 3122 ·
1743 3097 1802 3136 καὶ
1829 3102 1898 3138 τοῖς
1917 3096 2027 3138 οἰκίας
2055 3095 2173 3147 ἔχουσι
2195 3094 2254 3133 καὶ
2281 3093 2409 3136 παῖδας

1385 3162 1452 3208 ἤδη
1498 3159 1742 3213 γεγαμηκότας
1783 3159 1968 3195 κατέλιπεν
2016 3155 2142 3194 εἰδέναι
2187 3154 2228 3193 τὸ
2271 3152 2406 3206 λεχθέν.

1386 3224 1538 3261 ”Ι·’,κεῐνοι
1567 3220 1636 3273 γὰρ
1665 3220 1819 3269 μάλιστα
1844 3218 1984 3255 πάντων
2017 3218 2132 3256 ἴσασιν
2154 3214 2309 3269 ἀκριόὧς
2331 3213 2410 3252 ὅσον

1446 3364 1459 3384 ¹¹
1493 3360 1567 3405 {Sic
1585 3359 1687 3394 smil.
1714 3365 1746 3390 ct
1778 3358 1874 3390 Colb.
1893 3357 2079 3399 Legi-batur
2108 3367 2146 3388 ex
2170 3356 2255 3391 Mor.
2276 3360 2362 3389 τοῦτό
2378 3368 2411 3396 γε

1404 3430 1552 3459 ;Ῑ’.·’τ·ι...
1574 3430 1618 3446 'At
1638 3428 1669 3445 ?7
1686 3410 1816 3453 ,M')',¹l
