2513 3871
316 268 410 316 806
750 280 788 310 S.
826 280 1010 310 Joalsxis
1046 277 1287 308 cnm'sosr.
1329 276 1537 308 AuentEP.
1576 274 1936 306 coxsrathNoP.

864 588 952 634 AD
1004 586 1360 634 HOMILIAS
1411 587 1502 634 DE
1549 585 1830 634 LAZARO

1078 769 1654 852 MONITUM.

368 993 449 1041 Qua
467 993 549 1030 anni
572 1000 775 1044 tempestate
794 1000 826 1029 et
847 1005 915 1041 qua
934 990 992 1029 die
1008 989 1160 1043 primam
1180 990 1224 1027 ιιι·
1243 991 1375 1028 Lamro
1397 988 1582 1027 homiliam
1603 988 1768 1027 habuerit
1785 988 2078 1042 Chrysostomus,
2096 987 2266 1042 cumipse
2281 989 2366 1028 titu-

318 1054 372 1092 lus
390 1053 561 1101 declarat,
585 1053 672 1104 μετὰ
689 1054 751 1096 τὰς
765 1054 940 1095 καλάνδας
953 1056 995 1103 τῇ
1012 1053 1088 1098 ἓξῆς
1108 1055 1142 1091 ἐν
1158 1051 1351 1103 Ἀντιοχείᾳ
1366 1050 1515 1103 λεχῡείς,
1538 1051 1733 1088 Postridie
1749 1052 1955 1089 Kalendas
1972 1051 2197 1089 Antiochia·
2216 1051 2372 1090 habitus

318 1129 439 1154 sermo
453 1132 468 1160 ,-
489 1123 564 1152 tum
584 1117 690 1151 etiam
711 1115 777 1151 hoc
794 1113 973 1151 concionis
990 1111 1182 1152 exordium
1199 1145 1208 1161 ‚
1230 1114 1462 1150 Hesternum
1483 1112 1583 1150 diem
1598 1143 1608 1158 ,
1630 1126 1717 1150 cum
1751 1113 2005 1167 essetststnm
2030 1121 2181 1150 satanae
2195 1143 2203 1157 ,
2223 1112 2372 1162 fecistis

305 1176 462 1229 festum
477 1179 664 1226 Spintns,
682 1175 778 1224 qnia
798 1175 922 1212 multo
941 1187 1027 1212 cum
1048 1177 1171 1212 animi
1190 1174 1317 1212 studio
1336 1174 1532 1224 recepistis
1551 1187 1596 1210 ea
1628 1187 1716 1225 qim.²
1735 1188 1758 1210 a
1781 1175 1890 1211 nobis
1909 1174 2153 1220 dicebantur,
2172 1181 2240 1210 etc.
2265 1172 2374 1212 Unde

316 1235 444 1274 inseras
457 1235 610 1286 primam
627 1234 725 1272 illam
740 1233 786 1272 de
798 1235 933 1272 Lazaro
947 1233 1134 1272 homiliam
1150 1234 1286 1272 dictam
1311 1233 1419 1272 fuisse
1443 1233 1597 1271 secundo
1611 1233 1772 1273 ,tannarii
1789 1234 1863 1279 dic,
1879 1243 1957 1285 post
1970 1234 2097 1271 festum
2112 1233 2371 1280 Saturnalium,

313 1295 408 1346 quod
435 1309 515 1333 vere
535 1296 664 1333 festum
697 1303 826 1333 satanae
845 1304 939 1344 erat,
963 1294 1027 1332 ubi
1045 1294 1279 1339 temulentir,
1309 1293 1499 1347 tripudiis,
1520 1294 1785 1338 saltationibus,
1809 1293 2147 1341 comessationibus,
2165 1293 2316 1346 aliisque
2329 1309 2373 1333 cx

314 1356 489 1396 Bacchico
510 1357 571 1395 illo
588 1357 708 1394 surore
726 1355 1037 1407 consequentibus,
1059 1370 1203 1408 operam
1220 1355 1328 1393 dabat
1347 1370 1429 1408 pars
1450 1355 1606 1393 maxima
1624 1355 1795 1396 civitatis.
1809 1354 2036 1406 videturque
2054 1354 2178 1393 eodem
2193 1369 2284 1394 anno
2304 1355 2350 1394 ha
2362 1379 2374 1386 -

312 1417 385 1455 bita
411 1431 483 1469 quo
502 1416 650 1455 bomilia
672 1417 708 1455 in
729 1416 931 1467 Kalendas,
950 1416 1096 1469 quando
1113 1425 1151 1455 ut
1172 1416 1368 1455 dissolutos
1385 1430 1500 1454 mores
1519 1417 1554 1454 vi
1574 1425 1826 1469 compesceret,
1846 1425 1988 1454 strenue
2007 1425 2127 1454 contra
2149 1423 2371 1456 satanicam

312 1478 404 1517 hauc
425 1477 716 1518 consuetudinem
736 1479 964 1517 concionatus
993 1488 1044 1518 est
1065 1488 1207 1517 sanctus
1226 1477 1375 1525 doctor;
1399 1477 1558 1530 idipsum
1575 1478 1671 1516 enim
1687 1477 1842 1516 declarat
1862 1477 1897 1515 iu
1918 1477 2068 1515 exordio
2083 1476 2243 1516 homilia:
2265 1477 2374 1531 hujus

312 1541 437 1594 primae
458 1540 505 1579 de
529 1541 677 1579 Lazaro.
702 1542 755 1579 Dc
773 1554 865 1578 anno
885 1549 1003 1579 autem
1027 1554 1069 1578 ne
1090 1540 1268 1593 probabili
1288 1538 1435 1591 quidem
1456 1539 1657 1591 conjectura
1677 1538 1865 1591 quidpiam
1882 1547 2037 1578 statuere
2056 1552 2259 1591 possumus,
2279 1540 2372 1578 Nam

312 1616 390 1653 qua:
414 1601 641 1641 Hermantius
663 1611 769 1654 atque
789 1602 1045 1641 Tillemontius
1079 1602 1225 1647 dicunt,
1248 1611 1285 1639 ut
1307 1602 1372 1639 bas
1394 1599 1562 1638 homilias
1587 1600 1621 1638 in
1641 1614 1773 1638 annum
1792 1600 1868 1639 587
1890 1599 2090 1649 conserant,
2110 1613 2257 1652 prorsus
2275 1599 2374 1638 nulla

311 1676 384 1701 esse
403 1663 637 1716 probavimus
659 1663 694 1701 in
716 1662 855 1702 Monito
874 1662 1087 1717 praecedenti
1107 1662 1154 1701 ad
1175 1662 1367 1701 Homiliam
1391 1662 1425 1700 in
1447 1661 1641 1707 Kalendas,
1662 1662 1723 1700 ubi
1745 1661 1828 1700 vide
1843 1661 1906 1700 sis.

366 1724 479 1763 Hasce
497 1739 581 1765 vero
597 1724 783 1763 conciones
799 1733 1053 1776 consequenter
1068 1723 1210 1772 habuit,
1232 1723 1423 1775 paucisque
1438 1723 1655 1776 interpositis
1671 1724 1760 1762 inter
1775 1723 1934 1774 singulas
1949 1723 2091 1762 diebus.
2112 1723 2245 1761 Earum
2260 1736 2366 1776 porro

312 1799 457 1824 cursum
478 1785 693 1837 intercepere
711 1785 796 1823 festa
812 1785 923 1823 sancti
937 1784 1099 1838 Babylae,
1116 1793 1148 1822 et
1166 1794 1369 1822 sanctornm
1385 1785 1568 1824 Juventini
1590 1796 1624 1824 et
1641 1785 1832 1823 Maximini
1854 1793 2069 1835 martyrum,
2088 1797 2243 1836 quorum
2262 1797 2366 1822 enco-

313 1846 383 1885 mia
410 1856 448 1885 ut
467 1847 660 1885 celebraret
682 1846 975 1899 Chrysostomus‚
998 1856 1162 1898 quartam
1183 1846 1227 1884 de
1249 1849 1383 1885 Lazaro
1399 1845 1585 1884 homiliam
1603 1845 1739 1898 aliquot
1759 1845 1888 1884 diebus
1909 1845 2048 1884 tardius
2068 1846 2208 1892 babuit,
2234 1854 2273 1883 ut
2292 1845 2367 1898 ipsc

313 1917 431 1946 monet
451 1907 552 1946 initio
564 1916 714 1959 quartae.
738 1908 834 1946 Cave
847 1916 965 1946 autem
981 1916 1082 1960 putes
1103 1907 1214 1953 illam,
1235 1922 1343 1959 quam
1359 1907 1495 1946 ibidem
1511 1917 1694 1955 memorat,
1716 1908 1750 1946 in
1767 1917 1927 1946 sanctum
1949 1907 2121 1960 Babylam
2142 1908 2363 1953 concionem,

312 1983 386 2008 mse
409 1970 541 2008 librum
567 1969 668 2008 illum
691 1969 875 2022 prolixum
901 1969 936 2007 in
965 1979 1126 2008 sanctum
1150 1969 1325 2022 Babylam
1350 1979 1383 2009 ct
1409 1979 1529 2008 contra
1556 1969 1732 2018 Gentiles,
1759 1979 1797 2007 ut
1833 1969 2058 2009 existimavit
2088 1979 2121 2008 et
2142 1969 2178 2008 in
2207 1969 2367 2022 margine

313 2031 450 2070 notavit
464 2031 597 2069 Fronto
618 2032 784 2069 Domus.
805 2032 895 2069 Nam
915 2040 953 2069 ut
974 2031 1008 2069 in
1027 2032 1164 2069 Monito
1184 2031 1229 2069 ad
1256 2031 1451 2070 Homiliam
1470 2031 1503 2069 in
1525 2031 1698 2084 Babylam
1718 2031 1813 2070 etad
1829 2045 2007 2070 annexum
2030 2031 2166 2069 librum
2188 2030 2364 2074 dicemus,

314 2091 373 2130 bic
398 2092 472 2144 ipse
496 2092 587 2130 liber
608 2106 802 2143 numquam
827 2092 892 2129 fuit
921 2092 955 2129 in
979 2101 1068 2130 coetu
1094 2091 1261 2130 Ecclesia:
1288 2094 1562 2144 pronuntiatu53
1587 2107 1648 2131 nec
1666 2093 1713 2132 ob
1733 2093 1976 2146 prolixitatem
1998 2094 2140 2146 potuit:
2163 2092 2223 2131 sed
2243 2092 2365 2144 agitur

311 2151 386 2190 illic
404 2152 450 2190 de
469 2153 623 2191 Homilia
643 2152 678 2191 in
696 2153 888 2205 Babylam,
909 2162 946 2191 ut
963 2153 1091 2204 cuique
1111 2167 1184 2191 rem
1207 2153 1408 2206 inspicienti
1433 2154 1551 2208 palam
1573 2155 1651 2193 crit.

363 2216 527 2261 Quatuor
546 2214 705 2267 priorum
724 2214 769 2253 de
790 2215 922 2253 Lazaro
940 2214 1171 2253 homiliarum
1194 2215 1436 2268 interpretatio
1455 2226 1505 2255 est
1527 2215 1684 2262 Erasmi,
1708 2215 1847 2267 aliquot
1867 2217 1902 2254 in
1920 2215 2007 2254 locis
2025 2214 2229 2254 emendata.

314 2509 552 2546 HOMILIA
609 2508 908 2548 POSTRIDIE'
959 2507 1479 2548 KALENDASBMETA
1536 2512 1636 2549 ΤΑΣ
1683 2513 1953 2551 ΚΛΛΛΝΔΛΣ
1993 2513 2061 2567 Tu
2114 2511 2246 2551 ΕΞΗΣ
2298 2512 2361 2551 ΕΝ

363 2572 590 2610 Antiochiae
607 2572 747 2609 habita
764 2572 812 2609 de
833 2574 895 2620 ι’ἱς,
919 2575 985 2622 qui
1007 2572 1264 2615 inebriantur,
1392 2571 1583 2624 Ἀντιοχείᾳ
1610 2573 1745 2624 λεχθεὶς
1767 2572 1857 2611 κατὰ
1877 2573 2090 2624 μεθυόντων,
2110 2572 2169 2611 καὶ
2191 2572 2271 2624 περὶ
2293 2573 2362 2609 τῶν

363 2633 487 2684 deque
521 2635 567 2671 iis
603 2636 672 2685 qui
705 2641 922 2672 commeant
962 2633 1017 2670 ad
1050 2645 1265 2683 cauponas,
1394 2635 1441 2676 εἰς
1463 2636 1638 2681 καπηλεῖα
1659 2634 1833 2673 εἰσιόντων
1863 2634 1922 2673 καὶ
1940 2637 1988 2677 εἰς
2012 2635 2075 2680 τὴν
2100 2634 2201 2672 πόλιν
2221 2633 2361 2685 χορείας

364 2697 508 2746 quique
522 2695 680 2733 choreas
695 2696 840 2733 ducunt
852 2707 922 2744 per
936 2697 1133 2732 civitatem
1151 2707 1267 2745 τρι-ιε·
1392 2696 1602 2744 τελούντων,
1631 2696 1690 2734 καὶ
1718 2698 1771 2734 ὅτι
1797 2696 1853 2734 τὸν
1881 2696 2087 2734 διδάσκαλον
2119 2695 2157 2732 οὐ
2178 2693 2248 2745 χρὴ
2270 2695 2365 2731 ἀπο-

366 2764 468 2793 terea
510 2757 616 2807 quod
657 2770 734 2793 non
777 2763 950 2807 oporteat
992 2763 1265 2806 praeceptorem
1394 2757 1575 2809 γινώσκειν
1606 2759 1674 2794 τῶν
1706 2758 1896 2806 μαθητῶν,
1920 2755 1983 2794 κᾶν
2007 2755 2092 2807 πρὸς
2118 2754 2157 2793 τὸ
2183 2754 2293 2806 παρὸν
2315 2755 2364 2804 μὴ

364 2818 566 2867 desperare
581 2819 628 2855 de
642 2817 858 2869 discipulis,
877 2818 1028 2854 etiamsi
1045 2819 1085 2853 in
1100 2830 1268 2867 pra-sens
1393 2821 1602 2865 πείθωνται,
1631 2818 1689 2856 καὶ
1719 2820 1764 2862 εἰς
1784 2818 1840 2856 τὸν
1877 2818 2015 2870 πτωχὸν
2038 2818 2195 2869 ,ἱάζαρον
2219 2816 2278 2855 καὶ
2306 2816 2364 2854 τὸν

365 2892 438 2915 non
471 2880 728 2930 obtemperent
760 2894 771 2914 .·
798 2886 991 2930 postremo
1029 2878 1077 2917 de
1116 2878 1268 2916 Lazaro
1394 2884 1567 2926 πλούσιον,

367 2941 555 2986 mendice,
574 2955 622 2979 ac
640 2942 687 2979 de
702 2942 835 2979 divite.

632 3079 774 3102 «mem
806 3078 942 3102 vnum.
1707 3074 1819 3098 wrnz
1848 3073 2001 3098 nrutnz·

378 3187 406 3220 Ι.
424 3183 631 3222 llesternum
643 3185 754 3231 diem,
770 3201 850 3225 cum
868 3196 955 3225 essct
980 3187 1107 3225 festum
1124 3195 1266 3232 satana,
1292 3190 1315 3218 C
1393 3184 1469 3230 Τὴν
1490 3183 1568 3235 χθὲς
1585 3182 1736 3235 ἡμέραν,
1750 3180 1872 3231 ἑορτὴν
1887 3174 2231 3224 οῧτταιν’σατιινιιιὴνν
2246 3178 2366 3223 ἐποιή-

321 3243 449 3280 secistis
475 3246 597 3283 festum
621 3248 797 3299 Spiritus,
815 3248 897 3299 quia
922 3249 1034 3286 multo
1053 3263 1133 3286 cum
1155 3248 1264 3286 animi
1342 3263 1425 3285 σατε
1458 3248 1557 3295 ὑμεῖς
1590 3242 1711 3296 ἑορτὴν
1744 3240 2004 3291 πνευματικὴν,
2037 3239 2124 3289 μετὲ
2148 3239 2279 3285 πολλῆς
2303 3240 2365 3282 ῒῆς

322 3304 438 3341 studio
462 3306 638 3356 recepistis
665 3323 728 3354 ea,
760 3324 837 3359 qua·
866 3326 884 3347 a
913 3311 1014 3349 uobis
1037 3311 1263 3357 dicebantur,
1342 3308 1471 3350 εὐνοίας
1502 3305 1578 3348 τοὺς
1613 3306 1694 3356 παρ’
1725 3306 1826 3352 ἡμῶν
1860 3300 2037 3350 δεξάμενοι
2072 3301 2213 3351 λόγους,
2236 3299 2294 3337 καὶ
2327 3299 2366 3336 τὸ

365 3435 493 3467 (Lullnta
509 3449 583 3467 cum
603 3438 675 3469 δίκε.
694 3441 800 3479 itu-,45¹⁵
822 3444 922 3480 tatu,
943 3445 1024 3474 0832
1044 3471 1048 3479 1
1072 3446 1173 3481 stimi,
1197 3445 1300 3476 ΗΚΛ,
1425 3451 1435 3464 ·
1462 3440 1516 3470 Su·
1531 3438 1549 3470 il
1579 3446 1607 3468 st
1629 3449 1710 3469 unus
1731 3435 1791 3468 M!-
1812 3436 2094 3470 '‘31772312623142-

327 3487 643 3524 1¹⁸703,(‘·‚ltwri'=ni«
661 3503 736 3520 irre·
763 3497 819 3532 t't·
844 3497 899 3523 ’,Μ
919 3520 923 3526 ,
942 3496 978 3523 11·
992 3499 1035 3528 ’,ιη

2466 3802 2496 3810 l
