2549 3825
764 267 824 295 AD
860 266 1099 296 STAGthM
1138 268 1162 296 A
1200 267 1393 296 DEMONE
1431 268 1666 297 VEXATL'M·
1705 268 1789 296 Lm.
1831 268 1859 296 1.
2239 252 2322 313 195

285 351 326 398 δὴ
346 350 461 389 καὶτὰ
481 350 515 394 ἐξ
528 349 666 389 ἐκείνων
685 348 745 386 καὶ
759 348 804 387 τὰ
822 351 862 387 ἐκ
877 348 1009 387 τούτων
1028 349 1115 399 ὑπὲρ
1132 352 1194 395 τῆς
1218 349 1299 387 τού-

281 425 342 448 του
361 409 536 462 σωτηρίας
549 409 684 460 ἐγένετο
702 409 761 447 καὶ
786 412 907 459 τιμῆς.
927 409 1013 456 Kal}
1025 408 1113 460 ὑπὲρ
1147 409 1209 460 μὲν
1231 412 1302 447 τῶν

288 470 465 523 προτέρων
480 469 497 490 ¹⁰
508 469 604 509 οὐδὲν
623 469 663 508 ἂν
681 470 815 520 εἴποιμι
834 469 962 522 (παντὶ
981 468 1048 521 γὰρ
1069 470 1172 516 δῆλόν
1188 472 1300 516 ἐστι),

280 532 329 569 δεῖ
347 531 384 570 δὲ
402 531 460 570 τὸν
473 530 561 583 ὑπὲρ
576 532 643 569 τῶν
664 530 752 582 μετὰ
766 535 878 569 ταῦτα
904 531 1022 568 δοῦναι
1041 530 1157 581 λόγον.

326 1210 411 1252 Πῶς
428 1202 485 1246 οὖν
513 1206 677 1258 εἰσόμεθα
706 1206 759 1244 ὅτι
786 1206 846 1244 καὶ
873 1206 917 1244 τὰ
947 1205 1093 1256 δεύτερα
1122 1205 1210 1257 ὑπὲρ
1229 1207 1298 1243 τῶν

274 1269 394 1322 ἐκείνῳ
415 1268 658 1321 συμφερόντων
676 1262 718 1314 ἦν
731 1283 742 1317 3
773 1266 834 1306 Ἂν
863 1266 1083 1317 ἐννοήσωμεν
1106 1266 1141 1303 τί
1167 1266 1299 1304 τούτων

277 1331 326 1380 μὴ
341 1330 535 1381 γενομένων
551 1329 677 1367 ἔπαθεν
697 1328 751 1366 ἄν.
771 1327 819 1367 Τί
838 1322 894 1365 οῧν
923 1327 962 1365 ἂν
984 1328 1110 1366 ἔπαθεν
1127 1343 1136 1375 ;
1151 1328 1197 1366 Εἰ
1210 1357 1220 1374 ,
1237 1329 1298 1363 τοῦ
1327 1328 1349 1358 Β

275 1391 436 1430 διαὸόλου
466 1390 555 1441 μετὰ
575 1390 638 1436 τὴν
669 1388 871 1442 παράὸασιν
900 1389 1200 1442 ἐπαγγειλαμένου
1230 1388 1297 1426 δεί-

276 1451 342 1495 ξειν
369 1450 490 1495 αὐτοὺς
514 1451 684 1499 ἰσοθέους,
703 1450 761 1489 ἐπὶ
785 1452 856 1495 τῆς,
873 1451 980 1497 αὐτῆς
997 1455 1011 1471 ‘²
1025 1450 1140 1501 ἔμεινε
1170 1453 1275 1499 τιμῆς
1289 1479 1299 1496 ,

273 1509 387 1561 τρισὶν
407 1509 447 1547 ἂν
478 1509 664 1561 περιέπεσε
692 1515 762 1553 τοῖς
791 1508 954 1560 ἐσχάτοις
983 1515 1116 1553 κακοῖς.
1150 1511 1298 1562 Πρῶτον

275 1570 337 1620 μὲν
357 1570 426 1621 γὰρ
456 1570 514 1608 τὸν
542 1570 633 1608 Θεὸν
653 1569 693 1607 ἂν
728 1569 886 1622 ἐνόμισεν
909 1563 997 1608 εἶναι
1019 1570 1194 1621 βάσκανον
1208 1600 1218 1617 ,
1238 1570 1300 1608 καὶ

274 1633 485 1677 ἀπατεῶνα,
511 1630 572 1668 καὶ
599 1630 752 1682 ψεύστην
769 1646 777 1654 ·
807 1629 965 1684 δεύτερον
1001 1630 1037 1669 δὲ
1069 1632 1126 1670 τὸν
1158 1633 1297 1677 ἀληθῶς

272 1691 484 1736 ἀπατεῶνα,
503 1689 564 1727 καὶ
582 1692 642 1726 τοῦ
665 1688 810 1741 ψεύδους
836 1689 896 1727 καὶ
920 1692 984 1734 τῆς
1005 1690 1202 1741 βασκανίας
1221 1707 1296 1728 πα-

272 1751 379 1802 τέρα,
403 1751 463 1790 καὶ
496 1750 678 1802 εὐεργέτην
707 1750 768 1788 καὶ
805 1749 904 1803 φίλον
922 1763 931 1772 ·
953 1751 1015 1789 καὶ
1047 1751 1134 1802 πρὸς
1162 1751 1297 1795 τούτοις

273 1812 429 1851 ἀθάνατα
448 1811 488 1850 ἂν
508 1811 698 1850 διετέλεσεν
719 1811 931 1862 ἁμαρτάνων
962 1815 1022 1850 τοῧ
1043 1814 1180 1851 λοιποῦ.
1198 1811 1295 1851 Τού-

271 1889 340 1911 των
362 1872 397 1912 δὲ
417 1872 519 1911 αὐτὸν
537 1871 701 1911 ἁπάντων
719 1872 938 1920 ἀπήλλαξεν,
963 1872 1124 1912 ἐκὸαλὼν
1143 1877 1203 1911 τοῦ
1226 1890 1298 1912 πα-

275 1933 434 1986 ραδείσου
454 1933 548 1972 τότε.
581 1932 689 1972 Οὕτω
708 1949 775 1971 που
803 1933 865 1972 καὶ
887 1934 1025 1987 ἰατρὸς,
1046 1933 1142 1986 ἀφεὶς
1173 1934 1236 1985 μὲν
1258 1935 1298 1973 τὸ

272 1995 372 2038 ἕλκος
400 1994 540 2045 μείζονα
571 1993 635 2040 τὴν
668 1994 843 2041 σηπεδόνα
879 1994 1084 2047 ἐργάζεται,
1111 1995 1294 2034 ἐκκόπτων

273 2053 310 2092 δὲ
329 2053 457 2092 κωλύει
483 2052 686 2105 παραιτέρω
704 2055 885 2106 προελθεῖν
914 2056 974 2092 τοῦ
1001 2053 1200 2105 τραύματος
1228 2053 1292 2101 τὴν

274 2113 415 2152 κακίαν.
437 2113 485 2152 Τί
503 2108 582 2161 οῧν;
603 2113 721 2165 φησίν.
745 2115 824 2152 Οὐκ
843 2114 926 2162 ἔστη
945 2114 1051 2167 μέχρι
1069 2114 1212 2162 τούτων,
1231 2117 1294 2154 ἀλ·
1325 2117 1348 2147 C

275 2176 320 2213 λὰ
351 2175 411 2214 καὶ
437 2176 586 2229 ἱδρῶτας
613 2175 674 2213 καὶ
700 2174 826 2218 πόνους
851 2175 1092 2227 προσέθηκεν,
1118 2175 1170 2214 ὅτι
1199 2175 1297 2214 οὐδὲν

276 2237 366 2276 οὕτω
385 2237 471 2289 πρὸς
488 2236 605 2275 ἄνεσιν
626 2236 802 2288 ἄχρηστον
822 2239 869 2280 ὣς
887 2240 910 2284 ἡ
926 2240 996 2275 τῶν
1022 2237 1215 2291 ἀνθρώπων
1235 2238 1302 2290 φύ-

276 2314 329 2342 σις
343 2298 448 2337 ἐστίν.
466 2300 510 2337 Εἷ
529 2297 596 2351 γὰρ
612 2298 674 2336 καὶ
696 2297 823 2336 τούτων
844 2297 1075 2348 ἐπικειμένων
1097 2301 1135 2338 οὐ
1161 2301 1301 2350 διαλιμ-

277 2357 431 2408 πάνομεν
460 2355 739 2409 ἁμαρτάνοντες,
758 2356 793 2393 τί
821 2359 884 2394 οὐκ
907 2356 948 2394 ἂν
976 2357 1244 2408 ἐτολμήσαμεν,
1271 2361 1300 2396 εἰ

278 2415 363 2467 πρὸς
378 2415 509 2467 τρυφὴν
528 2414 588 2452 καὶ
608 2413 733 2465 ἀργίαν
750 2415 877 2461 ἀνῆκεν
894 2418 988 2465 ἡμᾶς
1004 2418 1022 2453 ὃ
1036 2415 1127 2459 Θεός
1142 2432 1151 2461 ;
1173 2418 1301 2455 Πᾶσαν

279 2475 346 2527 γὰρ
365 2475 508 2523 κακίαν,
530 2475 656 2527 φησὶν,
674 2475 825 2520 ἐδίδαξεν
844 2478 866 2522 ἡ
892 2476 1008 2528 ἀργία.
1036 2477 1106 2515 Καὶ
1127 2486 1300 2531 μαρτυρεῖ

277 2539 327 2589 τῷ
346 2536 439 2590 λόγῳ
460 2536 504 2575 τὰ
526 2538 603 2574 καθ’
624 2536 759 2587 ἡμέραν
779 2537 968 2588 γινόμενα,
997 2538 1057 2576 καὶ
1084 2538 1128 2576 τὰ
1149 2539 1207 2578 ἐπὶ
1230 2543 1299 2578 τῶν

276 2597 456 2650 προγόνων
471 2597 508 2637 δὲ
524 2596 709 2648 συμῧάντα
723 2599 793 2635 τῶν
809 2597 1003 2651 ἡμετέρων.
1018 2598 1186 2638 Ἔκάθισε
1199 2600 1267 2654 γὰρ
1283 2604 1300 2639 ὁ

277 2660 378 2707 λαὸς,
394 2659 500 2711 φησὶ,
519 2664 641 2711 φαγεῖν
656 2658 716 2697 καὶ
735 2664 827 2697 πιεῖν
839 2688 848 2705 ,
866 2659 925 2697 καὶ
940 2659 1136 2707 ἀνέστησαν
1148 2661 1300 2706 παίζειν·

277 2720 336 2758 καὶ
355 2720 461 2759 πάλιν
477 2735 484 2743 ·
513 2719 709 2766 Ἐλιπάνθη
722 2750 731 2767 ,
763 2720 943 2772 ἐπαχύνθη
956 2751 965 2768 ,
992 2721 1187 2770 ἐπλατύνθη
1203 2753 1212 2770 ,
1241 2723 1302 2761 καὶ

279 2779 512 2818 ἀπελάκτισεν
542 2783 560 2818 ὃ
586 2779 824 2831 ἠγαπημένος.
850 2779 997 2833 Συνῳδὰ
1019 2779 1054 2818 δὲ
1080 2781 1214 2825 τούτοις
1240 2782 1299 2820 καὶ

276 2842 295 2877 ὁ
314 2840 483 2893 μακάριος
502 2839 612 2880 Δαυὶδ
632 2839 817 2892 φθέγγεται
845 2839 957 2892 λέγων
975 2856 982 2864 ·
998 2839 1113 2880 “0er
1133 2842 1300 2881 ἀπέκτει-
1325 2858 1348 2886 1)

277 2916 332 2939 νεν
351 2901 492 2949 αὐτοὺς,
508 2901 586 2940 τότε
600 2901 774 2948 ἐξεζήτουν
790 2902 891 2940 αὐτὸν
903 2933 913 2949 ,
934 2901 992 2942 καὶ
1012 2902 1223 2956 ἐπέστρεφον
1239 2904 1299 2942 καὶ

275 2960 440 3014 ὤρθριζον
457 2962 542 3014 πρὸς
555 2961 612 3001 τὸν
630 2961 734 3001 Θεόν.
759 2963 828 3002 Καὶ
847 2967 890 3016 τῇ
911 2964 1146 3017 Ἰερουσαλὴμ
1164 2964 1220 3002 διὰ
1236 2969 1296 3004 τοῦ

274 3021 444 3075 Ἱερεμίου
465 3023 569 3074 φησὶν
582 3026 600 3062 ὃ
618 3023 709 3066 Θεός
724 3038 732 3047 ·
753 3023 821 3062 Διὰ
843 3026 971 3070 παντὸς
991 3026 1211 3074 παιδεύθητι,
1228 3026 1296 3065 Ἱε-

279 3083 577 3135 ρουσαλὴμ,ὅπο)ς
594 3084 634 3122 ἂν
655 3084 704 3135 μὴ
728 3086 866 3137 ἀποστῇ
887 3090 908 3134 ἡ
929 3087 1025 3139 ψυχή
1047 3102 1113 3138 μου
1130 3087 1200 3125 ἀπὸ
1219 3091 1294 3126 σοῦ.

277 3141 360 3182 ’Ότι
381 3143 417 3182 δὲ
432 3146 470 3183 οὗ
490 3150 562 3188 τοῖς
583 3149 772 3197 μοχθηροῖς
792 3145 908 3196 μόνον,
927 3148 1017 3186 ἀλλὰ
1032 3147 1092 3186 καὶ
1118 3154 1190 3191 τοῖς
1203 3164 1297 3201 χρη-

279 3210 388 3252 στοῑς,
408 3205 467 3244 καὶ
481 3210 725 3245 ταπεινοῦσθαι
746 3207 806 3246 καὶ
826 3208 1051 3258 κάμπτεσθαι
1070 3209 1156 3261 πρὸς
1175 3226 1297 3259 σωτη-

282 3263 356 3316 ρίαν
377 3266 451 3304 ἐστὶ
469 3294 480 3310 ,
508 3266 612 3306 πάλιν
637 3271 656 3306 ὁ
681 3268 861 3321 προφήτης
892 3269 1018 3322 φησίν·
1039 3269 1181 3323 Ἀγαθόν
1210 3288 1270 3323 μοι
1287 3303 1296 3317 ,

283 3325 397 3379 Κύριε,
411 3327 463 3366 ὅτι
483 3328 717 3372 ἐταπείνωσάς
731 3345 787 3380 με,
803 3329 896 3374 ὅπως
913 3330 953 3368 ἂν
971 3331 1071 3381 μάθω
1090 3333 1133 3371 τὰ
1151 3334 1293 3372 δικαιώ-

327 3427 342 3453 ¹·
366 3428 466 3466 Suvit.
483 3434 542 3466 οὐδ’
556 3436 592 3467 ἂν
608 3437 729 3476 εἴποιμι.

1379 350 1573 400 mortisque
1599 350 1800 397 mulctatio,
1820 349 2011 387 cruciantis
2030 362 2103 386 esse
2129 357 2235 398 atque
2259 364 2325 400 pu-

1375 409 1505 447 nientis
1522 419 1628 448 :sunt
1650 419 1771 448 autem
1793 408 2057 462 providentiam
2078 409 2229 460 gerentis
2258 423 2326 447 non

1374 469 1494 507 minus
1512 484 1620 520 quam
1634 471 1768 522 priora.
1784 469 1864 507 Etsi
1880 471 1974 507 enim
1991 469 2156 507 mirabile
2173 469 2212 507 id
2231 471 2330 521 quod

1372 528 1528 567 dicimus
1540 530 1697 578 videtur,
1707 530 1934 568 verissimum
1945 539 1996 567 est
2006 540 2135 569 tamen:
2145 545 2184 568 ea
2196 532 2330 584 quippe

1372 603 1450 639 quae
1459 590 1606 638 fiebant,
1616 605 1697 629 cum
1708 590 1885 628 contraria
1897 590 2118 637 viderentur,
2130 605 2199 628 uno
2211 601 2329 630 tamen

1373 650 1612 701 concordique
1648 652 1718 689 fine
1753 651 1823 689 sibi
1857 650 2016 688 invicem
2049 652 2326 692 consentiebant.

1376 711 1546 764 Exempli
1564 726 1670 750 causa
1684 729 1692 751 :
1707 713 1804 764 quod
1824 712 1929 750 illum
1945 713 2095 751 exclusit
2110 728 2129 750 a
2144 715 2327 766 paradiso,

1376 772 1472 821 quod
1492 782 1611 810 contra
1630 773 1838 825 paradisum
1857 773 2071 821 collocavit,
2093 783 2127 811 et
2147 776 2261 813 vetuit
2278 778 2330 813 li-

1376 846 1485 884 gnum
1505 834 1588 871 vitae
1600 863 1611 878 ‚
1631 835 1728 885 quod
1746 835 1932 874 mortalem
1951 835 2053 882 fecit,
2071 835 2168 884 quod
2188 836 2328 875 interim

1375 905 1413 928 ea
1435 891 1605 929 sententia
1626 894 1790 944 superior
1807 892 1906 930 visus
1936 902 1987 930 est
2005 908 2012 928 :
2033 892 2130 938 haec,
2157 894 2301 943 inquam
2316 924 2327 939 ,

1376 952 1506 1002 omnia,
1520 967 1654 990 necnon
1665 968 1743 1004 quae
1756 968 1800 991 ex
1813 954 1870 992 his
1885 963 2162 1004 consequuntur,
2175 968 2241 1006 pro
2255 956 2330 1006 ejus

1377 1012 1491 1050 salute
1506 1012 1686 1051 ethonore
1702 1022 1798 1065 gesta
1815 1024 1908 1052 sunt.
1927 1018 1979 1052 Ac
1991 1013 2035 1051 de
2051 1015 2232 1065 prioribus
2249 1017 2332 1066 qui-

1375 1072 1456 1110 dem
1472 1073 1564 1111 nihil
1580 1074 1732 1112 dixerim
1750 1105 1758 1122 ,
1781 1089 1863 1112 cum
1878 1075 1915 1113 id
1932 1075 2046 1114 cuivis
2062 1076 2180 1127 palam
2197 1076 2243 1114 sit
2262 1094 2268 1114 :
2287 1077 2332 1115 de

1377 1135 1634 1185 posterioribus
1650 1136 1767 1173 solum
1786 1137 1878 1174 ratio
1895 1136 2075 1174 reddenda
2091 1147 2155 1175 est.

1432 1196 1465 1234 3.
1484 1196 1648 1243 Quonam
1665 1209 1749 1248 ergo
1768 1196 1875 1234 modo
1894 1197 1985 1235 scire
2000 1198 2196 1249 poterimus
2213 1207 2332 1250 poste-

1374 1257 1468 1294 riora
1486 1271 1627 1308 quoque
1646 1257 1713 1309 ipsi
1733 1257 1835 1295 utilia
1854 1258 1989 1296 fuisse?
2008 1258 2048 1296 Si
2068 1257 2332 1296 consideremus

1373 1317 1460 1369 quid
1479 1332 1604 1370 passus
1617 1328 1725 1367 esset,
1746 1319 1814 1356 nisi
1831 1319 1909 1356 haec
1926 1319 1971 1356 ita
1987 1319 2215 1370 contigissent
2230 1333 2331 1357 :nam

1373 1380 1403 1416 si
1421 1379 1613 1431 pollicente
1632 1378 1778 1417 diabolo
1796 1380 1948 1430 aequales
1968 1380 2049 1417 illos
2066 1381 2144 1418 Deo
2161 1394 2197 1418 se
2215 1389 2331 1419 osten-

1348 1446 1500 1477 'surum
1531 1449 1609 1492 post
1639 1439 1944 1491 praevaricationis
1972 1449 2109 1478 reatum
2141 1441 2178 1478 in
2210 1441 2332 1479 eodem

1372 1501 1506 1538 honore
1532 1500 1790 1552 perstitissent,
1822 1501 1857 1538 in
1884 1501 1951 1537 tria
1981 1501 2138 1552 profecto
2164 1515 2332 1553 suprema

1372 1561 1465 1599 mala
1484 1561 1700 1599 incurrisset.
1717 1561 1840 1599 Primo
1859 1561 1953 1598 enim
1974 1562 2092 1599 Deum
2110 1562 2330 1600 malevolum

1371 1621 1664 1672 seductoremque
1692 1630 1727 1659 et
1757 1621 1963 1659 mendacem
1994 1622 2331 1660 existimassense-

1371 1682 1489 1720 cundo
1516 1682 1621 1719 illum
1650 1696 1730 1720 vere
1754 1681 1979 1720 seductorem
2004 1682 2332 1732 malevolentiaeque

1371 1751 1403 1780 et
1423 1742 1599 1780 mendacii
1615 1751 1648 1780 et
1664 1742 1812 1780 invidiae
1829 1751 2035 1794 parentem,
2054 1743 2258 1781 beneficum
2272 1753 2331 1781 at-

1371 1817 1440 1854 que
1485 1802 1643 1841 amicum
1687 1803 1885 1855 putavisset
1906 1818 1914 1839 :
1935 1812 2113 1854 postremo
2159 1804 2331 1856 peccandi

1370 1864 1538 1916 deinceps
1567 1877 1765 1915 numquam
1795 1863 1903 1901 finem
1932 1864 2083 1901 fecisset.
2116 1864 2180 1902 His
2209 1873 2330 1903 autem

1375 1926 1544 1964 omnibus
1559 1934 1646 1963 tunc
1659 1924 1842 1962 hominem
1857 1923 2024 1962 liberavit
2034 1955 2044 1974 ‚
2068 1938 2150 1963 cum
2165 1939 2209 1963 ex
2226 1940 2333 1977 para-

1371 1985 1452 2024 diso
1466 1986 1584 2039 ejecit.
1600 1986 1653 2024 Ita
1665 1986 1738 2024 fere
1754 1994 1787 2023 et
1798 1985 1969 2033 medicus,
1986 1986 2015 2023 si
2029 1986 2162 2023 vulnus
2176 1987 2334 2038 negligat

1371 2061 1412 2086 ac
1429 2047 1589 2095 deserat,
1605 2047 1834 2100 purulentum
1850 2046 2007 2098 amplius
2023 2046 2162 2085 reddit:
2178 2048 2230 2086 sin
2249 2062 2333 2086 vero

1371 2107 1541 2145 incisione
1571 2115 1708 2154 utatur,
1742 2104 1892 2143 ulterius
1923 2106 2095 2158 progredi
2127 2107 2262 2145 saniem
2290 2121 2331 2145 ac

1373 2168 1488 2207 morbi
1501 2168 1601 2207 virus
1611 2177 1719 2207 vetat.
1732 2166 1832 2214 Quid
1844 2166 1980 2218 igitur?
1991 2168 2069 2204 Non
2081 2167 2136 2204 his
2148 2177 2332 2206 contentus

1373 2230 1464 2279 fuit;
1487 2229 1561 2268 imo
1579 2239 1612 2268 et
1629 2229 1775 2268 sudores
1792 2228 1847 2266 illi
1863 2227 1993 2282 adjecit
2014 2238 2046 2266 et
2065 2229 2226 2267 labores:
2241 2230 2331 2267 nihil
2390 2257 2484 2284 thum
2499 2259 2537 2285 1²-

1373 2292 1469 2328 enim
1490 2291 1609 2328 minus
1636 2290 1709 2327 otio
1729 2298 1763 2327 et
1781 2289 1893 2340 quieti
1916 2299 2038 2327 natum
2059 2299 2110 2327 est
2137 2305 2244 2341 quam
2263 2291 2329 2329 lio-
2348 2298 2412 2325 bor·
2451 2303 2537 2327 mhi·-

1375 2352 1481 2390 minis
1497 2360 1637 2390 natura.
1655 2351 1693 2389 Si
1710 2351 1803 2388 enim
1823 2350 1878 2387 his
1891 2350 2045 2397 addicti,
2063 2364 2106 2388 ne
2119 2351 2169 2388 sic
2185 2351 2328 2402 quidem
2347 2346 2420 2368 ‘¹¹¹⁵‘

1375 2426 1519 2465 peceare
1532 2412 1736 2450 desistimus
1748 2440 1758 2459 ,
1777 2425 1848 2461 quo
1864 2411 2037 2448 scelerum
2056 2426 2240 2463 progressa
2259 2428 2328 2451 non

1374 2482 1463 2511 esset
1491 2472 1641 2510 audacia
1669 2480 1812 2516 nostra,
1834 2471 1863 2507 si
1892 2480 2019 2517 praeter
2047 2471 2194 2509 delicias
2215 2474 2326 2511 otium

1375 2534 1478 2572 nobis
1497 2533 1723 2571 concessisset
1742 2532 1840 2568 Deus
1857 2530 1874 2567 ἶ)
1897 2532 2032 2568 omnm
2052 2531 2146 2569 euim
2161 2563 2169 2573 ,
2194 2534 2326 2584 iuquit,
2348 2549 2443 2577 Fam,
2482 2550 2535 2580 3³.

1375 2596 1483 2632 mala
1497 2594 1824 2632 otiositasdocnit.
1842 2594 2187 2631 Attestauturnuteru
2201 2603 2328 2633 nostra:
2348 2599 2397 2626 29·

1376 2656 1459 2694 huic
1477 2655 1601 2694 rationi
1621 2663 1654 2693 et
1670 2668 1747 2704 qua:
1765 2652 1923 2704 qnotidie
1939 2652 2029 2690 fiunt
2042 2683 2051 2694 ,
2067 2663 2099 2691 et
2117 2669 2196 2705 quae
2214 2657 2327 2707 maj0-

1374 2718 1472 2756 ribus
1489 2717 1618 2755 nostris
1632 2715 1867 2766 contigerunt.
1883 2715 1999 2761 Sedit,
2015 2715 2329 2768 iniquit.p‹›pulus
2347 2735 2450 2762 εμπ,
2481 2734 2532 2762 32.

1374 2781 1613 2817 ’'tandm-are
1633 2786 1670 2815 et
1689 2779 1831 2818 hibere.
1853 2785 1888 2813 et
1909 2786 2155 2815 sttrrt·.1·erunt
2179 2778 2323 2818 ludere.
2345 2775 2375 2803 ‘³-

1375 2844 1423 2878 Ae
1442 2855 1584 2878 rursum
1606 2855 1613 2875 :
1634 2842 1882 2876 Incrassatus
1902 2845 1958 2874 est
1976 2847 2013 2875 et
2032 2840 2300 2890 impengnuws
2314 2871 2324 2886 ,
2347 2853 2437 2879 vene.
2479 2851 2531 2880 32.

1373 2911 1407 2939 et
1429 2902 1692 2939 recalcitras-it
1714 2899 1894 2936 dilectus.
1922 2898 2082 2936 Consum
2111 2899 2165 2937 his
2185 2914 2328 2951 quoque
2350 2893 2395 2920 ¹⁵·

1371 2964 1496 3000 beatus·
1521 2960 1639 2999 David
1666 2959 1836 3009 loquitur.
1856 2958 1976 2996 dicens
1994 2976 2001 2996 :
2021 2959 2117 2997 t‘mn
2138 2962 2325 2999 occidere-t
2347 2972 2431 2999 md.
2462 2980 2509 3012 ῖς.

1371 3041 1452 3073 vos,
1470 3037 1561 3064 tunc
1579 3026 1829 3075 erasmi-eluunt
1846 3037 1930 3061 ceum
1943 3052 1952 3065 .
1968 3032 2003 3060 ct
2018 3027 2323 3073 revertebantur,
2343 3013 2394 3051 34·

1371 3099 1405 3127 ee
1425 3088 1600 3126 diluculo
1620 3087 1834 3123 'veniebant
1853 3085 1907 3122 ad
1926 3098 2023 3122 eum.
2051 3084 2105 3122 Ad
2126 3087 2324 3126 Jerusalem

1369 3163 1510 3201 quoque
1523 3162 1586 3200 per
1598 3145 1790 3186 sort-mian·
1806 3145 1964 3196 loquitur
1978 3146 2092 3182 Deus:
2107 3148 2182 3184 [ἐν
2193 3151 2324 3186 ovinia
2344 3156 2389 3182 lev
2429 3157 2445 3183 υ
2477 3156 2508 3182 s.

1368 3211 1537 3254 erudire,
1553 3207 1770 3247 Jerusalem
1786 3235 1795 3249 .
1813 3220 1860 3244 ne
1871 3207 2023 3244 resudat
2036 3212 2172 3245 αηὶιηιι
2197 3222 2281 3247 mm
2301 3224 2325 3247 a

1371 3282 1420 3310 te.
1438 3270 1544 3316 Quod
1559 3279 1676 3307 autern
1692 3282 1758 3306 uon
1775 3268 1891 3306 solum
1906 3267 2021 3312 nutis.
2036 3282 2160 3307 verum
2175 3280 2207 3308 et
2223 3270 2325 3308 bonis

1371 3332 1552 3370 humiliari
1574 3340 1677 3382 atque
1709 3329 1889 3367 incurvari
1921 3328 2076 3366 satur-m·
2098 3330 2161 3374 sit,
2183 3345 2324 3368 rursum

1361 3449 1372 3462 ⁸
1398 3436 1499 3470 smil.
1522 3442 1615 3481 ἔμεινε
1630 3444 1727 3480 τιμῆς.
1752 3435 1761 3478 1
1778 3434 1964 3477 Legebantur
1983 3435 2115 3475 ἔμεναι]

2072 3497 2132 3532 ¹5.
