2549 3825
977 286 1033 316 DE
1071 286 1378 316 VlRGlNlTA'l'E.

150 370 370 422 ἐπιορκοῦσιν
403 369 533 417 ἀδεῶς,
556 367 614 405 ἐπὶ
635 367 669 404 δὲ
698 367 760 412 τ’ἧς
779 368 847 404 τῶν
863 368 997 406 παίδων
1018 370 1170 420 κεφαλῆς

148 431 217 468 οὐδ’
244 430 285 468 ἂν
311 428 438 479 ὀμόσαι
468 428 600 466 ἕλοιντο
623 427 686 474 τὴν
720 427 852 480 ἀρχήν,
884 428 998 467 καίτοι
1028 445 1067 480 γε
1110 429 1170 466 καὶ

148 493 169 536 ἡ
204 490 363 542 ἐπιορκία
395 490 455 528 καὶ
487 492 509 536 ἡ
539 488 682 531 κόλασις
719 489 839 542 πολλῷ
879 489 1003 539 μείζων
1041 490 1170 535 ταύτης

147 551 274 598 ἐκείνη·
294 552 371 589 ἀλλ’
390 551 486 600 ὅμως
512 549 626 602 τούτῳ
649 550 781 599 μᾶλλον
801 549 827 595 ἢ
853 550 974 603 ἐκείνῳ
1000 553 1049 602 τῷ
1075 550 1169 602 δ’ρκῳ

147 611 369 663 κατέχονται.
389 611 459 650 Καὶ
486 609 572 662 πρὸς
604 610 644 648 τὸ
674 612 846 661 βοηθῆσαι
866 608 901 648 δὲ
934 610 1078 657 πένησιν
1105 612 1170 660 οὐχ

147 671 254 716 οὕτως
273 671 395 716 αὐτοὺς
415 674 445 711 οἳ
462 674 525 717 τῆς
539 671 717 722 βασιλείας
739 670 941 724 διεγείρουσι
961 671 1072 722 λόγοι,
1088 671 1166 708 καί·

146 748 200 771 τοι
218 749 258 784 γε
277 736 430 785 συνεχῶς
454 732 698 785 ἐνηχούμενοι,
721 735 768 776 ὡς
787 733 826 770 τὸ
844 733 996 786 χρηστὸν
1027 732 1168 770 ἐλπίσαι

146 810 180 831 τι
196 793 287 832 κατὰ
300 795 357 833 τὸν
378 793 535 845 παρόντα
554 793 626 844 βίον
641 793 663 840 ἢ
684 793 771 846 ὑπὲρ
783 793 919 831 παίδων
936 792 958 838 ἢ
979 793 1067 843 ὑπὲρ
1087 794 1167 830 ἑαυ-

146 857 230 893 τῶν.
247 856 338 894 Τότε
355 858 437 905 γοῦν
457 854 614 905 μάλιστα
635 854 812 906 φιλότιμοι
835 854 988 904 γίνονται
1007 853 1087 905 περὶ
1105 852 1167 897 τὰς

146 914 310 959 τοιαύτας
345 914 566 965 ἐπικουρίας,
595 914 677 953 ὅταν
707 917 746 952 ἐκ
783 920 920 965 μακρᾶς
953 913 1163 964 ἀνενέγκωσι

146 976 268 1023 νόσου,
287 976 369 1014 ὅταν
403 975 558 1014 κίνδυνον
584 974 797 1027 διαφύγωσιν
813 1005 824 1023 ,
853 974 934 1013 ὅταν
965 974 1168 1017 δυναστείας

145 1036 236 1080 τινὸς
255 1034 448 1088 ἐπιτύχωσι
474 1035 534 1074 καὶ
557 1037 688 1087 ἀρχῆς·
705 1036 765 1073 καὶ
792 1035 881 1078 ὅλως
910 1034 987 1079 τοὺς
1006 1034 1167 1078 πλείονας

143 1098 214 1134 τῶν
231 1095 421 1150 ἀνθρώπων
440 1102 512 1140 τοῖς
538 1096 636 1149 παρὰ
653 1097 762 1140 πόδας
781 1096 874 1148 εὕροι
894 1112 947 1140 τις
966 1096 1006 1134 ἂν
1031 1097 1164 1147 μᾶλλον

142 1157 438 1208 νουθετουμένους.
457 1157 523 1196 Ἔν
536 1173 574 1195 τε
586 1157 655 1211 γὰρ
670 1163 741 1202 τοῖς
754 1163 921 1210 χρηστοῖς
939 1161 1051 1196 ταῦτα
1073 1160 1168 1208 μᾶλ-

143 1220 202 1258 λον
222 1218 431 1271 προτρέπει,
451 1218 485 1256 ἔν
513 1234 551 1256 τε
571 1224 642 1262 τοῖς
669 1220 838 1270 λυπηροῖς
859 1219 1024 1269 μειζόνως
1043 1219 1166 1272 φοὸεῖ,

143 1282 193 1327 τῷ
219 1280 283 1326 τὴν
315 1279 476 1326 αἴσθησιν
510 1279 695 1332 ἐγγυτέραν
730 1279 900 1332 ὑπάρχειν
935 1281 1061 1323 αὐτοῖς.
1096 1279 1165 1318 Διὰ

143 1344 255 1379 ταῦτα
273 1341 334 1379 καὶ
356 1342 548 1394 Κορινθίοις
575 1340 665 1379 οὕτω
685 1340 872 1392 διελέγετο,
889 1341 949 1379 καὶ
970 1341 1166 1392 Ῥωμαίους

144 1402 213 1440 ἀπὸ
244 1404 312 1440 τῶν
341 1403 523 1454 παρόντων
561 1404 610 1445 εἰς
640 1401 859 1446 ἀνεξικακίαν
892 1403 1095 1453 ἐγύμναζεν.
1118 1403 1163 1442 Ἡ

96 1472 98 1474 “
142 1463 210 1515 γὰρ
232 1462 375 1509 ἀσθενὴς
397 1464 455 1501 καὶ
475 1462 671 1512 ἠδικημένη
691 1462 786 1514 ψυχὴ
807 1464 871 1514 οὐχ
890 1461 996 1507 οὕτως
1015 1464 1165 1508 εὐκόλως

143 1524 268 1575 ἀφίησι
281 1527 343 1570 τῆς
359 1526 462 1576 ὀργῆς
476 1524 533 1562 τὸν
551 1525 612 1572 ἰὸν,
628 1523 710 1562 ὅταν
726 1523 806 1576 περὶ
826 1524 1004 1575 βασιλείας
1018 1524 1164 1577 ἀκούσῃ,

142 1586 202 1625 καὶ
228 1589 276 1628 εἷς
304 1585 441 1636 μακρὰς
462 1584 603 1627 ἐλπίδας
630 1583 782 1635 ἐμπέσῃ,
805 1587 851 1627 ὡς
866 1585 946 1622 ὅταν
978 1584 1075 1638 παρὰ
1105 1591 1165 1624 τοῦ

142 1646 377 1692 λελυπηκότος
419 1645 642 1696 προσδοκήση
690 1644 863 1696 λήψεσθαι
905 1645 1017 1692 δίκην.
1039 1646 1165 1684 Βουλό-

143 1723 243 1757 μενος
271 1701 327 1744 οῧν
355 1707 527 1744 διασεῖσαι
549 1708 611 1751 τῆς
634 1705 868 1756 μνησικακίας
887 1706 951 1752 τὴν
973 1706 1088 1757 ῥίζαν,
1105 1707 1164 1745 καὶ

141 1768 227 1811 τέως
244 1770 395 1806 κενῶσαι
411 1767 474 1814 τὴν
493 1766 643 1818 ὂργὴν,ὃ
663 1768 795 1817 μᾶλλον
816 1767 997 1818 ἐπαγωγὸν
1017 1762 1059 1814 ἦν
1079 1767 1165 1821 πρὸς

139 1828 180 1866 τὸ
204 1828 526 1880 παραμυθήσασθαι
547 1827 604 1866 τὸν
635 1827 866 1878 ἠδικημένον,
886 1832 987 1866 τοῦτο
1007 1828 1163 1876 τίθησιν,

140 1891 202 1928 οὐκ
222 1891 424 1941 ἀποστερῶν
443 1889 543 1927 αὐτὸν
570 1891 632 1936 τῆς
653 1891 686 1927 ἐν
709 1892 759 1941 τῷ
780 1889 942 1939 μέλλοντι
962 1892 1073 1941 καιρῷ
1093 1906 1165 1928 κει-

140 1950 246 2000 μένης
276 1953 401 2001 τιμῆς,
427 1949 519 1989 ἀλλὰ
547 1950 632 1994 τέως
661 1950 764 1989 αὐτὸν
785 1950 978 2000 ἐμὸιῖάσαι
1005 1950 1162 1989 σπεύδων

140 2011 334 2063 οἷῳδήποτε
354 2011 474 2064 τρόπῳ
505 2014 552 2055 εἷς
579 2012 642 2059 τὴν
670 2014 732 2058 τῆς
764 2012 968 2064 φιλοσοφίας
988 2012 1082 2061 ὁδὸν,
1102 2014 1162 2052 καὶ

139 2074 201 2117 τὰς
229 2072 331 2126 θύρας
362 2072 494 2117 ἀνοῖξαι
515 2076 578 2119 τῆς
606 2074 852 2125 καταλλαγῆς·
871 2074 911 2111 τὸ
936 2073 999 2124 γὰρ
1032 2074 1161 2112 δυσκο-

139 2133 314 2181 λώτατον,
331 2136 394 2180 τῆς
409 2135 521 2186 ἀρχῆς
540 2133 771 2172 ἐπιλαὸέσθαι
791 2137 851 2172 τοῦ
875 2134 1160 2186 κατορθώματος,

139 2194 229 2243 μετὰ
253 2194 290 2232 δὲ
310 2194 372 2242 τὴν
405 2195 533 2233 εἴσοδον
561 2194 677 2233 οὐκέτι
704 2199 863 2238 τοσοῦτος
888 2199 905 2234 ὃ
929 2195 1031 2239 πόνος
1054 2197 1159 2235 ἐστίν.

137 2255 228 2294 Ἀλλ’
240 2256 306 2308 οὐχ
321 2259 338 2294 ὃ
359 2255 485 2306 Κύριος
503 2259 604 2306 ἡμῶν
617 2255 751 2300 Ἰησοῦς
773 2256 921 2308 Χριστὸς
940 2259 1041 2295 τοῦτο
1056 2264 1159 2305 ποιεῖ,

137 2317 213 2355 οὔτε
234 2317 313 2368 περὶ
336 2317 538 2368 παρθενίας,
562 2317 640 2357 οὔτε
659 2317 739 2368 περὶ
762 2316 981 2362 ἀνεξικακίας
997 2320 1158 2370 διαλεγό-

138 2392 259 2428 μενος·
280 2378 357 2416 ἀλλ’
374 2379 445 2415 ἐκεῖ
466 2377 529 2427 μὲν
559 2378 622 2424 τὴν
656 2377 836 2428 βασιλείαν
866 2378 983 2425 τίθησι
1013 2382 1081 2417 τῶν
1101 2383 1159 2418 οὐ-

138 2441 273 2489 ρανῶν·
307 2437 388 2476 Εἰσὶ
416 2437 483 2489 γὰρ
515 2439 693 2491 εὐνοῦχοι,
723 2437 848 2489 φησὶν,
883 2437 1004 2480 οἵτινες
1039 2439 1157 2477 εὐνού-

135 2515 240 2550 χισαν
260 2497 401 2542 ἑαυτοὺς
423 2498 480 2536 διὰ
506 2499 569 2545 τὴν
603 2498 784 2549 βασιλείαν
814 2502 883 2537 τῶν
907 2500 1078 2552 οὐρανῶν·
1098 2499 1154 2538 ὅτε

136 2559 171 2596 δὲ
206 2559 366 2610 εὔχεσθαι
397 2559 483 2611 ὑπὲρ
516 2562 584 2598 τῶν
623 2561 756 2611 ἐχθρῶν
788 2561 1022 2612 “παρεκοίλει,
1058 2561 1155 2599 οὐδὲν

135 2619 221 2673 ὑπὲρ
239 2623 301 2667 τῆς
324 2622 392 2658 τῶν
414 2620 659 2666 λελυπηκότων
683 2621 816 2671 βλάὸης
846 2621 951 2659 εἰπὼν
964 2651 973 2668 ,
994 2622 1068 2661 οὐδὲ
1089 2626 1155 2660 τῶν

135 2681 313 2733 ἀνθράκων
339 2681 578 2733 μνημονεύσας
593 2685 651 2720 τοῦ
673 2682 789 2734 πυρὸς,
805 2682 895 2721 ἀλλὰ
911 2683 1024 2722 πάντα
1042 2685 1156 2722 ἐκεῖνα

134 2743 232 2795 ἀφεὶς
252 2742 337 2794 πρὸς
357 2742 434 2786 τοὺς
457 2742 693 2795 μικροψύχους
712 2743 874 2794 λέγεσθαι
893 2744 952 2782 καὶ
970 2746 1157 2782 ταλαιπώ-

136 2819 228 2856 ρους,
261 2803 360 2848 αὐτὸς
394 2804 464 2842 ἀπὸ
491 2807 560 2842 τῶν
597 2805 762 2855 μειζόνων
797 2805 918 2848 αὐτοὺς
954 2806 1156 2858 προτρέπει.

134 2864 250 2902 Ποίων
273 2864 314 2912 δὴ
334 2863 622 2912 τούτων;”οπως
641 2866 805 2918 γένησθε,
820 2866 938 2918 φησὶν,
957 2868 1070 2917 ὅμοιοι
1096 2871 1155 2906 τοῦ

132 2925 272 2977 Πατρὸς
289 2928 386 2976 ὑμῶν
406 2930 464 2964 τοῦ
495 2927 530 2963 ἐν
554 2932 624 2969 τοῖς
657 2929 824 2978 οὐρανοῖς.
846 2928 958 2966 Βλέπε
987 2929 1092 2966 πόσον
1118 2929 1156 2966 τὸ

130 2985 279 3024 ἔπαθλον
296 3002 303 3010 ·
327 2985 457 3037 Πέτρος
477 2986 545 3039 γὰρ
575 2981 617 3034 ἦν
647 2990 665 3025 ὃ
694 2991 804 3026 ταῦτα
828 2988 960 3027 ἀκούων
975 3019 985 3035 ‚
1004 2989 1062 3025 καὶ
1086 2989 1154 3026 '¹02-

130 3046 265 3093 mnCoc,
296 3046 356 3084 καὶ
373 3046 555 3095 Ἰωάννης,
584 3048 642 3086 καὶ
662 3052 680 3086 ὁ
701 3050 818 3091 λοιπὸς
849 3052 918 3086 τῶν
950 3049 1153 3087 <immolam

129 3106 231 3159 χορός
247 3123 254 3131 ·
287 3107 343 3145 διὰ
382 3111 484 3146 τοῦτο
523 3109 592 3147 ἀπὸ
640 3113 709 3147 τῶν
751 3113 997 3160 πνευματικῶν
1035 3111 1154 3154 αὐτοὺς

129 3170 248 3220 ἐνῆγεν
268 3169 440 3207 ἐπάθλων.
462 3169 531 3207 Καὶ
549 3173 567 3207 ὁ
589 3172 725 3214 Παῦλος
753 3170 787 3209 δὲ
810 3171 849 3208 τὸ
869 3170 951 3208 αὐτὸ
971 3172 1009 3208 ἂν
1035 3173 1152 3217 ἐποίη-

131 3244 204 3275 σεν,
225 3232 254 3268 εἰ
276 3229 363 3281 πρός
382 3246 477 3274 τινας
496 3231 668 3275 τοιούτους
686 3235 703 3269 ὁ
722 3231 821 3282 λόγος
842 3227 882 3277 ἦν
903 3234 1008 3283 αὐτῷ·
1030 3233 1149 3278 ἐπειδὴ

132 3290 165 3327 δὲ
191 3290 275 3342 πρὸς
301 3291 498 3341 Κορινθίους
532 3291 608 3335 τοὺς
647 3293 867 3344 ἀτελέστερον
901 3294 1147 3342 διακειμένους.

179 3456 191 3470 ’“
217 3448 294 3488 Ιίνιι.
310 3459 442 3494 nusi-4³22

1177 885 1225 911 310

1189 924 1215 953 A

1180 3188 1204 3218 1)

2099 271 2191 331 579

1241 367 1352 406 rando
1384 368 1496 420 magis
1527 368 1764 406 continentur.
1797 367 1906 418 Atqui
1940 367 1986 406 ad
2021 381 2194 420 pauperes

1238 428 1420 480 juvandos
1433 442 1501 466 non
1520 429 1666 480 perinde
1677 428 1900 467 sermonibus
1914 428 1960 466 de
1975 441 2083 480 regno
2099 428 2196 466 exci-

1242 497 1377 537 tantur,
1398 490 1462 526 etsi
1476 490 1678 539 frequenter
1691 489 1854 533 audiant,
1874 498 2055 541 atque-spe
2071 503 2194 527 conse·

1246 549 1382 598 quendi
1412 550 1448 587 in
1477 551 1641 601 praesenti
1667 550 1742 587 vita
1768 549 1837 588 sibi
1859 559 1921 587 aut
1946 550 2069 588 liberis
2092 550 2191 588 boni.

1243 611 1368 661 Itaque
1382 619 1459 647 tum
1477 610 1633 648 maxime
1649 611 1684 648 in
1703 611 1761 648 his
1782 611 1998 661 adjumentis
2013 611 2194 649 ambitiosi

1243 669 1346 716 fiunt,
1367 669 1429 706 ubi
1450 683 1494 707 ex
1511 669 1684 707 diuturno
1709 670 1832 707 morbo
1848 671 2108 720 convaluerint,
2130 672 2193 709 ubi

1243 730 1441 781 periculum
1460 731 1666 782 effugerint,
1695 730 1755 767 ubi
1774 731 2021 782 magistratum
2040 733 2195 782 aliquem

1242 799 1276 828 et
1298 791 1488 843 imperium
1509 792 1602 829 nacti
1625 791 1721 841 sint3
1742 791 1918 843 planeque
1944 791 2057 829 multo
2075 792 2196 843 plures

1242 851 1300 901 iis,
1322 866 1401 902 quae
1429 861 1509 889 ante
1528 851 1636 904 pedes
1655 854 1741 901 sint,
1765 852 1878 904 magis
1900 851 2041 889 incitari
2065 853 2194 903 depre—

1241 913 1388 950 hendas.
1406 913 1491 950 Haec
1503 926 1657 963 namque
1671 922 1705 950 et
1719 913 1755 950 in
1770 912 1935 950 secundis
1951 912 2196 950 vehementius

1242 974 1498 1023 exstimulant,
1527 983 1561 1012 et
1577 974 1612 1012 in
1631 972 1791 1012 adversis
1808 983 1938 1011 terrent
1953 976 2082 1022 acrius,
2101 974 2196 1023 quod

1241 1035 1370 1074 horum
1399 1049 1540 1073 sensum
1567 1034 1858 1087 propinquiorem
1878 1034 2045 1072 habeant.
2077 1034 2198 1080 Quare

1240 1105 1274 1134 et
1302 1110 1384 1134 cum
1415 1095 1612 1134 Corinthiis
1633 1096 1682 1134 sic
1702 1095 1891 1144 disseruit,
1921 1104 1954 1132 et
1978 1097 2157 1134 Romanos
2176 1110 2195 1133 a

1240 1157 1347 1197 rebus
1375 1158 1610 1209 praesentibus
1631 1155 1676 1195 ad
1704 1157 1844 1209 injuriae
1863 1157 2072 1209 patientiam
2089 1170 2193 1195 exer-

1239 1220 1324 1258 cuit.
1358 1219 1486 1258 Anima
1517 1219 1612 1257 enim
1640 1218 1783 1256 infirma
1810 1219 1990 1268 lacessita,
2021 1232 2090 1256 non
2121 1227 2193 1255 tam

1238 1281 1344 1320 facile
1363 1281 1423 1320 irae
1442 1295 1618 1319 venenum
1637 1281 1803 1327 remittit,
1823 1280 1853 1317 si
1869 1279 1913 1317 de
1931 1294 2040 1331 regno
2057 1279 2192 1327 audiat,

1239 1351 1344 1393 atque
1358 1344 1395 1380 in
1411 1356 1509 1394 spem
1526 1341 1645 1379 veniat
1658 1350 1846 1389 remotam,
1865 1353 1971 1390 quam
1989 1340 2018 1377 si
2035 1341 2110 1392 ejus
2129 1342 2193 1390 qui

1240 1404 1410 1456 injuriam
1426 1402 1563 1440 dederit
1579 1402 1750 1440 ultionem
1780 1410 1970 1453 exspectet.
1990 1403 2113 1451 Itaque
2128 1415 2191 1439 vo-

1239 1463 1316 1502 lens
1333 1464 1546 1516 injuriarum
1566 1462 1819 1500 recordationis
1839 1461 1995 1499 radicem
2014 1462 2192 1500 convelle-

1239 1539 1289 1572 re,
1308 1534 1413 1575 atque
1431 1524 1521 1561 iram
1542 1538 1727 1571 amovere,
1747 1522 1842 1573 quod
1858 1523 2035 1560 efficacius
2055 1532 2128 1560 erat
2146 1523 2192 1560 ad

1239 1601 1321 1623 eum
1351 1586 1413 1636 qui
1440 1586 1546 1623 laesus
1560 1594 1649 1623 esset
1666 1585 1852 1622 solandum
1888 1585 2034 1636 profert,
2058 1598 2127 1622 non
2153 1594 2193 1622 ut

1239 1661 1321 1684 cum
1343 1646 1505 1698 repositis
1535 1647 1570 1683 in
1589 1646 1710 1683 futuro
1730 1654 1889 1697 tempore
1910 1644 2067 1696 praemiis
2089 1645 2189 1682 frau-

1239 1707 1353 1753 daret,
1373 1707 1434 1744 sed
1452 1715 1490 1743 ut
1506 1719 1646 1757 quoque
1662 1705 1767 1742 modo
1786 1705 1819 1742 in
1836 1705 2072 1756 philosophiae
2095 1705 2192 1743 viam

1238 1767 1422 1805 induceret
1440 1776 1545 1817 atque
1561 1767 1606 1804 ad
1625 1766 1945 1804 reconciliationem
1962 1766 2092 1803 ostium
2113 1780 2193 1819 ape-

1238 1828 1338 1868 riret.
1370 1829 1461 1866 Nam
1481 1827 1517 1865 in
1538 1827 1635 1865 omni
1656 1826 1822 1878 praeclara
1848 1827 2028 1865 functione
2048 1827 2190 1865 initium

1237 1889 1353 1927 facere
1379 1888 1638 1926 difficillimum
1663 1896 1732 1935 εει,
1753 1896 1831 1939 post
1851 1887 2048 1938 ingressum
2067 1902 2105 1926 ea
2122 1902 2191 1927 non

1238 1964 1338 2001 aeque
1353 1958 1404 1987 est
1418 1949 1605 1987 laboriosa.
1624 1951 1668 1986 At
1685 1962 1752 1986 non
1767 1948 1943 1986 Dominus
1958 1958 2076 1986 noster
2091 1950 2193 1988 Jesus

1239 2011 1404 2049 Christus
1425 2010 1519 2048 idem
1536 2011 1635 2060 facit,
1656 2024 1719 2048 nec
1735 2024 1816 2047 cum
1831 2009 1875 2047 de
1892 2009 2111 2060 virginitate,
2130 2025 2193 2049 nec

1237 2086 1320 2110 cum
1333 2072 1378 2110 de
1389 2072 1531 2125 injuriis
1543 2071 1695 2110 ferendis
1705 2071 1882 2124 disputat;
1895 2072 1955 2110 sed
1967 2072 2042 2110 illic
2057 2073 2193 2111 caelestc·

1236 2147 1386 2185 regnum
1406 2134 1596 2186 proponit:
1611 2134 1708 2172 Sunt
1723 2133 1831 2180 enim,
1852 2133 1981 2184 inquit,
2004 2136 2186 2183 eunuchi,
2207 2155 2316 2183 Maus„
2347 2164 2392 2194 ¹9,

1237 2198 1303 2247 qui
1322 2198 1463 2247 seipsos
1480 2202 1638 2247 propter
1655 2209 1816 2246 regnum
1836 2196 2017 2233 caelorum
2039 2207 2188 2234 caslraez-
2208 2205 2257 2228 ¹²·

1237 2266 1344 2294 runt:
1357 2271 1436 2294 cum
1455 2269 1539 2294 vero
1556 2270 1620 2309 pro
1642 2256 1806 2293 hostibus
1825 2256 1961 2308 precari
1981 2266 2113 2305 monet,
2127 2271 2188 2295 nec

1235 2318 1438 2355 detrimenti
1471 2331 1596 2354 eorum
1622 2317 1684 2367 qui
1718 2316 1887 2358 laeserint,
1910 2331 1972 2355 uec
2005 2318 2190 2368 igneorum

1237 2379 1431 2416 carbonum
1452 2378 1638 2423 meminit,
1668 2376 1728 2413 sed
1750 2390 1788 2413 ea
1809 2377 1929 2414 omnia
1949 2377 2189 2428 pusillanimis

1236 2454 1276 2476 ae
1313 2438 1452 2476 miseris
1478 2436 1627 2474 dicenda
1646 2437 1800 2478 mittens,
1818 2436 1892 2487 ipse
1919 2451 1976 2474 eos
1994 2438 2188 2488 majoribus

1236 2500 1392 2552 praemiis
1408 2499 1547 2537 invitat.
1573 2498 1800 2544 Quibusnam
1812 2497 1829 2534 Ξ)
1856 2499 1904 2534 [ἐ
1925 2499 2070 2536 similes
2089 2500 2185 2539 sitis.
2205 2520 2313 2546 ⁴um»,⁴
2362 2518 2376 2544 f·

1236 2561 1367 2610 inquit,
1399 2561 1531 2596 Patris
1559 2561 1680 2595 ‘vestri
1704 2559 1773 2608 qui
1803 2562 1842 2594 in
1865 2559 1969 2595 cwlis
2001 2567 2068 2596 est.
2095 2561 2115 2597 Χ
2133 2559 2253 2597 ides-‘-

1237 2630 1408 2671 quantum
1425 2618 1630 2671 pra-minum
1648 2631 1727 2654 uam
1744 2616 1923 2654 auditores
1939 2620 2187 2665 erumpemus,

1236 2682 1403 2724 jacobus,
1416 2682 1579 2722 joarim-s,
1591 2687 1783 2728 cartes-‘uque
1799 2678 2038 2728 apostolorum
2056 2680 2159 2717 turb-1
2179 2698 2185 2721 ;

1238 2745 1354 2793 itaque
1383 2756 1441 2778 eos
1473 2739 1698 2790 spiritulibus
1735 2737 1890 2789 pra-miis
1917 2738 2044 2776 allicit.
2077 2744 2190 2791 Atque

1238 2805 1330 2842 idem
1351 2812 1381 2840 et
1407 2802 1537 2838 Paulus
1555 2800 1689 2836 fecisset
1710 2828 1719 2843 ,
1747 2799 1774 2834 si
1796 2812 1876 2834 cum
1906 2798 2036 2835 talibus
2062 2809 2190 2838 umetis

1236 2875 1286 2903 set
1302 2882 1308 2902 :
1324 2863 1444 2913 ,sedqni
1466 2876 1546 2898 cum
1565 2859 1760 2896 Corinthiis
1781 2859 2043 2908 agru·t.;ull1m·
2064 2861 2188 2900 rudius

1236 2920 1635 2974 :il'l‘‹·(·1is‚j.'1111inducis
1655 2920 1819 2956 latmi-uun
1835 2920 1988 2957 fructum
2007 2923 2188 2972 proponit,

1236 3002 1307 3037 quo
1336 2984 1480 3023 virtutis
1500 2981 1682 3031 negotium
1712 2980 1887 3030 promtius
1908 2981 2047 3018 inin-m.
2072 2983 2189 3033 Neque
2205 2994 2295 3022 mue.
2340 2996 2372 3024 :j

1235 3047 1341 3084 ulium
1362 3043 1408 3080 oli
1430 3055 1572 3080 causum
1596 3041 1691 3076 Deus
1711 3038 1869 3081 .!ml.=·is‚
1891 3040 2018 3076 onnissa
2043 3042 2190 3081 ‹xrlvstis

1236 3107 1332 3158 mgni
1351 3103 1621 3156 pollicitatione,
1642 3110 1777 3137 tri-urna
1796 3101 1886 3136 bona
1908 3101 2138 3151 largit-batur,
2153 3114 2186 3143 et

1236 3184 1298 3220 1’¹'⁰
1324 3165 1515 3203 >celeribus
1544 3177 1609 3199 uon
1643 3161 1854 3210 gelu-uuam,
1888 3162 1947 3199 scd
1977 3164 2044 3200 mvi
2079 3164 2184 3217 liujus

1233 3228 1465 3268 indotuit-itm,
1484 3232 1629 3275 pesti-ui,
1647 3224 1787 3263 suun-m.
1803 3223 1961 3264 nnn-lum,
1988 3224 2096 3267 bolla.
2119 3241 2182 3265 cx-
2220 3259 2223 3262 .

1232 3291 1350 3328 silium
1369 3319 1377 3332 ,
1411 3287 1617 3336 reliquaque
1637 3283 1765 3320 sonuli..
1787 3283 2091 3334 counitiualmur,
2124 3287 2179 3325 luis
