2549 3825
665 250 724 279 Al)
762 250 1002 301 s-TAGuuUM
1044 251 1068 277 A
1110 249 1306 278 DAEMONE
1344 250 1578 279 VEXATLM.
1619 252 1703 280 mn.
1743 252 1788 280 11.

211 335 294 384 μοὺς
331 334 389 372 καὶ
411 333 454 371 τὰ
475 333 590 378 Θάλπη
609 333 667 370 καὶ
699 330 762 374 τὰς
786 331 978 383 ἀγρυπνίας
1009 332 1068 369 καὶ
1086 332 1147 374 τὰς
1166 333 1227 378 ζη-

210 398 292 446 μίας
304 396 364 438 τᾶς
384 399 551 446 συνεχεῖς·
567 393 697 433 Aeneam
717 393 753 432 δὲ
772 393 831 431 καὶ
853 392 981 439 ταύτην
999 392 1152 444 ὕστερον,
1166 393 1226 430 καὶ

209 460 274 501 ζῶν
290 456 386 509 παρὰ
412 459 462 508 τῷ
481 456 634 507 κηδεστῇ
663 454 737 506 βίον
762 454 984 506 ταλαίπωρον
1010 454 1070 492 καί
1101 453 1227 504 ἐπίμο-

206 521 304 570 χθον,
322 519 494 568 ἐφθονεῖτο
509 516 570 555 καὶ
587 516 708 564 οὕτως,
722 515 781 554 καὶ
804 515 966 567 δευτέραν
985 514 1122 560 ἀπάτην
1139 514 1225 552 ὑπέ-

208 595 306 627 μενεν
327 578 385 616 ἐπὶ
405 584 475 621 τοῖς
497 581 645 628 μισθοῖς,
665 580 712 620 ὡς
737 577 797 615 καὶ
814 577 916 620 αὐτὸς
944 576 1045 614 αὐτὸν
1069 574 1227 626 διήλεγξε

205 640 329 691 λέγων,
339 640 393 678 ὅτι
408 638 637 691 Παρελο-[ίσω
652 655 695 689 με
712 637 796 678 δέκα
811 638 977 687 ἀμνάσιν.
997 636 1099 675 Μετὰ
1116 636 1153 674 δὲ
1167 641 1227 675 τοῦ

206 702 374 748 κηδεστοῦ
394 717 454 738 και
474 704 505 739 οἳ
523 703 592 739 τῶν
612 701 785 751 γυναικῶν
813 700 916 738 ἀδελ”
897 699 955 750 φοὶ
977 702 1038 736 τοῦ
1057 699 1227 744 κηδεστοῦ

206 763 374 810 μᾶλλονέ
378 760 635 812 ξεθηριώθησαν
649 761 735 812 πρὸς
751 760 865 799 αὐτόν.
874 740 964 798 T}
946 760 983 798 οὲ
998 758 1139 797 πάντων
1160 775 1228 810 χα-

206 822 400 874 λεπώτερον
422 826 478 869 ἠν,
497 825 519 868 ἡ
541 822 716 874 ἐρωμένη,
745 823 789 860 δι’
813 822 856 868 ην
884 821 944 868 ἔτη
965 821 1016 864 δις
1035 820 1125 858 ἑπτὰ
1146 822 1225 859 δου-

205 883 316 922 λεύειν
337 884 500 930 &One-roff
487 883 554 922 υπὸ
573 886 635 930 τῆς
657 882 842 933 ἀθυμίας
823 882 1054 932 απεπνίγετο,
1077 882 1141 928 την
1161 897 1224 932 μεν

205 945 355 996 ἀδελφὴν
371 944 556 983 τίκτουσαν
577 947 710 995 ὁρῶσα,
726 944 855 989 ἑαυτὴν
873 942 908 981 δὲ
928 943 1005 981 οὐδὲ
1023 943 1148 982 ἐλπίδα
1164 949 1225 982 τοῦ

204 1006 409 1057 πράγματος
432 1005 595 1057 ἔχουσαν,
618 1005 678 1043 καὶ
705 1006 754 1047 εἷς
776 1004 948 1052 τοσαύτην
972 1005 1136 1043 ἔκστασιν
1158 1006 1225 1043 ὑπὸ

202 1070 263 1113 τῆς
290 1067 473 1118 ἀθυμίας’
457 1082 490 1106 ε
477 1066 625 1119 ζηνέχθη
644 1067 735 1114 τότε,
764 1069 809 1110 ὡς
833 1068 993 1117 ἐγκαλεῖν
1011 1082 1072 1104 και
1092 1067 1225 1118 μέμοε·

203 1132 283 1167 σθαι
297 1129 347 1165 τῶ
364 1128 482 1179 ἀνδρὶ,
504 1127 564 1166 καὶ
588 1128 736 1166 θάνατον
755 1129 912 1166 ἀπειλεῖν
929 1127 1009 1166 καθ’
1029 1130 1171 1175 ἑαυτης,
1194 1131 1224 1165 εἰ

204 1189 253 1238 μὴ
273 1189 388 1228 τέκοι·
407 1189 476 1233 Δὸς
495 1189 564 1242 γάρ
584 1204 642 1240 μοι
666 1189 773 1228 τέκνα
788 1218 798 1233 ,
828 1189 933 1241 φησίν
948 1205 956 1213 ·
975 1190 1005 1226 εἷ
1026 1191 1062 1227 δὲ
1084 1190 1148 1240 μὴ,
1165 1205 1222 1227 τε-

202 1251 360 1297 λευτήσω
375 1249 457 1302 ἐγώ.
488 1251 536 1288 Τί
553 1251 666 1289 τοίνυν
688 1253 856 1302 εὐφρᾶναι
877 1250 980 1288 αὐτὸν
1009 1251 1152 1290 δυνατὸν
1168 1246 1224 1298 ἦν,

203 1313 266 1357 τῆς
285 1311 347 1362 μὲν
375 1311 466 1351 οὕτω
487 1311 705 1362 ποθουμένης
731 1315 877 1350 τοιαῦτα
903 1312 1136 1363 ὀδυρομένης,
1154 1315 1224 1350 τῶν

204 1372 240 1410 δὲ
257 1373 390 1419 ταύτης
417 1374 574 1425 ἀδελφῶν
594 1373 889 1411 ἐπιδουλευόντων
909 1374 1004 1425 αὐτῷ
1030 1373 1090 1410 καὶ
1108 1373 1224 1412 πάντα

203 1434 440 1485 πραττόντων,
454 1435 548 1479 ὅπως
565 1437 612 1479 εἷς
626 1434 689 1481 τὴν
705 1434 858 1486 ἐσχάτην
874 1433 956 1486 ἔλθῃ
971 1434 1108 1482 πενίαν;
1130 1437 1175 1473 Εἰ
1189 1435 1224 1474 δὲ

204 1496 247 1533 τὰ
274 1496 383 1548 χωρὶς
407 1496 564 1549 ἱδρώτων
593 1496 816 1546 ἐπιδιδόμενα
842 1501 918 1540 ταῖς
944 1495 1116 1546 γυναιξὶν,
1141 1496 1224 1535 ὅταν

204 1559 408 1610 ἀφαιρῆται,
426 1556 560 1605 πολλὴν
577 1558 672 1609 φέρει
696 1557 759 1603 τὴν
789 1557 953 1607 ἀθυμίαν,
973 1561 991 1595 ὃ
1016 1558 1224 1596 κινδυνεύων

203 1618 290 1670 υπὲρ
308 1634 377 1657 των
408 1618 526 1661 πόνοις
544 1617 740 1664 κτηθέντων
768 1616 906 1660 οἰκείοις
931 1620 1007 1661 πῶς
1039 1618 1078 1655 ἂν
1103 1619 1224 1671 πράως

203 1678 332 1726 ταύτην
350 1679 475 1730 ἤνεγκε
493 1679 556 1725 τὴν
577 1678 723 1729 ζημίαν;
746 1678 954 1729 Αἷσθόμενος
975 1679 1087 1716 τοίνυν
1106 1679 1161 1718 ὅτι
1181 1680 1224 1716 δι’

203 1740 353 1792 υποψίας
365 1744 461 1793 εἰχον
488 1740 590 1778 αῧτὸν
605 1739 665 1777 καὶ
686 1738 936 1788 ὑπεὸλέποντο,
951 1740 1104 1778 λαθὼν
1085 1740 1221 1792 ανεχώ-

203 1816 305 1853 ρησεν
320 1803 367 1845 ὡς
395 1800 515 1853 φυγάς·
535 1804 574 1839 οὗ
601 1801 635 1838 τί
660 1799 785 1851 γένοιτ’
817 1799 858 1838 ἂν
882 1801 1130 1853 ἐλεεινότερον;
1152 1803 1223 1840 Και

200 1862 268 1914 γὰρ
287 1863 326 1901 ἐκ
341 1865 404 1910 τῆς
421 1861 551 1905 οἰκείας
567 1861 627 1900 καὶ
650 1862 691 1900 ἐκ
715 1864 778 1908 τ’ἦς
796 1862 982 1915 ἀλλοτρίας
999 1862 1088 1912 μετὰ
1107 1863 1223 1914 φόὸων

200 1924 262 1962 καὶ
279 1925 446 1963 κινδύνων
472 1923 706 1974 ἀποδημήσας
732 1926 781 1968 εἰς
801 1924 846 1962 τὰ
865 1924 954 1963 αὐτὰ
983 1924 1089 1962 πάλιν
1119 1925 1224 1975 ἐμπί-

200 2001 300 2025 πτειν
331 1986 490 2039 βάραθρα
523 1986 750 2038 ἠναγκάζετο.
781 1986 852 2025 Τὸν
886 1985 948 2036 μὲν
976 1986 1045 2038 γὰρ
1077 1986 1223 2038 ἀδελφὸν

201 2046 317 2100 φυγὼν
333 2042 419 2094 ἦλθε
437 2048 524 2100 πρὸς
541 2048 600 2086 τὸν
618 2046 803 2095 κηδεστὴν,
827 2047 895 2086 ὑπὸ
920 2046 956 2085 δὲ
971 2048 1092 2086 τούτου
1117 2048 1222 2086 πάλιν

201 2108 439 2159 ἐλαυνόμενος,
454 2111 502 2152 εἷς
516 2109 575 2147 τὸν
595 2109 742 2161 ἀδελφὸν
759 2108 946 2160 ἐμπίπτειν
962 2108 1120 2152 ἐὸιάζετο
1133 2124 1141 2131 ·
1163 2109 1223 2147 καὶ

201 2170 240 2208 τὸ
267 2171 481 2223 προφητικὸν
503 2171 613 2209 ἐκεῖνο
638 2170 824 2220 ὑπέμενεν,
851 2169 870 2207 ὃ
888 2170 970 2222 περὶ
997 2173 1059 2216 τῆς
1088 2175 1121 2220 ἦι
1144 2170 1222 2221 ε’ρας

202 2232 331 2284 Κυρίου
355 2232 460 2284 φησὶν
486 2235 504 2270 ὁ
532 2231 660 2282 Ἀμώς·
684 2231 753 2270 ζὈν
771 2230 900 2283 τρόπον
929 2231 988 2270 ἐάν
1016 2247 1067 2274 τις
1090 2232 1222 2283 ἐκφύγῃ

201 2294 271 2333 ἀπὸ
290 2295 479 2345 προσώπου
507 2292 664 2340 λέοντος,
692 2292 752 2330 καὶ
779 2291 916 2343 ἐμπέσῃ
952 2294 1045 2344 αὐτῷ
1077 2293 1222 2343 ἄρκτος,

201 2355 262 2393 καὶ
287 2355 484 2406 εἷσπηδήσῃ
506 2356 555 2397 εἰς
583 2353 647 2400 τὴν
676 2353 788 2391 οἰκίαν
808 2355 935 2400 αὐτοῦ,
963 2355 1023 2391 καὶ
1053 2354 1222 2406 ἀπερείσῃ

200 2415 264 2463 τὴν
293 2421 396 2468 χεῖρα
415 2417 520 2454 αὐτοῦ
549 2417 598 2458 εἰς
626 2415 685 2453 τὸν
709 2420 846 2465 τοῖχον,
878 2413 939 2451 καὶ
967 2415 1054 2465 δάκῃ
1084 2416 1223 2454 αὐτὸνὸ

200 2477 289 2529 ὄφις.
309 2476 357 2515 Τί
373 2476 409 2515 δὲ
425 2477 475 2514 δεῖ
499 2475 612 2527 λέγειν
628 2476 685 2514 τὸν
704 2475 832 2528 τρόμον
852 2475 889 2513 δν
906 2476 1043 2522 ὑπέστη
1060 2480 1221 2524 καταλη-

200 2538 295 2591 φθεὶς
313 2538 381 2576 ὑπὸ
397 2542 456 2576 τοῦ
473 2538 609 2585 Λᾶὅαν,
622 2537 683 2580 τὰς
711 2537 842 2589 θλίψεις
858 2537 921 2580 τὰς
939 2537 1030 2576 κατὰ
1046 2538 1110 2585 τὴν
1131 2541 1222 2578 ὁδοι-

199 2598 352 2652 πορίαν,
382 2598 594 2651 θρεμμάτων
618 2598 794 2637 τοσούτων
828 2599 887 2636 καὶ
917 2599 1053 2636 παίδων
1075 2601 1222 2638 ἀκολου-

200 2659 348 2699 θούντων
368 2662 478 2713 αὐτῷ,
498 2659 590 2698 Ἀλλ’
612 2659 732 2706 ἐπειδὴ
748 2659 812 2706 τὴν
832 2660 1020 2712 ἀδελφικὴν
1041 2661 1119 2712 ὄψιν
1137 2664 1220 2713 ὁρᾷν

201 2721 364 2771 ἔμελλεν,
387 2723 425 2761 οὗ
444 2722 550 2761 ταύτὸ
568 2721 702 2774 ἔπασχε
721 2727 792 2764 τοῖς
811 2724 919 2773 ὁρῶσι
948 2722 1013 2769 τὴν
1033 2723 1130 2774 παρὰ
1151 2730 1221 2767 τοῖς

200 2789 361 2831 ποιηταῖς
374 2782 618 2834 πλαττομένην
631 2783 688 2822 ὑπ’
702 2783 841 2821 ἐκείνων
859 2785 1026 2835 Γοργόνος
1045 2787 1219 2838 κεφαλῆνς

199 2845 264 2897 οὐχ
278 2848 326 2888 ὡς
342 2846 406 2892 τὴν
421 2845 480 2885 ἐπὶ
497 2844 643 2884 θάνατον
661 2845 788 2893 ἀπιὼν,
802 2845 911 2890 οὕτως
927 2846 1066 2884 ἅπαντα
1082 2848 1219 2886 διετάτ-

201 2920 294 2953 τετο;
313 2904 480 2944 Ἄκουσον
500 2907 569 2943 τῶν
600 2906 766 2957 ῥημάτων
799 2907 922 2953 αὐτοῦ,
950 2908 1010 2946 καὶ
1043 2908 1132 2956 μάθε
1157 2908 1219 2954 τὴν

202 2967 473 3017 ἐναποκειμένην
500 2967 603 3006 αὐτοῦ
624 2967 735 3019 φλόγα
762 2969 807 3018 τῇ
841 2969 958 3021 ψυχῇ·
991 2968 1134 3013 Ἐξελοῧ
1164 2985 1220 3020 με,

203 3027 328 3078 φησὶν,
352 3031 370 3066 ὁ
393 3027 498 3076 Θεὸς,
516 3033 530 3048 ¹¹
545 3030 585 3066 ἐκ
605 3028 721 3081 χειρὸς
740 3027 855 3068 ‘Hoetu
884 3033 944 3068 τοῦ
966 3030 1115 3081 ἀδελφοῦ
1135 3048 1219 3082 μου,

201 3086 254 3126 ὅτι
274 3089 448 3141 φοὸοῧμαι
472 3089 541 3141 ἐγὼ
569 3090 694 3137 αὐτὸν,
720 3089 856 3141 μήποτε
883 3090 991 3130 ἐλθὼν
1014 3092 1153 3145 πατάξῃ
1176 3111 1218 3145 με

204 3147 262 3186 καὶ
294 3150 429 3202 μητέρα
461 3150 518 3188 ἐπὶ
552 3149 698 3194 τέκνοις.
731 3151 783 3190 Σὺ
812 3151 849 3191 δέ
883 3168 941 3202 μοι
972 3147 1090 3201 εἶπας,
1123 3149 1159 3192 εὖ
1180 3171 1217 3194 σε

202 3208 351 3256 ποιήσω.
373 3211 493 3259 Πόσην
519 3214 580 3250 οὐκ
601 3212 642 3250 ἂν
664 3213 877 3265 εὐφροσύνην
898 3213 1058 3259 ἐξὲδαλεν
1087 3209 1182 3259 οὗτος
1204 3220 1221 3254 ὁ

206 3268 318 3318 φόὸος,
337 3273 365 3310 εἴ
381 3272 438 3310 καὶ
453 3272 567 3311 πάντα
583 3274 640 3312 τὸν
662 3273 855 3327 ἔμπροσθεν
877 3276 999 3328 χρόνον
1021 3278 1055 3314 ἐν
1078 3279 1219 3330 εὐθυμία

256 3421 266 3436 ·
290 3412 471 3448 (lullwrssni
490 3415 557 3448 duo
575 3424 604 3448 vt
623 3417 726 3450 Savil.
746 3423 775 3451 la
793 3427 900 3465 χειρός,
922 3420 1002 3453 Mur,
1027 3427 1055 3454 ιι
1082 3436 1138 3455 των
1155 3438 1203 3467 7³¹,
1237 3443 1257 3453 ,ι

2164 236 2249 294 243

1300 331 1390 368 mihi
1410 333 1572 370 mceroris
1592 333 1875 384 magnitudinem
1897 334 2036 372 asseris.
2058 333 2252 371 Considera

1299 392 1729 444 enim,quaeso‚quantum
1747 394 1808 432 ille
1821 394 1954 433 doloris
1967 410 2090 446 passus
2104 395 2162 440 sit,
2170 409 2252 433 cum

1300 453 1375 504 ejus
1393 467 1500 504 quam
1531 456 1579 493 ita
1607 455 1833 494 vehementer
1866 456 2041 507 diligebat
2067 455 2252 494 fraudatus

1300 515 1537 566 amplexibus,
1561 517 1731 567 illiusque
1760 517 1937 554 connubia
1956 517 2174 566 desiderans,
2193 531 2250 555 se—

1301 583 1395 626 ptem
1407 588 1530 614 rursus
1546 591 1720 615 annorum
1735 577 1907 615 dilatione
1916 578 2094 616 cruciatur
2098 579 2253 641 ‚frigora

1301 644 1334 672 et
1348 645 1454 675 aestus
1474 647 1507 675 et
1526 639 1670 689 vigilias
1692 648 1727 676 et
1761 638 1972 676 detrimenta
1997 650 2166 692 perpetua
2188 655 2254 692 pa-

1301 696 1402 734 tiens.
1427 698 1480 735 Ea
1500 707 1617 736 tamen
1633 699 1710 751 ipsa
1728 699 1864 751 potitus
1880 698 2038 744 tandem,
2059 701 2119 737 xix
2123 714 2254 751 ensque

1301 756 1397 809 apud
1411 772 1572 796 socerum
1590 761 1702 797 vitam
1730 760 1899 797 aerumnis
1927 769 1960 797 et
1976 759 2161 798 laboribus
2179 762 2255 812 ple-

1300 831 1405 864 nam,
1435 819 1486 856 sie
1516 834 1656 870 quoque
1682 820 1830 858 invidiae
1857 820 1988 871 patuit,
2010 829 2043 857 et
2061 821 2253 859 secundam

1299 878 1460 916 fraudem
1488 880 1523 917 in
1551 881 1775 919 mercedibus
1796 895 1933 933 passus,
1958 890 1997 917 ut
2017 882 2093 932 ipse
2112 895 2253 932 quoque

1299 939 1404 977 illum
1434 942 1619 992 arguerit,
1639 942 1762 980 dicens
1785 958 1793 978 ε
1812 943 2007 993 Decepisti
2037 956 2098 979 me
2122 944 2251 981 decem
2273 955 2345 980 0211.
2379 956 2428 986 32,

1299 1005 1423 1053 agnis.
1454 1004 1533 1040 Una
1567 1017 1651 1040 vero
1673 1017 1753 1041 cum
1785 1017 1906 1041 socero
1939 1017 2095 1041 uxorum
2126 1004 2253 1042 fratres
2269 997 2284 1031 4

1299 1063 1414 1113 magis
1428 1064 1535 1101 etiam
1553 1064 1725 1102 adversus
1747 1064 1851 1102 illum
1869 1064 2003 1101 efferati
2019 1064 2254 1103 excandesce-

1298 1124 1399 1161 bant.
1422 1125 1529 1171 Quod
1549 1135 1669 1162 autem
1689 1135 1762 1162 erat
1790 1126 1958 1163 omnibus
1976 1126 2137 1176 gravius,
2162 1141 2254 1164 uxor

1298 1185 1363 1223 illa
1381 1194 1453 1223 tam
1473 1185 1619 1234 dilecta,
1649 1187 1752 1236 cujus
1782 1187 1896 1237 gratia
1915 1186 1972 1224 bis
1995 1196 2129 1239 septem
2150 1188 2252 1225 annis

1298 1247 1436 1284 servire
1452 1247 1642 1299 delegerat,
1652 1261 1724 1299 prae
1738 1248 1898 1286 molestia
1910 1248 2254 1296 suffocabam-‚cum

1298 1321 1454 1346 sororem
1474 1322 1576 1346 suam
1596 1309 1791 1360 parientem
1810 1318 1982 1357 cerneret,
2005 1323 2041 1346 se
2060 1323 2144 1347 vero
2157 1312 2255 1348 omni

1299 1368 1461 1420 pariendi
1486 1383 1547 1420 spe
1565 1368 1787 1414 destitutam,
1819 1379 1925 1419 atque
1945 1370 1981 1406 in
2001 1378 2139 1407 tantum
2169 1379 2251 1407 tunc

1299 1443 1482 1467 excessum
1505 1444 1551 1467 ex
1566 1430 1678 1468 animi
1693 1443 1842 1467 moerore
1859 1429 2065 1475 devenerat,
2081 1440 2119 1468 ut
2131 1431 2254 1469 crimi-

1300 1490 1406 1528 nibus
1421 1500 1455 1529 et
1475 1490 1628 1541 querelis
1645 1490 1794 1541 agitaret
1814 1490 2183 1543 virum‚mortemque
2206 1493 2252 1530 si-

1298 1551 1410 1589 bimet
1428 1551 1663 1590 obventuram
1685 1552 1895 1597 minaretur,
1921 1553 1989 1591 nisi
2007 1563 2166 1605 pareret,
2187 1556 2252 1592 Da
2272 1570 2420 1599 0223«)st
2436 1579 2460 1597 ‚⁴

1300 1614 1408 1659 mihi,
1438 1612 1616 1662 inquiens,
1652 1613 1806 1661 liberos,
1828 1613 1977 1663 alioqui
2008 1617 2156 1651 moriar
2169 1628 2250 1663 ego.

1299 1673 1490 1719 Quomodo
1502 1673 1563 1711 ille
1577 1673 1690 1711 laetari
1709 1683 1861 1725 poterat,
1883 1688 1965 1712 cum
1981 1688 2020 1712 ea
2036 1689 2143 1725 quam
2161 1675 2250 1713 dili-

1303 1733 1469 1784 gebatsic
1483 1735 1608 1772 affecta
1622 1743 1725 1781 esset,
1743 1735 1938 1785 fratresque
1958 1734 2057 1773 illius
2077 1736 2146 1787 ipsi
2166 1737 2253 1774 insi-

1298 1794 1483 1833 diarentur
1497 1795 1687 1846 omniaque
1709 1795 1930 1843 molirentur,
1942 1806 1980 1833 ut
1994 1796 2055 1835 ille
2069 1797 2114 1835 ad
2132 1807 2253 1836 extre-

1299 1870 1394 1893 mam
1413 1856 1597 1894 deveniret
1616 1856 1800 1908 inopiam?
1817 1858 1908 1895 Nam
1932 1858 1962 1895 si
1992 1872 2044 1905 ea,
2073 1873 2152 1909 quae
2175 1860 2250 1898 sine

1297 1917 1428 1956 sudore
1445 1917 1539 1956 dotis
1567 1918 1710 1956 nomine
1735 1917 1929 1956 traduntur
1960 1919 2148 1966 uxoribus,
2170 1934 2252 1958 cum

1297 1980 1379 2030 quis
1397 1979 1605 2028 abstulerit,
1624 1979 1786 2018 maximo
1813 1994 1964 2018 moerore
1995 1980 2201 2018 afficimur:
2223 1983 2252 2019 is

1297 2040 1360 2092 qui
1377 2040 1647 2093 periclitabatur
1657 2054 1696 2078 ea
1711 2054 1790 2091 quae
1800 2041 1950 2078 summis
1961 2041 2146 2079 laboribus
2160 2056 2256 2092 quae·

1297 2104 1403 2142 sierat
1427 2104 1602 2152 amittere,
1623 2117 1694 2153 quo
1713 2103 1833 2141 animo
1854 2104 1944 2141 ferre
1973 2117 2011 2141 ea
2039 2103 2252 2142 detrimenta

1297 2164 1470 2216 poterat?
1496 2164 1588 2201 Cum
1622 2163 1732 2214 igitur
1767 2162 1866 2201 haud
1889 2164 2039 2203 obscure
2068 2174 2252 2216 suspectus

1298 2234 1407 2273 esset,
1423 2239 1552 2274 eosque
1572 2238 1608 2262 se
1623 2225 1797 2262 intuentes
1813 2235 1990 2273 cerneret,
2013 2225 2105 2263 clam
2130 2227 2251 2278 sugam

1298 2288 1413 2326 iniens
1425 2287 1584 2325 discessit
1595 2302 1603 2323 :
1613 2300 1684 2336 quo
1693 2286 1778 2336 quid
1790 2286 1862 2324 dici
1873 2287 2110 2325 miserabilius
2119 2289 2227 2340 possit
2236 2290 2252 2325 2·

1296 2350 1387 2386 Nam
1401 2359 1494 2387 etex
1515 2358 1659 2400 paterna
1679 2347 1787 2385 domo
1806 2358 1898 2386 etex
1917 2349 2030 2386 aliena
2051 2363 2133 2386 cum
2153 2360 2250 2388 metu

1297 2423 1337 2446 ac
1353 2409 1524 2461 periculis
1542 2409 1700 2459 migrans
1712 2439 1722 2455 ‚
1743 2409 1777 2446 in
1795 2408 1917 2446 endem
1933 2419 2112 2461 praerupta
2129 2425 2250 2447 rursus

1297 2470 1489 2521 cogebatur
1508 2469 1676 2507 incidere.
1693 2469 1839 2521 Quippe
1861 2469 2007 2507 sratreiu
2040 2470 2190 2520 fugiens,
2215 2486 2250 2507 st·

1295 2532 1340 2570 ad
1360 2545 1520 2569 socerum
1550 2530 1759 2570 contulerat.
1780 2546 1797 2566 ει
1814 2544 1886 2580 quo
1900 2531 2029 2568 iteruin
2049 2531 2249 2581 exagitatus.

1295 2593 1341 2630 ad
1360 2593 1503 2630 fratrem
1525 2590 1642 2628 redire
1657 2590 1864 2640 cogebatur.
1892 2590 2141 2643 propheticum
2158 2591 2247 2629 illud

1261 2680 1268 2687 ,
1297 2667 1432 2706 passus,
1455 2651 1551 2703 quod
1569 2651 1614 2688 dc
1631 2650 1690 2688 die
1710 2650 1854 2688 Domini
1870 2651 1957 2689 dicit
1979 2656 2087 2690 Ainos
2105 2668 2112 2688 :
2137 2654 2248 2691 Velit!
2269 2677 2365 2699 *mm*
2393 2672 2420 2699 5„

1296 2720 1326 2752 si
1347 2720 1432 2767 quis
1452 2716 1581 2765 fugiat
1612 2726 1637 2750 a
1654 2714 1769 2766 facie
1785 2712 1920 2757 lconis,
1944 2722 1981 2751 et
2006 2724 2183 2752 occurrat
2215 2719 2250 2753 ei
2274 2727 2306 2750 ιε’

1295 2791 1421 2824 ursus,
1432 2779 1701 2827 ingressusque
1715 2777 1757 2811 in
1772 2775 1926 2812 domum
1940 2788 2049 2812 suam
2063 2785 2098 2812 ee
2110 2781 2247 2826 parieti

1296 2852 1432 2876 manus
1449 2838 1649 2888 applicans
1675 2836 1899 2873 mordeatur
1916 2851 1940 2873 a
1960 2837 2135 2875 colubro.
2157 2839 2249 2886 Quis

1294 2914 1374 2936 cuni
1396 2908 1514 2936 autem
1534 2907 1721 2934 tremum-iu
1736 2910 1899 2934 enarrare
1912 2898 2034 2949 possit,
2047 2912 2150 2948 quem
2172 2914 2248 2949 'wr-

1294 2975 1414 3013 pessus
1441 2968 1491 2997 cst
1525 2958 1800 3010 ruiuprelwnsus
1825 2973 1843 2995 a
1876 2960 2010 3002 haban.
2042 2960 2247 3010 itinerisque

1292 3023 1577 3072 augustius‚cu¹u
1591 3033 1625 3057 se
1644 3028 1716 3057 tam
1737 3032 1964 3056 munci-osuin
1984 3034 2091 3071 perus
2109 3021 2247 3071 filiique

1294 3083 1346 3120 sui
1374 3081 1627 3134 smpnweutur'?
1660 3081 1835 3118 (kt-terum
1858 3094 1939 3117 cum
1966 3080 2086 3118 fratris
2121 3082 2246 3119 faeiem

1294 3156 1379 3184 esset
1398 3147 1633 3198 inspecturus.
1655 3157 1768 3181 nonne
1789 3143 1882 3181 idem
1903 3158 2027 3196 passus
2053 3153 2118 3186 est.
2150 3147 2245 3195 quod

1295 3213 1391 3265 apud
1412 3222 1530 3265 poetas
1549 3211 1609 3262 qui
1632 3211 1754 3248 Ιὶι-Ιιιιιι
1782 3219 1887 3262 eaput
1901 3211 2081 3261 Gorgonis
2100 3211 2218 3249 xidom
2234 3216 2249 3248 i·

1297 3292 1410 3317 nonne
1428 3279 1472 3315 ita
1494 3277 1848 3330 perminii-1:issi-ctus
1869 3286 1955 3325 erat,
1977 3291 2016 3314 ac
2039 3278 2066 3316 si
2087 3278 2130 3316 ml
2153 3294 2227 3316 inni>

1980 3483 2024 3516 Ιιῐ
