2253 3830
35 265 93 296 XX
967 252 1194 286 monn-uu.

33 359 114 385 men
135 343 197 384 ille
219 342 341 394 magni
362 341 521 379 criminis
543 339 621 376 loeo
645 337 777 376 habere
798 337 942 376 videtur
957 335 995 374 in
1016 334 1137 388 priore
1153 332 1345 387 paraenesi,
1364 331 1424 369 ubi
1456 331 1531 369 baec
1554 340 1793 371 recensentur.
1814 334 2019 373 Secundum
2039 334 2115 375 haee

32 414 256 453 autem,cum
275 404 331 443 vel
348 403 429 441 aliis
444 400 697 450 referentibus,
714 400 772 439 vel
790 414 854 453 per
868 399 983 452 ipsius
997 396 1183 438 Theodori
1200 396 1323 434 literas
1342 392 1550 445 accepisset,
1568 393 1801 433 Theodorum
1822 395 1901 434 ideo
1920 396 1955 434 in
1975 398 2116 449 negotia

32 467 217 506 saecularia
235 479 272 504 se
293 463 502 508 immisisse,
526 471 565 500 ut
583 471 812 514 paternarum
832 474 952 500 rerum
983 457 1264 499 sollicitudinem
1294 464 1449 508 gereret,
1472 455 1688 494 Hermionen
1709 470 1850 506 amare,
1885 466 1924 495 ut
1951 471 2029 496 eam
2047 458 2118 497 du-

32 539 125 568 ceret
142 543 313 577 uxorem3
335 541 405 566 non
421 526 530 564 tantis
549 525 693 576 quidem
706 555 715 572 ‚
737 525 882 576 quantis
899 533 1022 571 antea,
1043 522 1266 575 implicatum
1288 519 1391 557 malis
1409 519 1640 557 Theodorum
1659 533 1734 558 esse
1752 521 1908 572 putavit;
1926 520 1989 560 sed
2006 535 2075 560 non
2095 537 2116 561 a

30 592 136 643 culpa
168 590 323 628 liberum
350 589 478 635 duxit,
495 597 533 626 ut
562 602 624 640 per
649 597 758 626 totam
785 586 978 626 secundam
1004 585 1193 639 epistolam
1221 582 1378 628 indicat,
1400 581 1504 633 cujus
1527 582 1716 620 exordium
1749 591 1802 621 est
1828 582 2037 634 hujusmodi
2054 585 2118 624 :St

23 654 143 707 fletus
158 661 313 705 possent
331 661 367 691 et
383 655 547 704 gemitus
565 665 635 703 per
654 651 788 688 literas
816 651 988 688 exhiberi
999 678 1010 697 ,
1029 650 1088 686 his
1108 647 1296 698 repletam
1317 644 1519 696 epistolam
1547 645 1602 681 ad
1626 653 1663 682 te
1694 648 1896 683 misissem.
1919 647 2116 698 Equidem

20 715 105 767 fleo
118 745 131 762 ,
155 729 234 753 non
254 715 358 767 quod
373 722 625 766 paternarum
648 726 773 750 rerum
793 712 1094 750 sollicitudinem
1115 722 1246 762 geras,
1266 707 1334 745 sed
1359 707 1464 758 quod
1481 720 1529 743 ex
1548 707 1719 756 fratrum
1744 717 1778 744 te
1803 707 1991 759 catalogo
2007 709 2117 748 dele.

31 782 137 817 veris
153 806 165 825 ,
192 779 298 830 quod
322 786 440 829 pacta
471 790 558 814 cum
586 777 741 813 Christo
769 778 872 813 inita
890 775 1116 813 calcaveris.
1136 774 1191 810 Dc
1210 770 1386 808 connubio
1405 778 1523 807 autem
1547 769 1621 807 baec
1640 769 1745 807 habet
1766 784 1800 822 p.
1820 769 1872 809 58
1896 785 1905 807 :
1925 771 2116 823 Legitima

29 851 91 877 res
112 846 167 877 est
189 841 410 891 eonjugium
425 867 434 884 ,
461 838 503 874 id
531 850 600 888 ego
613 837 795 889 fateor...
814 836 883 874 sed
904 837 972 873 tibi
1000 836 1085 886 jam
1105 847 1183 871 non
1201 841 1255 870 est
1277 834 1470 884 integrum
1491 833 1588 883 jura
1611 833 1796 869 connubii
1819 845 1985 871 servare.
2007 834 2112 872 Eum

29 902 144 948 enim,
164 903 231 953 qui
249 901 368 939 semel
399 901 543 938 coelestt'
569 912 705 950 sponso
730 901 890 951 junctus
910 907 982 946 est,
1006 899 1039 934 si
1064 898 1113 934 ab
1145 896 1214 933 illo
1241 895 1453 933 divellatur
1472 904 1507 932 et
1528 908 1688 932 uxorem
1715 894 1855 942 ducat,
1876 894 2114 934 adulterium

28 963 235 1000 admittere
261 970 408 1000 certum
437 969 504 999 est.
534 961 626 998 Puto
654 969 774 998 autem
799 959 1031 998 Theodorum
1050 955 1203 1008 acceptis
1230 955 1411 1008 prioribus
1438 953 1683 1006 Chrysostomi
1710 954 1895 1006 epistolis,
1916 954 2049 1006 quibus
2066 954 2113 994 de

27 1024 261 1063 saecularibus
279 1024 452 1076 susceptis
472 1023 622 1075 negotiis
635 1053 645 1071 ‚
664 1031 698 1061 et
717 1022 761 1061 de
782 1021 990 1060 Hermiones
1013 1033 1133 1057 amore
1152 1018 1432 1071 redarguebatur
1445 1049 1455 1066 ‚
1475 1019 1522 1056 ad
1540 1017 1596 1056 sui
1613 1017 1880 1056 excusationem
1900 1031 1964 1070 per
1978 1018 2114 1070 episto-

27 1086 82 1125 las
100 1095 134 1126 et
151 1096 381 1140 paternarum
400 1100 518 1124 rerum
541 1099 683 1134 curam,
700 1094 734 1123 et
756 1085 962 1137 conjugium
985 1097 1066 1121 cum
1089 1081 1279 1119 Hermione
1301 1080 1497 1118 ineundum
1517 1080 1552 1118 in
1580 1080 1739 1118 medium
1759 1080 1932 1119 attulisse.
1955 1081 2059 1120 Certe
2075 1082 2112 1121 in

23 1150 186 1203 epistola:
202 1158 390 1203 postremae
415 1149 511 1187 oelce
530 1158 631 1200 rogat
649 1147 884 1186 Theodorum
906 1146 1206 1199 Clu-ysostomus‚
1228 1153 1267 1182 ut
1289 1143 1358 1182 sibi
1379 1143 1571 1181 rescribere
1587 1142 1774 1194 dignetur3
1795 1143 1826 1182 si
1847 1151 1898 1181 tot
1917 1143 2031 1182 literis
2048 1158 2114 1183 an-

28 1222 84 1252 tea
102 1214 236 1261 missis,
254 1213 346 1251 nihil
363 1212 618 1266 respondisset,
639 1211 894 1264 objurgatur-us
913 1224 995 1249 eum
1015 1209 1113 1247 haud
1131 1208 1243 1246 dubie
1261 1217 1334 1246 erat
1352 1207 1631 1260 Cbrysostomus
1648 1206 1695 1245 de
1710 1216 1806 1245 tanto
1819 1206 1975 1246 silentio.

82 1277 148 1316 His
171 1290 238 1328 ego
263 1276 311 1314 de
338 1277 456 1314 causis
484 1275 611 1315 Savilii
639 1283 673 1312 et
700 1274 890 1313 Frontonis
917 1273 1080 1324 vestigiis
1112 1272 1276 1310 insistens
1304 1285 1415 1309 unum
1433 1271 1541 1308 fuisse
1560 1270 1793 1309 Theodorum
1813 1279 1923 1323 puto,
1943 1269 1990 1309 ad
2007 1284 2115 1322 quem

28 1347 178 1389 utraque
196 1337 387 1389 paraenesis
406 1337 515 1374 missa
534 1337 616 1373 suit.
636 1337 800 1386 Utraque
819 1345 912 1372 certe
929 1333 975 1371 ad
995 1332 1160 1371 eumdem
1184 1332 1418 1370 Theodorum
1439 1331 1650 1370 inscribitur
1669 1331 1705 1370 in
1728 1332 1897 1370 omnibus
1914 1333 2114 1370 manuscri-

27 1401 114 1453 ptis,
131 1414 285 1452 quorum
300 1399 447 1450 quidam
466 1397 710 1436 remotissimoe
730 1397 914 1436 vetustatis
933 1405 1038 1435 sunt:
1057 1396 1143 1447 πρὸς
1160 1395 1217 1434 τὸν
1237 1395 1338 1433 αὐτὸν
1359 1395 1556 1447 Θεόδωρον,
1572 1396 1644 1433 Ad
1658 1396 1833 1433 eumdem
1858 1396 2113 1445 Theodorum,

26 1463 159 1502 habent
179 1476 322 1500 omnes:
349 1461 440 1500 duos
459 1470 579 1499 autem
599 1459 808 1498 Theodoros
825 1459 1063 1507 comminisci,
1083 1471 1237 1510 quorum
1254 1467 1403 1509 uterque
1423 1471 1505 1495 cum
1520 1457 1776 1510 Chrysostomo
1793 1458 2114 1510 societatejunctus

26 1541 125 1566 sacro
153 1526 295 1565 cuidam
317 1525 422 1564 coetui
447 1539 484 1563 se
511 1523 716 1571 addixerit,
736 1533 885 1575 uterque
912 1523 1105 1571 resilierit,
1135 1531 1284 1573 uterque
1315 1530 1502 1560 revocatus
1532 1521 1641 1560 suerit
1665 1535 1685 1559 a
1709 1521 1986 1574 Chrysostomo,
2004 1520 2114 1574 idque

27 1590 128 1629 nullo
148 1599 291 1628 auctore
306 1602 421 1640 exque
439 1587 582 1626 levibus
603 1587 838 1640 conjecturis,
855 1586 892 1625 id
912 1587 1044 1625 mirum
1064 1594 1239 1637 quantum
1257 1585 1448 1623 abhorreat
1469 1585 1514 1622 ab
1533 1584 1698 1623 instituto
1717 1598 1807 1623 meo.

80 1653 184 1693 Circa
204 1665 338 1690 annum
355 1682 365 1699 ‚
385 1665 457 1703 quo
475 1651 531 1689 bae
549 1650 631 1689 duae
650 1650 792 1703 scriptae
811 1659 895 1688 sunt
914 1649 1072 1688 homiliae
1092 1663 1162 1688 non
1182 1648 1322 1686 modica
1345 1657 1397 1687 est
1415 1647 1624 1687 difficultas.
1649 1647 1709 1686 Ait
1728 1647 1904 1686 Baronius
1923 1655 2114 1699 utramque

27 1715 222 1768 paraenesin
241 1729 260 1753 a
280 1714 561 1767 Chrysostomo‚
582 1713 672 1752 dum
703 1713 739 1752 in
769 1713 951 1752 montibus
979 1712 1124 1764 degeret
1148 1711 1344 1760 solitarius,
1366 1710 1414 1749 ad
1431 1711 1663 1750 Theodorum
1683 1711 1829 1750 missam
1851 1711 1973 1749 fuisse.
1995 1711 2112 1750 Tille-

27 1777 186 1816 montius
201 1791 286 1815 vero
307 1790 353 1814 ex
371 1776 602 1829 praejudicata
622 1775 791 1828 opinione
810 1775 958 1826 loquens
971 1805 982 1824 ‚
1003 1774 1048 1812 de
1066 1774 1181 1827 prima
1201 1773 1248 1812 ad
1266 1773 1379 1811 alium
1391 1803 1403 1823 ‚
1426 1782 1466 1811 ut
1483 1781 1585 1826 putat
1604 1773 1676 1821 ille,
1691 1788 1799 1825 quam
1820 1775 2113 1826 mopsuestenum

27 1838 136 1877 missa
156 1836 194 1875 id
212 1836 357 1876 concedi
378 1850 484 1889 posse
503 1845 626 1889 putat;
652 1835 699 1874 de
714 1835 868 1874 secunda
887 1835 1046 1874 minime.
1063 1834 1137 1882 Qui
1159 1834 1187 1872 si
1209 1833 1519 1872 animadvertisset
1536 1833 1629 1871 illud
1647 1833 1744 1885 quod
1762 1833 1798 1871 in
1817 1833 1888 1872 fine
1906 1834 2030 1887 primae
2050 1834 2113 1874 di-

26 1899 135 1946 citur,
151 1899 300 1952 perinde
321 1899 367 1937 de
388 1898 505 1950 prima
523 1907 629 1949 atque
644 1897 690 1936 de
709 1897 864 1936 secunda
889 1910 958 1935 non
978 1910 1081 1949 posse
1100 1895 1247 1934 concedi
1266 1895 1429 1934 dicturus
1447 1904 1536 1936 erat.
1556 1895 1616 1934 Sic
1635 1895 1730 1933 enim
1747 1895 1900 1947 primam
1918 1897 2113 1948 paraenesin

28 1961 185 2002 claudit:
207 1961 310 2013 μόνον
340 1960 390 2011 μὴ
419 1961 603 2012 ἀπογνῷς,
631 1960 720 2010 μηδὲ
748 1959 948 2011 ἀναπέσῃς·
965 1963 1067 1997 τοῦτο
1095 1958 1164 2011 γάρ
1189 1973 1242 1996 σοι
1269 1957 1329 1996 καὶ
1355 1957 1454 2011 παρὰ
1478 1957 1595 1995 πάντα
1621 1957 1679 1996 τὸν
1705 1956 1829 2009 λόγον,
1851 1958 1911 1996 καὶ
1930 1958 2016 1998 ὅπου
2035 1958 2112 1998 δ’ἂν

28 2023 113 2071 ἴδω,
138 2025 198 2063 καὶ
223 2025 266 2062 δι’
292 2023 420 2076 ἑτέρων
448 2025 487 2062 οὐ
506 2023 691 2073 παύσομαι
713 2022 904 2074 ἐπιλέγων·
930 2021 994 2060 κᾶν
1018 2021 1142 2060 τούτου
1162 2020 1332 2073 ἀκούσῃς,
1360 2020 1476 2059 οὐκέτι
1493 2020 1602 2073 δεήσῃ
1629 2021 1825 2074 φαρμάκων
1847 2021 1988 2075 ἑτέρων.
2011 2023 2041 2060 I.
2076 2037 2110 2062 e.

35 2088 208 2126 Tantum
229 2100 276 2124 ne
293 2087 466 2138 desperes
479 2115 488 2133 ‚
513 2100 636 2137 neque
663 2087 863 2124 concidas.
882 2086 969 2124 Hoc
990 2088 1094 2122 enim
1121 2087 1191 2122 tibi
1210 2089 1252 2122 in
1275 2086 1401 2122 omnis
1420 2087 1605 2123 sermonis
1631 2098 1851 2136 congressu,
1880 2087 2114 2137 ubicumque

27 2158 64 2187 te
81 2149 238 2197 videro,
259 2157 296 2186 et
328 2148 496 2186 aliorum
516 2150 634 2186 etiam
655 2161 720 2185 ore
740 2155 911 2195 repetere
931 2160 1010 2184 non
1028 2149 1186 2184 cessabo
1201 2162 1214 2186 .·
1238 2147 1344 2197 quod
1361 2149 1394 2184 si
1415 2146 1603 2193 audieris,
1624 2146 1716 2184 aliis
1741 2145 1908 2196 amplius
1933 2147 2113 2184 remediis

29 2224 107 2248 non
133 2213 274 2259 egebis.
301 2210 342 2248 In
369 2210 447 2248 loco
478 2209 588 2261 igitur
617 2219 692 2247 erat
720 2210 997 2261 Cbrysostomus
1013 2238 1021 2252 ,
1039 2208 1102 2245 ubi
1133 2222 1214 2246 cum
1234 2207 1427 2246 Theodoro
1455 2207 1606 2259 negotiis
1625 2216 1658 2245 et
1677 2207 1924 2259 voluptatibus
1943 2207 2112 2248 immerso

28 2271 216 2323 congredi,
237 2272 425 2323 ipsumque
448 2285 537 2310 casu
567 2270 748 2308 offendere
767 2280 800 2308 et
829 2270 953 2308 videre
977 2279 1133 2322 poterat,
1153 2279 1258 2321 atque
1284 2270 1372 2308 adeo
1391 2269 1604 2308 Antiochiae.
1622 2269 1734 2320 quue
1749 2268 1794 2307 de
1809 2267 1962 2307 secunda
1978 2269 2113 2322 pariter

26 2334 184 2372 oratione
211 2333 407 2372 dicendum
430 2348 438 2370 :
457 2347 564 2384 quam
584 2347 603 2371 a
624 2333 882 2385 Cbrysostomo
913 2332 1046 2370 editam
1068 2341 1102 2370 et
1128 2332 1273 2370 missam
1301 2332 1408 2370 fuisse
1433 2332 1600 2384 opinatur
1619 2331 1872 2371 Tillemontius
1889 2345 1982 2370 anno
2000 2330 2112 2370 circi-

27 2406 81 2435 ter
98 2398 188 2435 569.
208 2397 312 2435 Hunc
331 2411 416 2434 vero
434 2411 568 2434 annum
599 2410 663 2448 pro
684 2405 834 2446 utraque
861 2395 1030 2448 paraenesi
1050 2395 1201 2434 libenter
1218 2404 1253 2433 et
1271 2409 1336 2447 ego
1358 2396 1546 2435 statuerim
1561 2425 1570 2441 ,
1593 2394 1751 2432 maxime
1770 2394 1854 2444 quia
1873 2407 1948 2433 non
1967 2392 2113 2432 videtur

27 2457 119 2495 alius
138 2457 359 2496 commodior
377 2471 490 2495 annus
511 2457 659 2495 indicari
679 2473 688 2495 ι
712 2458 778 2495 etsi
807 2471 877 2495 non
896 2457 1037 2495 modica
1057 2457 1254 2496 difficultas
1278 2466 1448 2508 exsurgat
1466 2457 1559 2495 circa
1586 2457 1691 2495 illum
1717 2470 1856 2495 sacrum
1887 2464 2036 2502 coetum,
2051 2454 2111 2494 cui

27 2533 153 2558 nomen
180 2520 353 2559 dederant
374 2522 526 2560 Joannes
545 2520 824 2573 Clu-ysostomus
847 2529 879 2558 et
896 2520 1111 2559 Theodorus
1129 2537 1136 2557 :
1159 2520 1221 2559 sed
1242 2520 1336 2559 illud
1355 2529 1534 2569 accurate,
1549 2529 1723 2572 quantum
1742 2520 1794 2557 fas
1812 2519 1892 2566 erit,
1908 2518 2114 2558 excutietur

28 2583 65 2621 in
86 2583 169 2622 Vita
186 2584 434 2636 Chrysostomi
454 2584 501 2622 ad
518 2583 649 2623 calcem
669 2584 778 2636 hujus
792 2584 957 2622 editionis
981 2583 1201 2622 adornanda.

84 2647 262 2686 Monitum
283 2648 448 2685 lectorem
467 2648 592 2695 velim,
608 2647 716 2699 paulo
735 2657 816 2686 ante
835 2648 942 2685 finem
963 2648 1087 2699 prima:
1105 2646 1293 2700 paraenesis
1312 2662 1347 2699 p.
1364 2648 1431 2696 99,
1460 2648 1504 2693 B,
1530 2646 1589 2684 ubi
1610 2646 1728 2697 agitur
1742 2645 1787 2683 de
1801 2644 1958 2696 quodam
1974 2645 2110 2697 juvene

31 2710 197 2748 Phoenice
214 2709 355 2748 Urbani
381 2709 456 2747 filio
481 2709 614 2754 divite,
628 2709 688 2761 qui
711 2719 898 2761 postquam
919 2709 966 2747 ad
986 2719 1121 2747 montes
1138 2723 1219 2747 eum
1244 2709 1427 2747 monacbis
1443 2708 1663 2754 secessisset,
1690 2707 1822 2745 relictis
1844 2717 1963 2760 postea
1983 2720 2111 2746 mona-

29 2772 120 2819 cbis,
139 2771 313 2822 voluptati
333 2781 366 2808 et
387 2771 529 2809 libidini
547 2772 580 2809 in
599 2771 687 2809 urbe
705 2771 850 2809 deditus
872 2780 964 2818 erat;
982 2771 1019 2809 id
1033 2770 1130 2821 quod
1149 2770 1321 2822 adjicitur
1334 2770 1378 2808 de
1396 2771 1526 2808 sanctis
1546 2770 1633 2807 viris
1653 2770 1714 2820 qui
1729 2769 1832 2807 illum
1850 2768 1896 2807 ad
1920 2769 2108 2821 pristinam

30 2834 140 2872 vitam
159 2832 325 2870 reducere
348 2833 546 2881 tentabant,
572 2844 606 2871 et
631 2842 670 2871 ut
693 2834 819 2871 Graeca
843 2833 992 2880 babent,
1008 2833 1123 2872 εἴποτε
1144 2826 1232 2871 εἶδον
1249 2832 1402 2884 φανέντα
1422 2833 1480 2870 ἐπὶ
1499 2835 1561 2878 τῆς
1583 2833 1725 2883 ἀγορᾶς,
1745 2831 1805 2868 καὶ
1824 2831 2026 2883 προσῄεσαν
2048 2829 2110 2869 καὶ

30 2898 229 2942 ἠσπάζοντο
246 2894 366 2945 (quod
388 2909 449 2932 nos
470 2895 666 2944 vertimus,
686 2898 720 2934 si
739 2896 898 2948 quando
927 2896 1107 2933 viderent
1134 2897 1174 2932 in
1190 2895 1310 2948 jot-o,
1337 2895 1574 2932 accedebant
1595 2903 1630 2930 et
1650 2894 1984 2945 amplectebantur
2004 2899 2107 2942 eum)

32 2957 136 3004 illud,
159 2958 305 3008 inquam
326 2957 548 2996 commodius
567 2959 658 2996 verti
680 2973 794 3011 posse,
817 2959 1050 2996 accedebant
1069 2966 1105 2995 et
1122 2958 1349 2996 salutabant
1369 2971 1467 2995 eum.
1489 2956 1591 2993 Prior
1611 2956 1853 3008 interpretatio
1871 2955 2004 3004 optime
2019 2969 2111 3006 qua·

29 3018 171 3064 draret,
189 3017 255 3055 nisi
284 3032 323 3055 ea
353 3032 432 3068 quae
455 3032 537 3056 mox
557 3029 755 3070 sequuntur
775 3020 958 3071 posteriori
980 3019 1092 3070 magis
1118 3020 1276 3057 faverent
1297 3035 1304 3056 :
1326 3028 1362 3057 et
1383 3019 1574 3070 principio
1594 3019 1749 3069 quidem
1769 3017 1837 3054 ille
1852 3031 1951 3068 equo
1970 3025 2109 3055 vectus

31 3086 272 3132 insequentes
292 3080 382 3118 illos
403 3082 556 3132 oblique
576 3082 862 3134 alloquebatur.
876 3082 980 3133 Equo
996 3090 1137 3120 vectum
1151 3083 1304 3120 salutare
1321 3081 1461 3119 facilius
1476 3092 1544 3132 est,
1565 3095 1671 3132 quam
1689 3079 1855 3132 amplecti
1873 3094 1880 3115 :
1900 3079 2106 3128 ἀσπάζομαι

31 3151 148 3181 autem
169 3151 359 3192 utrumque
377 3142 567 3193 signifieat.

85 3205 411 3257 Interpretationem
433 3205 616 3258 utriusque
635 3207 792 3247 homiliae
820 3208 866 3247 ab
894 3207 1028 3248 incerto
1055 3208 1247 3259 interprete
1273 3207 1424 3254 saetam,
1449 3216 1570 3259 utpote
1589 3221 1657 3244 non
1678 3213 1879 3244 accuratam
1897 3202 2104 3255 rejecimus,

33 3283 234 3321 novamque
253 3283 473 3322 paravimus.

922 3427 932 3430 -
942 3415 1226 3434 &OQ-
