2549 3825
1120 255 1345 285 montrum.
2197 237 2257 283 53

216 338 334 391 σεὸείᾳ
355 339 471 383 ζώτων
487 369 497 388 ,
519 339 599 377 ha’c
620 341 660 375 in
681 336 816 374 mediis
836 337 993 373 urbibus
1014 337 1272 387 impunefieri
1291 337 1413 374 dieas.
1437 337 1484 374 Et
1503 336 1595 374 libro
1615 335 1768 374 secundo
1782 365 1793 385 ,
1817 350 1912 373 num.
1939 337 1964 373 9
1994 349 2001 373 ε
2030 336 2132 373 Nes-e
2148 345 2258 387 putes

215 399 295 437 lzoec
314 400 399 436 ideo
418 402 653 450 contingere,
671 398 774 449 quod
790 400 1044 447 Imperatores
1060 398 1165 447 piam
1182 397 1406 448 religionem
1420 399 1569 448 colant,
1591 398 1762 449 βασιλέων
1783 399 1889 436 ὄντων
1907 397 2058 436 atessam
2082 414 2089 434 :
2106 401 2258 436 etiamsi

212 461 314 495 enim
328 461 529 510 imperium
545 459 699 496 decidat
715 487 724 505 ‚
746 466 782 495 et
796 460 1027 509 imperantes
1041 459 1083 493 in
1102 456 1371 507 infidelitatem
1391 459 1591 496 labantur.
1609 460 1714 496 Notes
1735 458 1839 495 velim
1859 458 1916 495 hic
1937 468 1969 496 et
1988 458 2073 496 alibi
2096 459 2259 509 frequen·

211 528 265 557 ter
284 519 380 571 apud
397 520 691 571 Chrysostomum
706 548 716 565 ‚
731 518 882 556 εὖσεὸῶν
900 526 933 555 et
953 519 987 555 ἐν
1008 516 1167 568 εὖσεὲείᾳ
1186 516 1323 561 ζώντων
1337 546 1346 562 ,
1365 532 1430 568 pro
1453 518 1666 555 Christianis
1686 527 1823 555 tantum
1841 519 1952 570 accipi
1968 535 1975 555 :
1990 518 2083 568 quod
2103 520 2260 556 maxime

211 578 321 628 liquet
343 579 377 616 in
399 579 455 615 his
476 578 617 616 duobus
637 578 721 616 locis
737 606 746 623 ‚
766 577 801 613 in
821 577 939 631 primo
959 589 1111 626 namque
1130 577 1164 613 ἐν
1186 577 1345 629 εὐσεῖἱείᾳ
1366 581 1515 625 ζῶντας,
1533 581 1642 629 piam
1659 579 1884 626 religionem
1905 588 2093 617 sectantes
2113 580 2260 631 opponit

212 639 357 690 regibus
387 642 593 686 Persarum,
613 638 673 690 qui
694 637 857 676 infideles
885 648 984 675 erant
1002 654 1011 683 ;
1033 637 1069 674 in
1091 636 1244 675 secundo
1268 647 1384 674 autem
1406 638 1514 676 ὄντων
1535 640 1685 677 eamean
1700 669 1709 684 ‚
1729 641 1833 688 piam
1854 640 2071 690 religionem
2094 641 2258 678 colenti-

214 702 306 747 bus,
325 701 443 752 palam
464 700 611 752 opponit
630 698 855 752 principibus
883 698 1102 736 infidelibus.
1123 699 1359 750 Imperatores
1382 698 1495 749 igitur
1517 700 1624 736 simul
1640 699 1826 738 Valentem
1845 730 1853 747 ,
1874 700 2087 737 Gratianum
2107 732 2115 748 ,
2132 710 2162 738 et
2182 703 2257 738 Va-

210 760 445 799 lentinianum
463 761 657 799 secundum
674 790 684 809 ,
707 759 881 808 εὐσεὸεῖς,
900 773 959 797 seu
982 759 1048 811 piae
1069 758 1252 809 religionis
1273 759 1446 805 cultores,
1470 760 1545 797 sive
1572 760 1793 798 Christianos
1822 768 1936 799 vocat.
1961 760 2022 798 Sic
2041 761 2145 797 etiam
2164 763 2260 798 Gre—

211 822 333 873 gorius
355 823 614 871 Nazianzenus,
637 822 738 860 Orat.
766 829 884 858 eontra
907 820 1117 867 Julianum,
1140 821 1389 858 Constantium
1421 822 1678 872 Imperatorem
1700 823 1827 868 εὐσεέἢ
1850 830 1979 867 vocat,
2004 821 2136 859 scilicet
2159 823 2262 859 Chri-

211 882 365 919 stianum
381 912 393 933 ,
418 883 482 919 etsi
503 883 614 933 probe
630 882 734 920 sciret
751 881 921 918 Arianum
943 894 1081 933 semper
1095 881 1214 918 fuisse.
1232 883 1323 919 Cum
1342 891 1459 920 autem
1474 882 1508 919 in
1530 882 1645 934 primo
1663 883 1740 920 loco
1754 882 1840 920 dicit
1856 883 2130 934 Chrysostonius
2146 885 2263 934 liupe-

211 950 344 980 ratorcs
363 943 538 980 contraria
559 942 601 979 iis
620 956 697 992 quae
719 942 931 993 gerebantur
948 951 1090 993 optare,
1113 941 1256 993 adjicit,
1272 945 1318 987 ὡς
1337 942 1488 993 ἐμαυτὸν
1511 942 1621 981 πείθω
1636 974 1644 990 ,
1667 953 1706 981 ut
1729 945 1823 983 mihi
1845 946 1924 995 ipse
1937 945 2172 993 persuadeo,
2191 958 2264 993 qna

211 1012 303 1040 certe
322 1003 484 1041 cautione
495 1017 530 1040 sc
541 1003 731 1041 adversum
748 1002 924 1055 suspicari
940 1002 1161 1042 testificatur,
1178 1004 1314 1054 Itaque,
1333 1017 1415 1041 cum
1435 1004 1501 1041 hoc
1521 1003 1556 1040 in
1578 1004 1720 1054 negotio
1736 1004 1780 1041 de
1798 1004 1928 1041 Ariana
1946 1004 2072 1041 haeresi
2094 1018 2159 1041 non
2178 1017 2262 1054 age-

210 1073 308 1102 retur
322 1094 331 1112 ,
352 1073 458 1114 atque
479 1074 548 1102 tres
579 1066 835 1116 Imperatores,
854 1064 991 1102 tametsi
1021 1065 1156 1104 Valens
1188 1064 1341 1101 Arianus
1361 1073 1455 1112 erat,
1476 1064 1671 1101 Christiani
1695 1073 1811 1101 tamen
1841 1073 1973 1110 essent,
1998 1074 2139 1116 stupere.
2161 1079 2195 1102 sc
2213 1065 2262 1102 ait

210 1124 488 1177 Chrysostomus
500 1154 509 1171 ,
532 1125 813 1176 Imperatoribus
830 1124 1043 1162 Christianis
1061 1124 1269 1176 hujusmodi
1287 1124 1441 1163 facinora
1457 1125 1492 1162 in
1510 1125 1701 1163 monachos
1721 1124 1875 1162 admitti.
1896 1126 1987 1164 Nam
2009 1126 2235 1164 Constantius
2253 1155 2261 1171 ‚

213 1186 371 1224 Arianus
389 1216 407 1237 ,⁷
423 1186 514 1224 nihil
534 1185 650 1223 simile
666 1199 851 1237 aggressus
870 1186 995 1223 fuerat.

263 1246 373 1284 Aliud
399 1247 553 1297 denique
579 1256 829 1297 argumentum
849 1275 858 1294 ‚
877 1246 973 1297 quod
1000 1246 1069 1285 sibi
1091 1246 1344 1285 Tillemontius
1373 1247 1518 1298 objicit,
1538 1246 1706 1297 quodque
1737 1256 1840 1299 putat
1874 1247 2136 1286 validissimum
2163 1263 2236 1286 esse
2254 1278 2263 1295 ‚

211 1321 354 1358 prorsus
374 1309 515 1346 nullum
533 1307 687 1347 videtur.
707 1309 799 1346 Nam
816 1322 897 1346 cum
913 1308 1203 1361 Chrysostornus,
1219 1316 1405 1359 postquam
1424 1308 1576 1345 Paulum
1595 1308 1645 1345 sic
1662 1309 1862 1360 loquentem
1879 1308 2096 1359 induxerat,
2113 1312 2266 1354 Patres,

215 1370 493 1422 educatefilios
515 1378 662 1408 vestros
678 1373 718 1407 in
734 1370 942 1421 disciplina
955 1379 992 1408 et
1010 1372 1248 1420 correptione
1267 1372 1449 1414 Domini,
1469 1370 1516 1406 ita
1536 1370 1764 1421 prosequitur
1780 1386 1787 1405 z
1803 1370 1844 1407 Si
1869 1373 1971 1407 enim
2001 1385 2066 1408 nos
2089 1373 2267 1422 jubemur

211 1431 382 1481 vigilare
393 1445 464 1482 pro
482 1433 688 1468 animabus
705 1444 834 1469 eorum
852 1440 1051 1482 tamquam
1071 1433 1261 1468 rationem
1279 1431 1474 1467 reddituri
1490 1460 1499 1478 ,
1517 1431 1642 1467 multo
1660 1433 1782 1481 magis
1796 1441 1907 1480 pater
1923 1461 1931 1475 ‚
1949 1434 2015 1482 qui
2028 1435 2160 1482 genuit
2173 1463 2182 1477 ‚
2202 1436 2267 1482 qui

211 1492 387 1530 educavit
405 1522 414 1539 ,
432 1496 499 1543 qui
515 1506 599 1530 cum
617 1493 688 1530 illo
710 1494 818 1530 domi
839 1506 987 1542 semper
1007 1501 1151 1530 manet.
1173 1490 1273 1529 Pauli
1290 1490 1388 1528 haud
1408 1491 1535 1538 dubie,
1560 1504 1690 1528 necnon
1704 1505 1827 1528 eorum
1844 1491 1975 1541 quibus
1988 1492 2161 1530 incumbit
2177 1494 2269 1531 alio-

210 1566 291 1589 rum
309 1553 414 1590 saluti
432 1553 631 1603 advigilare
646 1583 657 1601 ‚
675 1566 865 1604 personam
882 1553 968 1603 agit.
990 1553 1090 1590 Nihil
1111 1552 1244 1604 quippe
1264 1551 1478 1589 familiarius
1500 1551 1580 1597 illi,
1599 1551 1634 1588 in
1653 1551 1709 1588 his
1724 1552 1880 1588 maxime
1895 1551 2010 1601 libris,
2028 1567 2133 1602 quam
2147 1568 2268 1591 eorum

208 1626 295 1662 quos
315 1613 351 1650 in
371 1612 529 1651 medium
552 1613 700 1650 adducit
720 1627 905 1664 personam
925 1627 1117 1653 assumere.
1144 1614 1203 1652 Sic
1220 1613 1314 1650 libro
1341 1613 1365 1648 5
1379 1641 1389 1657 ‚
1410 1625 1510 1648 num.
1533 1612 1607 1659 14,
1625 1619 1813 1662 postquam
1832 1611 2046 1662 probaverat
2067 1613 2193 1651 iisdem
2212 1615 2269 1651 of-

209 1672 302 1711 ficiis
321 1673 498 1710 obnoxios
515 1673 704 1710 saeculares
724 1687 816 1721 esse,
832 1674 966 1724 quihus
986 1673 1149 1711 monachi
1172 1682 1272 1710 erant
1290 1702 1299 1721 ,
1318 1672 1391 1708 haec
1412 1671 1539 1722 adjicit
1562 1688 1568 1708 :
1585 1674 1726 1723 Itaque
1740 1674 1948 1723 quoniam,
1966 1681 2047 1710 uta
2065 1676 2173 1712 nobis
2189 1676 2269 1712 cla-

211 1748 252 1771 re
273 1735 579 1772 demonstratum
609 1743 688 1783 est,
704 1736 840 1772 iisdem
860 1747 991 1773 sumus
1012 1734 1153 1786 officiis
1170 1735 1355 1778 obnoxii,
1376 1734 1515 1784 quibus
1534 1733 1717 1769 monaehi
1728 1732 1981 1785 ,faciliorem
1998 1748 2269 1784 percurramus

210 1798 342 1843 viam,
364 1797 417 1833 ad
432 1797 716 1848 eatnquefilios
736 1797 995 1834 attrahamus.
1021 1799 1075 1833 An
1091 1794 1174 1833 hinc
1190 1794 1311 1832 inferri
1328 1793 1437 1846 possit
1452 1792 1748 1842 Chrysostomum
1764 1822 1774 1841 ,
1793 1794 1856 1842 qui
1873 1802 1955 1830 tunc
1974 1794 2009 1831 in
2031 1795 2211 1833 montibus
2235 1811 2268 1839 et

210 1856 247 1894 in
267 1870 402 1894 secessu
424 1856 593 1905 vivebat,
611 1857 816 1895 saecularem
834 1856 967 1905 fuisse,
989 1856 1155 1907 filiosque
1174 1854 1400 1907 suscepisse?
1433 1854 1477 1892 Et
1501 1868 1600 1891 num.
1620 1855 1668 1890 17
1684 1883 1694 1899 ,
1719 1855 1829 1904 Ergo
1853 1869 1919 1892 nec
1935 1855 2041 1905 filios
2073 1866 2221 1894 nostros
2242 1872 2266 1895 a

209 1918 359 1955 deserti
371 1920 673 1955 commoratione
686 1926 776 1955 aute
796 1926 942 1969 tempus
954 1918 1193 1955 abducamus
1208 1932 1221 1954 :
1233 1917 1303 1955 sed
1319 1919 1493 1954 sinamus
1514 1915 1741 1966 disciplinas
1759 1915 1877 1953 altius
1893 1919 2058 1966 imprimi
2073 1947 2082 1964 ,
2107 1927 2141 1955 et
2153 1919 2267 1968 plan-

213 1988 273 2016 tas
305 1980 501 2017 radicibus
518 1979 695 2031 firmari.
723 1979 826 2018 Nihil
854 1993 937 2017 sane
963 1979 1182 2030 frequentius
1201 1988 1396 2028 est,quam
1418 1976 1716 2029 Chrysostomum
1739 1976 1857 2015 videre
1886 1976 1990 2015 modo
2023 1979 2242 2017 monentium
2260 2018 2267 2030 ,

217 2053 302 2077 mox
319 2053 440 2077 eorum
456 2069 465 2088 ,
489 2040 621 2090 quibus
640 2041 772 2078 monita
792 2039 1002 2092 diriguntur
1018 2070 1029 2090 ,
1046 2053 1231 2092 personam
1250 2052 1362 2090 agere.

265 2102 391 2152 Itaque
412 2101 717 2153 Chrysostomus,
737 2101 822 2152 qui,
845 2115 937 2140 anno
954 2102 1047 2149 5710,
1069 2101 1113 2138 ad
1134 2110 1268 2138 montes
1287 2108 1494 2145 secesserat,
1511 2113 1594 2137 cum
1611 2097 1821 2137 auctoritate
1836 2099 1981 2151 publica
2003 2100 2175 2151 exagitari
2194 2117 2267 2139 mo-

214 2161 345 2199 nachos
363 2170 396 2199 et
418 2162 565 2200 sedibus
586 2163 670 2214 pelli
687 2162 886 2213 didicisset,
904 2177 996 2201 anno
1015 2163 1104 2210 575,
1122 2162 1177 2200 vel
1200 2163 1371 2213 sequenti,
1392 2161 1498 2200 amici
1519 2170 1645 2212 rogatu
1664 2161 1728 2198 hos
1748 2160 1858 2199 libros
1880 2161 2039 2213 scripsi13
2063 2163 2096 2199 in
2117 2178 2269 2213 quoium

214 2223 329 2274 primo
347 2223 450 2261 docet
470 2233 644 2273 quantum
663 2224 733 2261 sibi
756 2224 907 2276 periculi
928 2223 1106 2261 attrahant
1126 2254 1134 2268 ,
1155 2224 1216 2272 qui
1237 2232 1374 2261 sanctos
1394 2232 1428 2261 et
1447 2222 1513 2260 Dei
1534 2222 1669 2260 amicos
1687 2231 1895 2274 oppugnant
1913 2252 1922 2269 ,
1942 2223 2094 2260 ostendit
2122 2239 2179 2262 eos
2201 2241 2267 2263 non

214 2284 284 2335 piis
314 2285 425 2332 viris,
443 2286 503 2322 sed
535 2285 765 2337 sibimetipsis
788 2299 912 2323 nocere
935 2302 941 2322 :
964 2285 1071 2335 idque
1100 2284 1286 2322 confirmat
1314 2284 1478 2336 exemplo
1505 2283 1738 2332 Judaeorunt,
1763 2283 1822 2334 qni
1845 2315 1853 2330 ,
1885 2285 2054 2334 quoniam
2086 2286 2268 2326 Christum

214 2355 328 2383 morte
350 2346 537 2383 affecerant
558 2346 816 2397 Apostolosque
833 2355 1072 2394 vexaverant,
1101 2346 1136 2383 in
1158 2359 1215 2383 eas
1234 2345 1451 2382 calamitates
1472 2343 1671 2381 inciderunt
1691 2358 1779 2395 quas
1798 2345 1979 2396 Josephus
2005 2359 2267 2386 commemorat.

215 2405 331 2456 llujus
348 2420 454 2457 porro
476 2406 658 2457 scriptoris
681 2406 819 2456 insigne
837 2407 1077 2457 fragmentum
1098 2407 1223 2455 refert,
1243 2414 1275 2443 et
1299 2413 1486 2457 postquam
1517 2403 1670 2442 ostendit
1697 2405 1838 2455 quantis
1856 2420 1892 2443 sc
1913 2407 2082 2458 periculis
2110 2409 2266 2447 eximant

216 2466 279 2516 qui
301 2480 346 2503 ex
363 2466 486 2504 mundi
508 2466 684 2504 consortio
699 2466 890 2517 secedunt,
910 2468 960 2504 sic
980 2467 1113 2504 librum
1130 2467 1288 2519 primunt
1304 2465 1447 2504 claudit.

266 2529 305 2565 ln
322 2528 474 2565 secundo
496 2528 587 2565 libro
609 2538 745 2580 patrem
764 2528 944 2567 infidelem
958 2559 968 2578 ,
991 2529 1067 2567 sive
1083 2528 1239 2566 nondum
1259 2527 1457 2565 credentem
1476 2526 1510 2563 in
1532 2526 1739 2569 Christum,
1761 2528 1863 2577 cujus
1884 2528 2000 2566 silium
2025 2530 2265 2568 Christianam

213 2589 419 2639 religionem
452 2589 696 2641 amplexatum
724 2589 759 2627 in
790 2599 946 2628 montem
972 2590 1152 2628 recessisse
1171 2587 1495 2637 monac-horumque
1525 2586 1635 2623 vitam
1664 2588 1860 2638 suscepisse
1889 2588 1991 2637 lingit
2013 2620 2020 2630 .
2043 2591 2265 2642 .·illoqnitni-:

214 2649 450 2701 humanisque
481 2650 675 2688 ratiociniis
706 2660 812 2701 atquc
844 2652 1018 2700 exemplis
1052 2660 1209 2689 veterum
1238 2651 1446 2686 Graecorum
1478 2647 1602 2698 prohat
1632 2660 1733 2690 eum.
1757 2647 1820 2697 qui
1847 2650 1964 2686 omnia
1986 2651 2134 2703 despicit
2153 2683 2162 2694 ,
2186 2667 2268 2690 νει-ι·

211 2710 362 2749 divitem
382 2725 474 2758 esse,
497 2711 700 2762 virtuteque
720 2713 905 2750 clariorem
927 2713 1018 2750 eflici
1033 2743 1041 2756 ,
1065 2726 1171 2762 qnam
1193 2711 1321 2762 opibus
1343 2710 1541 2747 eflieeretnr
1556 2738 1565 2755 ‚
1595 2718 1699 2758 atque
1719 2722 1737 2745 a
1760 2709 1897 2746 nemine
1920 2710 1997 2747 lii-di
2020 2726 2133 2762 posse.
2173 2715 2265 2751 Licet

217 2782 333 2811 autem
357 2772 447 2810 illud
472 2773 635 2823 lingentis
654 2788 751 2810 more
773 2783 970 2826 proponat,
995 2775 1027 2810 in
1047 2775 1117 2811 linc
1134 2783 1248 2810 tamen
1278 2771 1359 2808 libri
1381 2771 1430 2807 ait
1447 2800 1454 2816 ,
1472 2770 1625 2807 amicum
1647 2769 1713 2805 sihi
1744 2770 1848 2806 fnisse.
1867 2771 1998 2808 ethnici
2022 2787 2034 2808 x
2049 2773 2090 2810 iri
2120 2774 2234 2812 tilium
2257 2806 2265 2817 ,

212 2833 289 2883 qui,
307 2847 389 2870 eum
409 2833 648 2871 Christianam
665 2834 929 2886 philosophiam
949 2835 1136 2887 amplexus
1155 2843 1241 2871 esset
1260 2863 1269 2878 ,
1294 2841 1431 2884 patrem
1453 2846 1488 2867 se
1508 2831 1614 2868 minis
1632 2859 1640 2869 ,
1663 2830 1815 2866 vim-ulis
1832 2860 1841 2873 ,
1861 2831 2010 2882 aliisque
2030 2836 2198 2871 aerumnis
2223 2836 2264 2872 ..d

214 2894 368 2944 priorem
391 2894 498 2932 vitam
518 2909 680 2934 revocare
701 2905 906 2943 conantem,
923 2896 1067 2933 demum
1083 2895 1274 2933 eonstantia
1294 2909 1355 2931 sna
1372 2908 1411 2930 eo
1431 2892 1637 2935 adduxerit,
1659 2900 1695 2928 ut
1716 2891 1859 2928 denium
1878 2893 2094 2944 palinodiam
2113 2908 2263 2938 caneret.

212 2968 229 2989 a
240 2963 320 3004 tque
342 2954 460 2991 tilium
480 2955 582 2992 illum
604 2957 741 2993 cacteris
759 2957 946 2994 anteferret
968 2973 975 2993 t
1006 2957 1076 2994 imo
1105 2956 1214 3008 patris
1237 2956 1312 2992 loeo
1345 2955 1502 2991 haberet.

266 3016 306 3051 ln
328 3016 429 3052 tertio
446 3016 547 3065 longe
567 3017 755 3067 prolixiori
777 3018 935 3054 oratioue
953 3028 1087 3070 patrem
1106 3018 1243 3055 fidelem
1263 3016 1457 3065 alloquitur
1472 3044 1479 3055 ,
1499 3023 1687 3062 monetque
1707 3027 1748 3049 ne
1767 3013 1882 3050 tilium
1905 3015 2065 3052 >eredere
2088 3018 2263 3056 volentem

214 3092 232 3113 n
254 3076 422 3113 sententia
445 3076 620 3125 detineat,
643 3087 717 3115 tum
741 3088 928 3129 parentum
948 3078 1120 3116 iueuriam
1144 3079 1234 3115 eirea
1259 3077 1414 3114 tiliorum
1437 3076 1583 3112 salntem
1605 3074 1794 3112 inst-eunus
1810 3091 1817 3116 ς
1836 3085 1965 3124 quant-'t
1990 3091 2125 3115 morum
2143 3094 2264 3118 eorru-

215 3137 288 3188 ptio
306 3136 486 3174 civitatem
506 3138 673 3176 invaserit
693 3142 894 3185 παθητικῶς
915 3138 1085 3177 describit
1106 3155 1112 3175 :
1139 3140 1199 3178 vix
1224 3153 1323 3190 posse
1351 3138 1398 3174 ait
1429 3137 1577 3173 salutem
1598 3136 1712 3172 curari
1735 3136 1767 3172 in
1790 3145 1883 3173 tauta
1906 3136 2073 3175 xitiorniu
2095 3141 2262 3179 colluvio.

218 3196 354 3234 Laudat
388 3198 639 3235 monaehortun
661 3199 769 3237 vitam
790 3229 799 3242 ‚
823 3199 1079 3250 historiamque
1100 3201 1200 3237 nll‘ert
1216 3198 1359 3251 juvenis
1381 3214 1398 3234 a
1420 3197 1586 3234 solitario
1609 3197 1641 3233 in
1665 3197 1751 3233 urhe
1780 3196 1942 3239 citui-..th
1963 3213 2107 3249 remque
2141 3212 2260 3239 notatu

215 3255 361 3307 dignam
378 3256 496 3305 (locet,
516 3272 640 3310 nempe
657 3260 894 3296 Anum-henos
911 3260 1003 3297 lilios
1021 3275 1102 3297 suos
1122 3261 1357 3297 adolescentes
1375 3260 1417 3296 ad
1442 3259 1651 3295 nwnasteria
1670 3258 1808 3295 mittere
1822 3273 1966 3295 consuet
1979 3260 2044 3296 isse
2062 3290 2070 3300 .
2090 3272 2124 3297 nt
2143 3291 2151 3301 .
2171 3274 2244 3314 pm(

218 3332 324 3367 quain
344 3317 377 3354 in
399 3318 531 3358 virtute
547 3320 746 3370 pietateque
768 3321 877 3372 probe
897 3322 1078 3358 exereitati
1100 3322 1246 3358 fuissent
1265 3352 1272 3363 ,
1291 3321 1438 3358 (lonium
1461 3329 1668 3371 repeterent.

274 3381 345 3416 llos
363 3394 467 3431 porro
489 3380 597 3417 lihrns
615 3382 738 3419 Latine
752 3383 875 3418 feet-rat
910 3383 1109 3419 Xnihrosins
1130 3382 1423 3419 thnnnnhlnlensis.
1450 3384 1582 3419 N'eruni
1602 3381 1683 3431 quia
1703 3382 1943 3434 interpretatio
1958 3382 2033 3432 ejus
2056 3384 2261 3436 plerumque

221 3440 451 3490 parzqihrasin
474 3441 586 3493 sapit,
604 3456 731 3481 novam
755 3443 831 3480 iden
852 3444 1042 3494 parauthun
1065 3459 1137 3482 esse
1160 3443 1298 3495 put-ixi.
