2513 3871
163 1744 319 1774 Snlrntium

131 1788 243 1815 mavult

129 1831 305 1868 Chry-osto·

130 1882 194 1898 πιιιι
207 1881 293 1906 qnam

130 1914 259 1951 plautus.

134 2547 231 2577 ΕιΓΙι.

132 2591 183 2628 [μυ.

136 2675 216 2700 ΡΗ-η.

136 2852 207 2878 Luc.
230 2860 274 2889 ις).
289 2852 320 2886 8.

220 2676 299 2713 ,24.

341 245 435 306 894

338 350 454 378 turam
476 338 648 377 transiens
667 337 792 382 vitam,
813 349 904 388 opus
931 335 1076 374 habebit
1094 336 1164 374 viae
1185 335 1294 374 duci-

339 401 420 438 bus.
442 402 672 450 Quapropter
686 398 888 447 frequenter
900 410 994 434 nunc
1013 397 1183 448 emergit,
1197 410 1293 435 nunc

339 461 374 498 in
394 458 609 512 profundum
628 457 867 509 demergitur,
897 457 1096 508 metuitque
1117 465 1152 495 et
1170 456 1294 495 horret

338 533 419 558 cum
441 528 492 557 est
511 533 530 557 a
542 532 648 557 carne
659 517 868 556 discessura.
878 518 968 555 Nam
980 531 1062 556 cum
1077 531 1217 571 semper
1230 531 1292 556 nos

338 580 499 618 stimulat
510 588 735 632 peccatorum
747 578 975 623 conscientia,
988 587 1062 617 tum
1077 592 1162 617 vero
1174 580 1292 618 maxi-

339 655 396 678 me
410 641 471 678 illa
493 640 578 678 hora
591 654 687 688 ,cum
703 639 787 677 hinc
802 652 927 678 sumus
943 638 1144 678 abducendi
1163 640 1211 678 ad
1231 640 1293 678 illa

337 701 530 740 tribunalia
554 699 855 751 metuendumque
871 699 1048 752 judicium
1068 715 1076 735 :
1094 710 1169 739 tum
1197 701 1292 740 enim

336 762 414 801 sive
432 763 512 814 quis
532 763 674 815 rapuit,
693 762 770 800 sive
788 762 987 809 fraudavit,
1009 762 1085 801 sive
1103 772 1292 802 contume-

337 822 385 861 lia
403 824 536 870 affecit,
551 824 626 861 sive
639 823 806 874 cuiquam
823 832 951 876 praeter
967 837 1108 862 causam
1125 824 1293 863 inimicus

337 884 452 923 sactus
462 894 529 933 est,
542 885 618 923 sive
630 884 732 923 aliud
743 884 997 936 quodcumque
1015 885 1152 923 facinus
1167 901 1293 939 perpe·
1317 883 1341 914 Ε

338 946 470 985 travit:
493 947 681 984 universus
702 946 777 985 illic
806 954 1032 999 peccatorum
1050 948 1220 986 cumulus
1239 962 1294 987 re-

336 1017 492 1047 novatur
504 1036 515 1056 ‚
530 1016 564 1046 et
578 1007 693 1045 oculis
710 1007 915 1055 exhibetur,
927 1017 1151 1059 mentemque
1165 1010 1292 1047 stimu-

336 1069 396 1109 lat.
417 1069 465 1108 Et
483 1069 787 1121 quemadmodum
806 1069 868 1120 qui
884 1077 1047 1107 tenentur
1067 1070 1100 1107 in
1118 1083 1258 1108 earcere
1278 1100 1289 1120 ,

335 1145 475 1182 semper
489 1130 637 1181 quidem
663 1130 790 1181 dejecti
811 1139 1068 1181 moerentesque
1087 1140 1170 1168 sunt
1187 1161 1196 1179 ,
1213 1145 1292 1169 ma-

336 1191 431 1229 xima
452 1200 567 1229 tamen
583 1190 651 1228 sub
673 1191 778 1228 illum
798 1190 893 1228 diem
911 1204 983 1240 quo
1007 1200 1090 1228 sunt
1118 1189 1293 1229 educendi

331 1262 366 1290 et
387 1251 433 1290 ad
450 1251 687 1304 ipsasjudicis
703 1251 793 1289 fores
805 1251 1054 1304 pertrahendi,
1066 1265 1106 1288 ac
1124 1265 1189 1303 pro
1203 1266 1292 1290 can-

334 1312 433 1351 cellis
442 1312 507 1350 sori
520 1311 790 1364 stantesjudicis
802 1325 925 1350 vocem
938 1311 1033 1350 intus
1047 1311 1213 1358 audiunt,
1227 1327 1292 1351 ex-

333 1373 537 1411 animantur
560 1381 654 1411 metu
669 1402 679 1419 ,
697 1372 883 1423 nihiloque
918 1371 1047 1410 melius
1081 1373 1292 1412 afficiuntur

333 1448 441 1485 quam
456 1434 609 1472 mortui:
625 1433 675 1472 sic
693 1442 727 1471 et
751 1433 870 1471 anima
883 1463 893 1480 ,
907 1432 1065 1471 maxime
1078 1433 1226 1485 quidem
1254 1435 1290 1473 in

332 1495 411 1547 ipso
424 1494 557 1547 peccati
571 1503 729 1547 tempore
740 1494 922 1533 cruciatur
936 1502 969 1532 et
986 1495 1132 1545 angitur
1143 1525 1154 1543 ‚
1173 1495 1288 1534 multo

334 1564 449 1593 tamen
466 1555 579 1606 magis
591 1569 672 1593 cum
687 1554 773 1593 binc
792 1555 918 1592 avulsa
938 1554 1149 1594 abducenda
1168 1565 1232 1595 est.
1304 1596 1319 1620 7

384 1619 424 1655 5.
449 1617 591 1668 Ergone
607 1616 746 1664 tacetis,
760 1615 850 1654 dum
867 1616 1030 1655 auditis?
1044 1618 1161 1655 Multo
1180 1619 1291 1670 majo—
1317 1633 1340 1662 Λ

334 1692 407 1716 rem
426 1678 529 1716 vobis
546 1678 659 1716 habeo
679 1677 830 1730 gratiam
845 1692 910 1731 pro
923 1678 1084 1725 silentio,
1101 1693 1208 1730 quam
1225 1694 1290 1732 pro

334 1738 522 1791 plausibus
548 1753 557 1776 :
587 1747 771 1791 propterea
789 1738 885 1790 quod
902 1739 1052 1791 plausus
1080 1740 1227 1790 quidem
1248 1755 1290 1779 ac

334 1799 458 1838 laudes
471 1814 527 1838 me
538 1800 672 1838 faciunt
686 1799 967 1852 splendidiorem
980 1829 991 1848 ,
1004 1800 1187 1839 silentium
1202 1815 1289 1840 vero

334 1861 402 1899 hoc
422 1875 485 1899 vos
499 1860 620 1900 reddit
635 1861 879 1901 modestiores.
895 1861 988 1899 Novi
1004 1860 1101 1912 quod
1117 1861 1192 1899 baec
1209 1876 1288 1913 quae

333 1922 504 1960 dicuntur
528 1921 675 1960 molesta
696 1930 803 1968 sunt,
825 1935 952 1959 verum
971 1922 1125 1960 multum
1144 1922 1234 1961 lucri
1255 1931 1288 1960 et

334 1983 613 2022 inenarrabilem
645 1983 801 2021 fructum
831 1983 996 2021 afferunt.
1030 1984 1139 2022 Dives
1169 1984 1228 2022 ille
1257 1985 1287 2023 si

332 2059 437 2096 quem
466 2044 648 2082 habuisset
678 2044 738 2093 qui
758 2044 824 2096 ipsi
845 2045 928 2083 talia
949 2045 1081 2083 monita
1098 2044 1252 2084 dedisset
1273 2076 1284 2096 ‚

333 2120 373 2143 ac
393 2120 461 2143 non
481 2105 600 2157 potius
619 2104 820 2143 adulatores
838 2106 957 2144 omnia
972 2106 1018 2144 ad
1037 2106 1186 2157 gratiam
1203 2121 1287 2145 con-

333 2167 486 2205 sulentes
499 2196 508 2211 ‚
525 2175 632 2217 atque
642 2166 686 2204 ad
700 2165 846 2205 delicias
857 2167 1044 2215 trahentes,
1060 2181 1286 2218 nequaquam

334 2227 649 2266 venissetadillam
659 2227 1099 2279 geliennam,nequaquam
1109 2228 1286 2281 supplicia

334 2302 458 2340 passus
476 2296 564 2326 esset
584 2288 836 2335 intolerabilia,
847 2303 1070 2340 nequaquam
1089 2290 1289 2328 inconsola-

335 2348 454 2387 biliter
474 2363 555 2386 eum
574 2358 690 2401 postea
710 2349 939 2401 poenituisset.
958 2351 1094 2388 Verum
1119 2352 1288 2402 quoniam
1314 2361 1336 2389 n

334 2424 456 2447 omnes
467 2410 513 2448 ad
525 2410 675 2462 gratiam
688 2410 940 2461 loquebantur,
950 2411 1172 2450 tradiderunt
1186 2413 1290 2452 illum

335 2470 664 2510 incendio.Utinam
674 2471 791 2510 liceret
801 2471 877 2510 lime
899 2486 1038 2522 semper
1048 2482 1290 2526 perpetuoque

337 2532 596 2586 philosophari,
611 2547 652 2571 ac
669 2533 714 2571 dc
727 2533 885 2584 gebenna
902 2533 1016 2584 loqui.
1033 2537 1083 2573 In
1101 2538 1290 2583 ornamus,

337 2594 451 2645 inquit
470 2624 480 2642 ,
495 2596 609 2633 dictis
625 2597 699 2633 tuis
715 2603 906 2633 memento
920 2597 1138 2634 novissima
1154 2605 1238 2645 tua,
1254 2606 1289 2635 et

335 2658 378 2692 in
396 2665 579 2694 ceter-num
608 2670 685 2694 non
709 2659 917 2708 peccabis?
939 2659 990 2695 Ac
1009 2672 1132 2695 rursus
1153 2674 1160 2694 :
1183 2660 1291 2697 Para

336 2718 546 2756 aderitum
561 2732 677 2770 opera
693 2727 773 2765 tua,
785 2727 820 2756 et
843 2733 994 2771 appara
1024 2728 1060 2757 te
1086 2720 1140 2757 ad
1162 2722 1287 2758 viam.

337 2778 373 2815 Si
395 2779 482 2830 quid
501 2779 557 2817 cui
577 2779 750 2832 rapuisti,
766 2779 889 2826 redde,
905 2789 939 2818 et
954 2780 1065 2818 dicito
1077 2782 1182 2831 juxta
1199 2782 1290 2820 Zac-

338 2838 471 2877 clioeum
489 2855 496 2876 ι
528 2842 590 2878 Do
620 2841 908 2893 quadruplum,
928 2844 961 2879 si
989 2843 1084 2894 quid
1101 2846 1228 2889 rapui.
1252 2843 1290 2882 Si

337 2916 441 2951 quem
462 2902 698 2940 calumniatus
713 2917 749 2941 es
763 2933 772 2950 ‚
788 2903 816 2940 si
838 2902 894 2940 cui
911 2903 1025 2940 sactus
1044 2918 1081 2941 es
1100 2904 1266 2943 iuimicus
1281 2935 1290 2953 ‚

339 2963 586 3011 reconciliare,
617 2963 826 3015 priusquam
847 2964 1010 3002 veniatur
1031 2964 1076 3002 ad
1095 2965 1290 3017 judiciuin.

340 3023 468 3061 Omnia
490 3024 548 3062 hic
563 3024 732 3071 dissolve,
749 3033 786 3062 ut
802 3025 892 3062 citra
913 3024 1110 3063 molestiam
1129 3025 1217 3063 illud
1236 3026 1293 3065 vi-

341 3082 424 3120 deas
442 3084 612 3123 tribunal.
644 3086 761 3123 Donec
782 3084 839 3123 liic
860 3086 1030 3123 fuerimus
1046 3117 1056 3135 ,
1076 3101 1154 3139 spes
1183 3088 1293 3126 liabe-
1315 3105 1338 3135 (-

345 3158 422 3181 mus
443 3146 649 3197 prarclaras;
669 3146 774 3184 simul
793 3156 897 3197 atque
913 3161 998 3186 vero
1025 3147 1293 3187 discesserimus

144 3221 314 3248 ruamur..
348 3208 450 3255 illuc,
471 3224 536 3247 non
555 3220 605 3247 est
625 3220 741 3262 postea
771 3211 804 3248 in
831 3212 932 3249 nuliis
958 3213 1067 3250 situm
1097 3213 1289 3265 poenitere,

145 3314 206 3330 'nur

212 3310 278 3331 mn.

159 3273 205 3287 ”³
233 3269 293 3299 1'·¹'¹
348 3281 458 3318 neque
469 3271 652 3308 commissa
668 3271 818 3311 diluere.
835 3274 1064 3326 Quapropter
1078 3284 1216 3327 oportet
1232 3290 1293 3314 nos

348 3328 688 3381 assiclnwprwparari
710 3331 752 3368 ad
769 3346 946 3380 egressum
968 3335 1051 3373 hinc
1073 3336 1291 3374 faciendum.

390 3462 403 3475 ο
428 3450 511 3483 Tres
526 3450 603 3483 Μυ.
623 3458 855 3497 ἁμαρτημάτων
870 3462 957 3501 χορὸς
969 3462 1051 3491 ἀναν.

763 255 800 285 S.
840 255 1025 284 mantus
1060 253 1305 284 cnRYSOST.
1348 255 1559 286 anctum».
1597 254 1960 286 CONSTANTINOP-

1366 343 1478 376 κεντεῖ
1510 340 1580 376 τῶν
1607 338 1876 390 ἁμαρτημάτων
1905 338 1947 376 τὸ
1975 339 2146 387 συνειδὸς,
2166 340 2321 390 μάλιστα
2357 342 2393 380 δὲ

1365 399 1443 436 κατ’
1461 398 1597 445 ἐκείνην
1613 398 1676 444 τὴν
1695 399 1803 451 ὥραν,
1819 398 1902 436 ὅταν
1925 398 2111 449 μέλλωμεν
2131 402 2285 440 ἐντεῦθεν
2302 403 2394 441 ἀπά-

1363 462 1487 510 γεσθαι
1514 459 1601 512 πρὸς
1632 459 1693 503 τὰς
1723 458 1864 502 εὐθύνας
1894 459 1957 503 τὰς
1989 460 2061 498 ἐκεῖ
2089 461 2150 499 καὶ
2180 460 2222 500 τὸ
2248 462 2394 516 φοὸερὸν

1364 521 1602 573 δικαστήριον.
1622 521 1735 567 Τότε,
1760 520 1829 559 εἴτε
1855 520 1996 572 ἥρπασέ
2025 537 2099 568 τις,
2129 521 2199 560 εἴτε
2227 523 2392 564 ἐπλεονέ-

1364 596 1506 628 κτησεν,
1518 581 1586 620 εἴτε
1604 581 1682 620 τινὰ
1699 581 1910 633 ἕπηρέασεν,
1931 582 1998 620 εἴτε
2013 582 2107 625 τινὸς
2117 582 2257 635 γέγονεν
2273 584 2396 637 ἐχθρὸς

1365 641 1513 691 ἀδίκως,
1533 642 1603 680 εἴτε
1625 643 1710 681 ἄλλο
1737 645 1852 681 ὁτιοῦν
1886 643 1995 681 δεινὸν
2027 644 2235 695 εἰργάσατο,
2259 645 2352 688 ἅπας
2374 648 2393 683 ὁ

1365 703 1741 754 τῶν“ἆμαρτημάτων
1769 702 1874 754 ἐσμὸς
1902 705 2108 742 άνανεοῦται
2133 704 2194 742 καὶ
2225 704 2295 758 πρὸ
2322 705 2392 743 τῶν

1366 766 1558 817 ὀφθαλμῶν
1590 765 1750 812 ἵσταται,
1780 766 1840 803 καὶ
1877 765 1942 813 τὴν
1972 766 2127 804 διάνοιαν
2166 772 2289 805 κεντεῖ.
2320 768 2392 806 Καὶ

1367 827 1528 878 καθάπερ
1558 828 1589 865 οἳ
1620 827 1660 866 τὸ
1691 826 1933 878 δεσμωτήριον
1960 828 2154 875 οἰκοῦντες,
2179 828 2233 866 ἀεὶ
2266 828 2329 879 μὲν
2356 830 2392 867 ἐν

1368 888 1542 939 κατηφείᾳ
1580 887 1641 926 καὶ
1671 887 1807 931 ὀδύναις
1836 887 1926 933 εἰσὶ,
1956 888 2112 936 μάλιστα
2142 887 2179 928 δὲ
2209 887 2301 927 κατὰ
2328 888 2392 935 τὴν

1367 949 1502 1001 ἡμέραν
1523 948 1672 997 ἐκείνην,
1688 951 1767 987 καθ’
1785 950 1826 996 ἣν
1851 949 1891 987 ἂν
1912 948 2089 999 μέλλωσιν
2115 948 2318 1001 ἐξάγεσθαι,
2332 950 2394 988 καὶ

1367 1012 1450 1061 παρ’
1476 1010 1584 1065 αὐτὰς
1613 1010 1676 1053 τὰς
1703 1015 1763 1049 τοῦ
1796 1010 1995 1055 δικάζοντος
2014 1012 2161 1062 ἄγεσθαι
2189 1010 2316 1064 θύρας,
2332 1010 2394 1049 καὶ

1366 1071 1435 1121 πρὸ
1455 1074 1522 1109 τῶν
1542 1070 1731 1123 κιγκλίδων
1752 1073 1921 1117 ἑστῶτες,
1953 1072 2012 1110 καὶ
2042 1074 2106 1118 τῆς
2130 1075 2191 1110 τοῦ
2219 1071 2393 1123 κρίνοντος

1367 1135 1483 1183 qumi<
1507 1132 1640 1171 ἔνδοθεν
1673 1133 1856 1176 ἀκούοντες
1870 1162 1880 1181 ,
1902 1133 2168 1185 ἀπο-πήγνυνται
2190 1134 2241 1185 τῷ
2274 1132 2393 1185 φόὸῳ,

1367 1193 1427 1230 καὶ
1459 1196 1529 1231 τῶν
1573 1196 1704 1244 νεκρῶν
1742 1195 1838 1232 οὐδὲν
1876 1195 2019 1244 ἄμεινον
2055 1195 2270 1233 διάκεινται·
2302 1195 2394 1233 οὕτω

1367 1254 1427 1291 καὶ
1452 1257 1472 1300 ἡ
1504 1253 1600 1306 ψυχὴ
1641 1255 1799 1305 μάλιστα
1827 1254 1891 1304 μὲν
1917 1255 1976 1292 καὶ
2010 1257 2043 1293 ἐν
2079 1255 2175 1306 αὐτῷ
2202 1257 2253 1307 τῷ
2279 1258 2393 1307 καιρῷ

1366 1317 1428 1360 τῆς
1459 1315 1635 1368 ἁμαρτίας
1661 1317 1827 1354 ὀδυνᾶται
1853 1315 1913 1353 καὶ
1942 1322 2237 1368 στενοχωρεῑται,
2272 1318 2393 1369 πολλῷ

1367 1375 1401 1415 δὲ
1433 1375 1538 1414 πλέον
1569 1375 1653 1415 ὅταν
1693 1379 1847 1415 ἐντεῦθεν
1893 1379 2162 1416 ἀποσπασθεῖσα
2195 1378 2394 1429 ἀπάγεσθαι

1367 1437 1491 1489 μέλλῃ.

1419 1620 1551 1671 Σιγᾶτε
1572 1625 1682 1660 ταῦτα
1703 1621 1906 1668 ἀκούοντες;
1928 1622 2069 1669 Πολλὴν
2090 1625 2171 1674 ὑμῖν
2191 1622 2263 1676 ἔχω
2285 1622 2390 1676 χάριν

1363 1682 1426 1726 τῆς
1454 1684 1556 1732 σιγῆς
1585 1682 1715 1730 ταύτης
1746 1684 1901 1734 μᾶλλον,
1920 1684 1942 1729 ἢ
1972 1687 2041 1722 τῶν
2071 1685 2232 1737 κρότων·
2259 1688 2291 1724 οἱ
2326 1684 2389 1736 μὲν

1363 1741 1430 1795 γὰρ
1450 1743 1568 1796 κρότοι
1585 1743 1644 1781 καὶ
1664 1747 1695 1783 οἱ
1712 1744 1849 1783 ἔπαινοι
1864 1746 2107 1798 λαμπρότερον
2124 1746 2186 1795 ἐμὲ
2204 1749 2362 1786 ποιοῦσιν
2378 1776 2387 1789 .

1361 1805 1383 1849 ἡ
1400 1803 1481 1854 σιγ·>ι
1503 1803 1538 1842 δὲ
1559 1804 1646 1852 αὕτη
1664 1806 1964 1859 σωφρονεστέρους
1981 1809 2072 1857 ὑμᾶς
2085 1807 2280 1858 ἐργάζεται.
2295 1801 2388 1847 Οἶδα

1360 1864 1415 1903 ὅτι
1435 1866 1538 1903 λυπεῖ
1567 1864 1612 1904 τὰ
1642 1866 1828 1918 λεγόμενα,
1852 1866 1943 1905 ἀλλὰ
1973 1867 2063 1906 πολὺ
2091 1869 2212 1919 κέρδος
2234 1869 2309 1921 ἔχει
2329 1869 2390 1907 καὶ

1363 1926 1508 1978 ἄφατον.
1528 1925 1574 1965 Ὁ
1600 1927 1763 1970 πλούσιος
1789 1930 1941 1973 ἐκεῖνος,
1967 1928 1999 1966 εἴ
2022 1945 2101 1967 τινα
2135 1924 2208 1981 εἶχε
2242 1933 2389 1969 τοιαῦτα

1363 1989 1457 2040 αὐτῷ
1485 1993 1722 2039 παραινοῦντα
1735 2019 1744 2035 ,
1767 1989 1857 2028 ἀλλὰ
1878 1989 1927 2040 μὴ
1950 1990 2103 2033 κόλακας
2116 1990 2195 2035 τοὺς
2212 1990 2298 2043 πρὸς
2317 1991 2388 2044 χά-

1364 2064 1415 2099 ριν
1442 2048 1580 2087 ἅπαντα
1608 2049 1927 2098 συμὸουλεύοντας,
1947 2051 2006 2089 καὶ
2031 2052 2078 2095 εἰς
2111 2052 2243 2104 τρυφὴν
2263 2052 2387 2091 ἕλκον-

1360 2124 1442 2157 τας,
1469 2111 1532 2149 οὐκ
1552 2110 1594 2147 ἂν
1621 2111 1670 2155 εἷς
1688 2110 1751 2158 τὴν
1769 2111 1909 2163 γέενναν
1937 2106 2042 2158 ἦλθεν
2079 2112 2239 2159 ἐκείνην,
2260 2115 2322 2151 οὐκ
2345 2112 2386 2150 ἂν

1359 2171 1422 2215 τὰς
1441 2171 1611 2223 βασάνους
1629 2172 1795 2223 ὑπέμεινε
1813 2173 1875 2216 τὰς
1889 2174 2095 2225 ἀφορήτους,
2109 2175 2171 2213 οὐκ
2187 2174 2228 2211 ἂν
2244 2175 2386 2226 ἀπαρη-

1360 2232 1494 2285 γόρητα
1514 2232 1603 2282 μετὰ
1622 2235 1734 2270 ταῦτα
1755 2233 1981 2283 μετενόησεν·
2003 2235 2080 2272 ἀλλ’
2098 2233 2217 2281 ἐπειδὴ
2236 2233 2280 2272 τὰ
2299 2233 2385 2286 πρὸς

1361 2294 1463 2346 χάριν
1498 2294 1651 2338 ἅπαντες
1700 2294 1914 2347 διελέγοντο,
1953 2296 2162 2348 παρέδωκαν
2199 2295 2301 2333 αὐτὸν
2335 2297 2385 2347 τῷ

1362 2355 1457 2408 πυρί.
1479 2354 1561 2393 1·Ξῖοε
1594 2350 1636 2402 ἦν
1666 2355 1719 2394 ἀεὶ
1753 2355 1814 2393 καὶ
1842 2357 2010 2402 διηνεκῶς
2038 2359 2149 2394 ταῦτα
2168 2356 2386 2409 φιλοσοφεῖν,

1363 2417 1424 2454 καὶ
1457 2417 1539 2468 περὶ
1566 2416 1707 2467 γεέννης
1728 2416 1948 2468 φθέγγεσθαι.
1968 2416 2031 2455 Ἔν
2063 2423 2151 2455 πᾶσι
2176 2416 2264 2469 γὰρ,
2283 2416 2386 2469 φησὶ,

1365 2484 1435 2521 τοῖς
1462 2479 1577 2530 λόγοις
1606 2495 1665 2518 σου
1699 2478 1900 2528 μιμνήσκου
1926 2478 1970 2516 τὰ
1999 2477 2134 2530 ἔσχατά
2158 2494 2240 2522 σου,
2258 2477 2319 2516 καὶ
2341 2479 2388 2520 εἷς

1365 2540 1421 2578 τὸν
1445 2542 1556 2578 αἰῶνα
1575 2541 1614 2578 οὗ
1639 2539 1689 2587 μὴ
1707 2539 1881 2591 ἁμάρτῃς.
1903 2538 1972 2577 Καὶ
1991 2539 2114 2588 πάλιν,
2131 2538 2322 2588 Ἑτοίμαζε
2341 2540 2390 2581 εἰς

1364 2601 1426 2647 τὴν
1446 2601 1574 2644 ,ἔξοδον
1607 2600 1652 2640 τὰ
1680 2601 1765 2654 ἔργα
1797 2615 1877 2646 σου,
1909 2599 2274 2651 καὶὺπαρασκευάζου
2303 2599 2389 2650 πρὸς

1364 2663 1427 2710 τὴν
1456 2664 1546 2701 ὁδόν.
1578 2662 1622 2701 lit
1651 2677 1743 2705 τινος
1776 2660 1939 2714 ἥρπασάς
1967 2677 2021 2707 τι,
2043 2662 2194 2707 ἀπόδος,
2219 2660 2279 2698 καὶ
2311 2661 2387 2698 εἰπὲ

1364 2725 1454 2764 κατὰ
1483 2725 1542 2763 τὸν
1570 2725 1769 2776 Ζακχαῖον·
1793 2724 1933 2772 Δίδωμι
1964 2723 2245 2774 τετραπλασίονα
2265 2722 2309 2761 τὰ
2328 2722 2391 2774 ἁρ-

1364 2787 1533 2838 παγέντα·
1551 2786 1583 2824 εἴ
1601 2786 1693 2828 τινός
1710 2801 1744 2822 τι
1769 2784 2073 2836 ἐσυκοφάντησας,
2090 2785 2123 2822 εἴ
2135 2800 2227 2827 τινος
2246 2783 2390 2836 γε’γονας

1365 2847 1508 2901 ἐχθρὸς,
1531 2847 1774 2897 καταλλάγηθι
1808 2846 1877 2898 πρὸ
1908 2851 1967 2884 τοῦ
1991 2845 2228 2897 δικαστηρίω.
2264 2844 2390 2883 Πάντα

1364 2911 1513 2947 ἐνταῦθα
1540 2908 1722 2953 διάλυσαι,
1744 2906 1800 2945 ἵνα
1828 2906 1935 2959 χωρὶς
1961 2907 2180 2958 πραγμάτων
2213 2906 2254 2944 τὸ
2290 2907 2390 2956 βῆμα

1365 2971 1439 3022 ἴδῃς
1458 2967 1691 3011 ἐκεῖνο.Ἵ”,ως
1712 2968 1752 3005 ἂν
1772 2969 1917 3006 ἐνταῦθα
1942 2960 2037 3017 ὦμεν
2050 2997 2060 3013 ,
2090 2967 2233 3010 ἐλπίδας
2261 2965 2390 3017 ἔχομεν

1365 3032 1539 3085 χρηστάς·
1559 3030 1700 3069 ἐπειδὰν
1720 3028 1756 3066 δὲ
1778 3029 1987 3078 ἀπέλθωμεν
2014 3030 2108 3074 ἐκεῖ,
2127 3027 2241 3080 κύριοι
2269 3026 2390 3065 λοιπὸν

1333 3125 1339 3134 ,
1367 3092 1552 3141 μετανοίας
1575 3094 1636 3130 οὐκ
1662 3089 1787 3140 ἐσμὲν,
1810 3089 1886 3128 οὐδὲ
1906 3094 1965 3127 τοῦ
1984 3089 2028 3127 τὰ
2047 3088 2284 3142 ἡμαρτημένα
2304 3089 2391 3137 ἡμῖν

1365 3154 1615 3206 ἀπονίψασθαι.
1651 3152 1714 3192 Διὸ
1755 3151 1825 3205 χρὴ
1866 3152 2193 3202 παρασκευάζεσθαι
2237 3149 2391 3201 συνεχῶς

1365 3216 1450 3266 πρὸς
1473 3214 1537 3261 τὴν
1563 3213 1695 3252 ἐνθένδε
1720 3213 1845 3257 ἔξοδον.
1863 3212 1910 3249 Τί
1941 3211 2009 3263 γὰρ
2030 3210 2090 3250 ἐὰν
2122 3209 2270 3262 ἑσπέρας
2307 3208 2388 3261 δόξῃ

1363 3278 1413 3328 τῷ
1429 3276 1590 3326 Δεσπότῃ
1611 3274 1757 3313 καλέσαι
1776 3276 1893 3323 ἡμᾶςς
1917 3272 1949 3310 τί
1968 3273 2004 3309 δὲ
2034 3272 2093 3310 ἐὰν
2117 3271 2262 3324 αὔριον;
2283 3269 2390 3316 Ἄδη-

1365 3340 1422 3375 ἰον
1454 3337 1584 3389 γὰρτὸ
1614 3337 1763 3387 μέλλον,
1785 3334 1842 3373 ἵνα
1871 3334 2050 3385 ἐναγώνιοι
2080 3334 2246 3380 διηνεκῶς
2273 3323 2390 3382 ὦμεν,

1458 3461 1472 3483 ¹·
1497 3459 1611 3503 Uuual
1625 3466 1657 3491 et
1678 3456 1760 3492 nibt.
1779 3459 1791 3501 1
1806 3462 2036 3503 παρασκευάζου
2051 3461 2090 3496 «15
2107 3460 2157 3490 τὸν
2173 3460 2278 3501 alypiu-
