2513 3871
700 234 734 264 S.
775 234 881 264 Joatx
891 233 959 263 MS
994 229 1235 262 CHRYSOST.

275 224 333 282 40

273 328 390 357 autem
409 318 443 357 vi
462 315 715 368 desperationis
733 315 768 352 in
787 323 969 366 stuporem
989 321 1022 351 et
1037 311 1221 365 segnitiem

274 380 384 432 lapsi,
403 388 437 417 et
461 377 611 430 gloriam
648 375 835 412 bominum
859 374 1114 427 despicientes,
1140 386 1220 411 cum

274 439 495 493 impudentia
522 451 649 489 magna
680 445 819 489 peccata
852 451 915 474 sna
943 435 1090 487 perinde
1117 443 1224 485 atque

273 503 386 540 aliena
417 500 583 538 omnibus
614 498 845 552 proclamant.
874 498 996 537 Nolim
1016 510 1099 535 sane
1120 505 1154 534 te
1179 510 1223 535 ex

274 563 419 601 illorum
438 575 585 600 numero
607 574 695 605 esse,
726 560 782 597 vel
804 573 849 597 ex
867 558 1111 611 desperatione
1135 571 1224 596 con-

272 624 458 662 fessionem
491 622 595 661 edere
610 652 620 671 ‚
642 621 703 660 sed
731 635 813 659 cum
837 621 928 659 bona
946 633 1008 672 spe
1023 649 1034 669 ,
1056 619 1224 670 omnique

271 695 405 724 resecta
418 684 676 737 desperationis
691 681 812 721 radice
825 681 1040 720 contrarium
1054 680 1139 719 huic
1153 689 1226 719 stu·

272 746 374 785 dium
394 747 769 793 exbibere.Qua=na1n
789 753 902 782 mater
922 752 955 781 et
975 742 1081 781 radix
1094 741 1224 795 despe-

273 808 421 847 rationis
435 817 486 846 est
501 808 518 845 ‚⁹
533 806 702 858 Ignavia:
725 806 794 843 imo
814 819 882 843 non
903 803 1009 842 radix
1035 803 1142 842 modo
1161 818 1224 841 vo-

272 879 382 918 cetur,
391 871 452 908 sed
469 871 576 908 etiam
593 869 713 907 nutrix
726 877 757 906 et
774 877 898 906 mater.
912 866 1224 913 Quemadmodum

272 933 365 971 enim
387 933 421 971 in
440 933 520 971 lana
541 932 651 970 tineas
667 931 780 983 gignit
796 929 991 982 corruptio,
1009 943 1088 980 quae
1105 938 1224 981 postea

271 994 318 1032 ab
337 994 410 1032 illis
426 1002 576 1045 augetur
599 1009 607 1033 ι
631 992 680 1030 sic
699 992 806 1030 etiam
826 991 886 1029 hic
899 990 1040 1043 ignavia
1056 989 1223 1041 despera-

271 1055 401 1093 tionem
420 1055 526 1107 parit,
554 1063 585 1092 et
602 1063 720 1106 postea
739 1067 758 1090 a
778 1052 1024 1105 desperatione
1041 1051 1161 1097 alitur,
1191 1059 1224 1088 ct

271 1116 385 1154 ambre
402 1125 526 1154 mutuo
543 1113 799 1153 exsecrandum
813 1114 879 1152 sibi
900 1122 1091 1166 procurant
1107 1112 1221 1150 incre-

272 1186 446 1222 mentum,
469 1190 532 1214 nec
553 1174 728 1213 modicam
750 1175 984 1213 accessionem
1005 1173 1162 1226 capiunt.
1185 1174 1222 1212 Si

272 1238 352 1288 quis
373 1237 484 1288 igitur
511 1237 658 1274 alteram
679 1236 906 1288 praescindat,
933 1235 1111 1273 residuam
1134 1235 1223 1274 alte-

271 1313 348 1337 ram
367 1299 470 1336 sacile
489 1297 616 1350 poterit
632 1310 810 1348 superare.
832 1297 1039 1346 Numquam
1056 1296 1150 1333 enim
1164 1297 1225 1346 qui

271 1373 341 1397 non
362 1359 529 1410 torpescit
560 1358 595 1394 in
621 1357 901 1409 desperationem
933 1356 1093 1402 labetur,
1113 1371 1225 1407 neque

271 1420 331 1470 qui
357 1419 465 1457 alitur
490 1433 552 1471 spe
574 1418 688 1465 bona,
708 1431 772 1454 nec
805 1417 965 1454 animum
997 1416 1192 1469 despondet
1212 1448 1222 1467 ‚

271 1495 439 1532 umquam
458 1480 586 1533 poterit
605 1479 639 1517 in
656 1479 844 1531 segnitiem
867 1478 1002 1516 cadere.
1018 1479 1087 1517 Par
1107 1479 1226 1530 itaque

271 1543 363 1581 illud
395 1543 540 1591 divelle,
559 1552 593 1581 et
618 1543 744 1594 jugum
773 1541 972 1592 confringe,
991 1541 1124 1579 variam
1143 1542 1225 1582 dico

271 1604 372 1642 illam
394 1613 426 1642 et
448 1618 591 1654 gravem
611 1603 860 1654 cogitationem
881 1619 888 1642 :
913 1616 1025 1653 neque
1046 1603 1140 1641 enim
1163 1603 1223 1642 illa

271 1680 350 1717 qnae
371 1674 557 1716 utramque
586 1663 857 1717 complectitur,
880 1664 986 1702 unius
1007 1674 1058 1702 est
1076 1665 1198 1703 forma:
1213 1696 1224 1715 ,

272 1727 334 1766 sed
364 1727 500 1766 variam
529 1736 562 1764 et
601 1725 846 1764 omnimodam
882 1726 1034 1778 speciem
1070 1727 1223 1779 praefert.

270 1788 442 1835 Quaenam
460 1797 511 1826 est
530 1788 617 1826 illa?
635 1787 818 1839 Contingit
834 1786 1027 1838 aliquando
1046 1788 1224 1840 poeniten-

270 1859 342 1889 tem
359 1851 471 1888 multa
493 1859 631 1888 recteet
653 1850 818 1902 praeelare
833 1863 960 1901 agere:
982 1849 1224 1901 interimquea
1247 1860 1272 1891 c

269 1912 374 1951 bonis
388 1912 556 1964 operibus
578 1912 650 1949 labi
664 1926 727 1964 per
741 1912 874 1964 peccati
900 1911 985 1963 ipsis
1012 1921 1103 1949 recte
1125 1911 1226 1950 sactis

271 1974 447 2026 gravitate
459 1974 556 2026 paria
571 1989 578 2010 ε
591 1982 623 2011 et
639 1973 706 2011 boc
722 1973 878 2010 maxime
894 1973 928 2010 in
944 1972 1226 2024 desperationem

272 2035 418 2086 injicere
442 2035 561 2082 valet3
582 2049 622 2072 ae
645 2034 674 2072 si
697 2048 735 2072 ea
757 2048 836 2084 quae
864 2042 1066 2071 constructa
1087 2034 1227 2072 fuerant

270 2098 390 2136 diruta
403 2098 486 2143 sint,
504 2107 538 2135 et
555 2098 683 2150 frustra
698 2097 840 2135 cesserit
858 2097 962 2134 labor
980 2096 1015 2133 in
1039 2096 1111 2133 illis
1122 2109 1227 2145 agen-

272 2159 342 2197 dis.
363 2161 511 2211 Oportet
531 2169 648 2196 autem
664 2159 732 2196 boc
753 2167 870 2196 mente
890 2166 1064 2209 reputare,
1081 2166 1117 2195 et
1135 2157 1226 2195 hanc

273 2221 524 2274 cogitationem
550 2220 750 2273 depellere:
771 2219 939 2269 quoniam
960 2217 986 2255 si
1009 2226 1101 2255 recte
1119 2218 1228 2256 tacto-

274 2298 356 2322 rum
372 2296 588 2330 mensnram,
618 2281 790 2332 :equalem
815 2279 987 2332 pereatis,
1008 2293 1087 2330 quat
1109 2288 1226 2331 postea

274 2343 462 2382 commissa
482 2351 578 2387 sunt,
601 2356 670 2380 non
691 2341 888 2394 depositam
907 2340 1116 2385 babeamus,
1135 2340 1226 2378 nibil

274 2404 480 2456 prohibebit
508 2403 702 2454 quominus
727 2402 867 2454 penitus
890 2401 1148 2453 deprimamur.
1182 2405 1227 2440 At

274 2476 366 2504 recte
381 2466 469 2503 saeta
484 2465 543 2503 illa
559 2473 639 2502 sunt
661 2463 768 2501 veluti
788 2463 916 2500 tborax
935 2463 1046 2510 fortis,
1065 2462 1126 2513 qni
1144 2477 1227 2500 acu·
1248 2477 1272 2506 D

275 2536 352 2566 tum
371 2527 612 2577 acerbumque
634 2525 743 2563 telum
773 2523 936 2576 reprimit
954 2538 997 2562 ne
1016 2538 1105 2576 opus
1125 2538 1230 2562 suum

275 2588 448 2641 perficiat,
467 2587 528 2625 sed
550 2587 622 2639 ipse
638 2585 810 2624 discissus
828 2585 980 2623 multum
1002 2585 1150 2637 periculi
1167 2599 1227 2623 rc-

274 2659 421 2688 tnoveta
439 2663 596 2701 corpore.
612 2649 702 2685 Nam
719 2646 780 2697 qui
799 2661 879 2684 cum
901 2646 1023 2684 multis
1036 2655 1110 2683 tum
1126 2646 1228 2684 bonis

276 2720 351 2748 tum
371 2711 474 2748 malis
494 2709 662 2761 operibus
682 2708 769 2746 illuc
789 2707 962 2755 abscedit,
988 2706 1132 2744 babebit
1158 2707 1226 2744 ali-

276 2771 364 2821 quid
387 2770 502 2808 solatii
523 2771 556 2808 in
582 2770 774 2822 supplicio,
793 2769 877 2807 etin
900 2769 1142 2815 eruciatibus3
1166 2769 1227 2820 qui

275 2840 392 2869 autem
421 2831 594 2867 bonorum
625 2844 774 2882 operum
803 2844 943 2882 experS,
968 2829 1060 2867 mala
1088 2838 1227 2867 tantum

276 2906 395 2929 secum
417 2891 529 2928 desert
545 2920 554 2937 ‚
575 2891 645 2928 «tici
670 2891 786 2941 nequit
813 2900 943 2941 quanta
966 2905 1135 2943 passurus
1156 2893 1199 2927 sit
1216 2920 1224 2934 ,

275 2951 318 2989 ad
347 2961 517 2989 mter-num
539 2951 755 3003 supplicium
776 2951 973 3001 ablegatus.
994 2951 1134 2989 Etenim
1155 2951 1229 2988 illie

275 3012 521 3064 appendentur
537 3026 641 3064 opera
663 3012 768 3055 mala,
790 3026 870 3049 eum
890 3012 971 3050 aliis
991 3026 1058 3050 non
1079 3012 1226 3059 talibus,

277 3083 310 3110 et
327 3074 354 3111 si
370 3073 443 3111 ba3c
464 3083 640 3125 postrema
663 3074 799 3111 tam-cm
815 3073 1040 3126 deprimant,
1065 3087 1132 3111 non
1154 3087 1235 3111 mo-

322 3223 334 3236 *
363 3212 497 3255 Aliquot
514 3212 590 3243 Ma.
611 3216 664 3246 ὑπ’)
680 3222 731 3250 τῆς
747 3217 896 3255 [ζᾳζωμῐις
908 3217 994 3251 αὶςή,
1015 3213 1122 3244 minus
1139 3219 1240 3250 recte,
1257 3211 1288 3242 ni

277 3265 388 3298 fallor.
420 3264 511 3296 Infra
535 3263 635 3295 savit.
665 3272 803 3309 οποτέμῃ
831 3271 878 3298 καὶ
908 3272 1057 3309 ἀποκόψῃ.
1085 3265 1178 3297 Unus
1201 3263 1285 3295 Cod-

277 3326 412 3362 rjmmpr,
433 3323 478 3351 mi
498 3321 635 3359 ὖητιμη.
652 3316 767 3348 Mutet.
787 3316 890 3349 etalii
909 3319 992 3349 utin
1013 3325 1118 3350 textu.

323 3374 337 3395 ¹·
355 3371 446 3402 tjnus
463 3369 546 3401 (ind.
570 3377 606 3406 εἱ,-
625 3376 786 3409 §.my-mutu
804 3375 935 3411 ἐμπέσοι.
949 3369 1052 3403 Smil.
1073 3377 1108 3408 (ῖς
1124 3377 1287 3412 ἀπόγνωσιν

277 3441 310 3457 ἰι
329 3430 419 3459 m'w.
437 3421 550 3454 §ton-t.
570 3430 601 3455 et
620 3422 728 3454 otu-ri
745 3429 777 3453 ut
797 3422 828 3453 iu
849 3429 950 3453 testu.

1276 229 1299 258 Λ
1309 229 1487 260 neuim».

1525 228 1863 259 CONSTANTtNOP
1872 248 1883 259 .

1294 310 1534 362 τετολμηκώς.
1549 311 1596 349 Οἱ
1616 310 1651 348 δὲ
1673 310 1740 348 ὑπὸ
1757 311 1821 355 τῆς
1839 309 1990 362 σφοδρᾶς
2018 311 2247 364 ἀπογνώσεως
2267 313 2314 356 εἷς

1294 373 1510 424 ἀναλγησίαν
1527 371 1746 414 ἐκπεσόντες,
1763 369 1823 408 καὶ
1841 372 1904 416 τῆς
1922 373 1991 409 τῶν
2011 371 2204 423 ἀνθρώπων
2217 372 2315 421 δόξης

1296 433 1621 485 καταφρονήσαντες
1633 463 1642 479 ,
1677 430 1764 480 μετὰ
1796 431 1929 478 πολλῆς
1956 435 2019 479 τ’ῆς
2050 431 2167 476 ἀδείας
2194 435 2315 474 λοιπὸν

1295 495 1414 547 ὥσπερ
1436 494 1602 547 ἀλλότρια
1629 495 1672 531 τὰ
1702 495 1811 530 οἰκεῖα
1831 492 1961 530 ἅπασιν
1990 492 2229 545 ἐξαγορεύουσι
2252 510 2315 533 κα-

1297 557 1355 595 κοί.
1375 557 1480 595 Ἀλλά
1501 572 1539 594 σε
1559 556 1690 594 τούτων
1714 554 1834 594 οὐδένα
1865 547 1954 592 εἶναι
1976 554 2163 606 βούλομαι,
2183 557 2261 596 οὐδὲ
2282 557 2316 602 ἐξ

1298 617 1528 668 ἀπογνώσεως
1559 618 1616 656 ἐπὶ
1648 617 1711 663 τὴν
1745 615 1994 668 ἐξομολόγησιν
2028 615 2205 669 ἔρχεσθαι,
2226 617 2318 656 ἀλλὰ

1300 678 1389 730 μετὰ
1414 679 1624 732 προσδοκίας
1657 680 1809 728 ἀγαθῆς,
1831 677 1891 715 καὶ
1918 679 1980 723 τῆς
2005 676 2237 729 ἀπογνώσεως
2252 677 2316 725 τὴν

1300 740 1395 793 ῥίζαν
1423 741 1620 792 ἐκκόψαντα
1642 746 1777 786 πᾶσαν,
1797 738 1859 785 τὴν
1885 737 2043 776 ἐναντίαν
2063 737 2318 777 ἐπιδείκνυσθαι

1300 803 1465 850 σπουδήν.
1480 802 1544 845 Τίς
1565 802 1600 840 δὲ
1615 805 1636 848 ἦ
1655 800 1783 846 ταύτης
1801 801 1876 853 ῥίζα
1895 799 1954 838 καὶ
1969 799 2088 852 μήτηρ
2106 799 2201 848 ἐστί;
2217 804 2239 848 ἡ
2257 804 2318 854 ῥᾳ-

1299 864 1426 915 θυμία·
1448 865 1580 914 μᾶλλον
1602 863 1637 901 δὲ
1667 863 1728 900 οὐκ
1748 862 1788 900 ἀν
1808 877 1860 904 τις
1890 860 1984 914 ῥίζαν
2013 860 2190 900 καλέσειεν
2210 861 2317 910 αὐτὴν

1299 926 1417 976 μόνον,
1432 924 1521 963 ἀλλὰ
1541 925 1599 962 καὶ
1618 925 1742 976 τροφὸν
1757 924 1814 962 καὶ
1829 922 1979 975 μητέρα.
1998 922 2166 975 Καθάπερ
2179 922 2248 975 γὰρ
2259 922 2319 962 ἐπὶ

1297 990 1365 1025 τῶν
1389 987 1488 1040 ἐρίων
1505 985 1613 1024 τίκτει
1637 984 1700 1035 μὲν
1722 984 1798 1029 τοὺς
1818 987 1927 1030 σῆτας
1942 986 1965 1029 ἡ
1984 982 2108 1036 φθορὰ,
2127 983 2265 1028 αὔξεται
2281 983 2319 1022 δὲ

1296 1048 1402 1086 πάλιν
1421 1048 1480 1084 ὑπ’
1503 1049 1627 1094 αὐτῶν,
1644 1046 1734 1085 οὕτω
1753 1046 1813 1084 καὶ
1831 1047 1979 1084 ἐνταῦθα
1998 1046 2109 1083 τίκτει
2130 1044 2192 1095 μὲν
2211 1047 2234 1092 ἡ
2257 1048 2320 1098 ῥα-

1297 1110 1403 1160 θυμία
1433 1109 1496 1155 τὴν
1526 1109 1722 1161 ἀπόγνωσιν
1737 1140 1746 1156 ,
1767 1110 1929 1161 τρέφεται
1951 1108 1987 1147 δὲ
2010 1109 2115 1147 πάλιν
2132 1107 2226 1148 ’ὑπὸ
2256 1109 2320 1155 τῆς

1298 1170 1527 1222 ἀπογνώσεως
1542 1172 1646 1217 αὐτὴ,
1660 1171 1719 1209 καὶ
1739 1171 1906 1218 ἀλλήλαις
1921 1170 1984 1218 τὴν
1998 1171 2172 1223 ἐπάρατον
2186 1169 2319 1217 ταύτην

1296 1232 1514 1283 παρέχουσαι
1535 1231 1707 1270 ἀντίδοσιν
1725 1231 1869 1283 δύναμιν
1885 1233 1923 1270 οὗ
1939 1231 2067 1284 μικρὰν
2087 1231 2320 1284 προσλαμὸοί·

1297 1308 1423 1330 νουσιν.
1444 1291 1505 1331 Ἂν
1525 1286 1582 1330 οῧν
1605 1293 1669 1339 τὴν
1692 1292 1812 1345 ἑτέραν
1827 1309 1879 1336 τις
1898 1293 2058 1346 ἀποτέμῃ
2074 1294 2134 1332 καὶ
2155 1294 2320 1346 διακόψῃ,

1299 1353 1486 1399 δυνήσεται
1504 1353 1564 1390 καὶ
1588 1356 1649 1399 τῆς
1666 1353 1877 1403 λειπομένης
1895 1355 2138 1406 περιγενέσθαι
2158 1354 2319 1399 εὐκόλως.

1299 1414 1392 1453 Οὔτε
1416 1413 1484 1465 γὰρ
1504 1416 1521 1451 ὁ
1542 1413 1590 1464 μὴ
1617 1416 1778 1467 ῥαθυμῶν
1796 1413 1871 1458 “ἐῖς
1895 1415 2094 1465 ἀπόγνωσιν
2113 1414 2153 1452 ἂν
2174 1414 2321 1466 ἐμπέσοι

1299 1475 1396 1525 ποτὲ,
1414 1476 1490 1515 οὔτε
1504 1479 1522 1514 ὁ
1536 1475 1743 1527 τρεφόμενος
1762 1476 1879 1515 ἐλπίσι
1896 1482 2079 1529 χρησταῖς,
2093 1475 2154 1514 καὶ
2174 1477 2223 1527 μὴ
2238 1478 2323 1515 ἀπο·

1297 1537 1478 1589 γινώσκων
1501 1539 1639 1583 ἑαυτοῦ,
1661 1538 1708 1580 εἷς
1736 1536 1907 1589 ῥαθυμίαν
1932 1537 2118 1584 δυνήσεται
2138 1539 2316 1588 ἐμπεσεῖν.

1299 1599 1442 1646 Ταύτην
1459 1592 1517 1637 οὖν
1534 1614 1594 1649 μοι
1612 1598 1675 1645 τὴν
1695 1597 1863 1650 ξυνωρίδα
1883 1598 2088 1646 διάσπασον,
2108 1600 2167 1637 καὶ
2187 1599 2245 1638 τὸν
2264 1601 2323 1644 ζυ-

1298 1661 1357 1712 γὸν
1379 1661 1574 1712 σύγκλασον
1591 1691 1600 1707 ,
1625 1661 1682 1699 τὸν
1702 1660 1869 1711 λογισμὸν
1898 1660 1989 1711 λέγω
2009 1661 2067 1699 τὸν
2086 1661 2244 1718 ποικίλον
2262 1661 2323 1701 καὶ

1301 1723 1420 1774 βαρύψ
1439 1726 1476 1761 οὐ
1492 1723 1560 1775 γὰρ
1578 1722 1758 1773 μονοειδὴς
1772 1726 1789 1760 ὁ
1802 1726 1914 1760 ταῦτα
1934 1723 2088 1776 συνέχων
2106 1723 2211 1772 ἐστὶν,
2231 1725 2322 1764 ἀλλὰ

1298 1784 1482 1831 πολυειδὴς
1497 1785 1555 1822 καὶ
1573 1784 1805 1826 παντοδαπός.
1815 1784 1880 1826 Τίς
1894 1783 1931 1821 δὲ
1943 1778 2040 1827 οὗτος
2055 1785 2150 1833 ἐστί;
2165 1786 2323 1837 Συμὸαί.

1299 1862 1348 1884 νει
1374 1846 1452 1884 τινὰ
1473 1845 1688 1896 μεταγνόντα
1708 1846 1930 1896 κατορθῶσαι
1948 1846 2062 1884 πολλὰ
2080 1847 2138 1885 καὶ
2170 1848 2322 1898 μεγάλα,

1301 1905 1428 1958 μεταξὺ
1440 1906 1474 1945 δὲ
1488 1908 1547 1945 καὶ
1559 1907 1728 1959 ἁμαρτεῖν
1744 1904 1848 1943 πάλιν
1860 1907 1928 1944 τῶν
1944 1908 2225 1959 κατορθωμάτων
2237 1910 2324 1948 ἐκεί-

1299 1985 1366 2007 νων
1379 1968 1554 2021 ἁμαρτίαν
1567 1967 1783 2019 ἀντίρροπον·
1793 1967 1852 2007 καὶ
1864 1972 1965 2006 τοῦτο
1981 1968 2137 2020 μάλιστα
2147 1970 2265 2010 ἱκανὸν
2277 1973 2324 2014 εἷς

1300 2030 1498 2082 ἀπόγνωσιν
1523 2029 1709 2079 ἐμὸαλεῖν,
1724 2032 1771 2073 ὡς
1789 2033 1857 2068 τῶν
1881 2030 2177 2081 οἰκοδομηθέντων
2195 2035 2324 2071 καθαι-

1303 2093 1488 2144 ρεθέντων,
1515 2090 1573 2129 καὶ
1593 2090 1733 2128 πάντων
1762 2090 1901 2129 ἐκείνων
1929 2091 2044 2141 μάτην
2063 2092 2121 2129 καὶ
2139 2094 2209 2136 σείς
2226 2094 2323 2132 κενὸν

1299 2151 1517 2199 πονηθέντων
1536 2153 1642 2203 αὐτῷ.
1656 2156 1718 2190 Δεῖ
1731 2151 1766 2189 δὲ
1780 2154 1892 2190 ἐκεῖνο
1909 2152 2118 2202 λογίζεσθαι,
2129 2153 2188 2191 καὶ
2204 2157 2325 2194 τοῦτον

1300 2213 1476 2263 ἐκκρούειν
1490 2214 1546 2252 τὸν
1563 2214 1745 2264 λογισμὸν,
1757 2213 1823 2257 ὅτι,
1835 2215 1865 2250 εἷ
1880 2213 1928 2262 μὴ
1944 2213 2136 2265 φθάσαντες
2150 2219 2326 2267 κατορθω-

1301 2276 1420 2326 μάτων
1439 2275 1564 2327 μέτρον
1584 2274 1790 2328 ἀντίῤῥοπον
1806 2279 1878 2319 τοῖς
1896 2274 1985 2324 μετὰ
2002 2279 2111 2313 ταῦτα
2130 2276 2327 2327 γενομένοις

1300 2336 1551 2390 ἁμαρτήμασιν
1580 2336 1801 2386 ἀπεθέμεθα,
1821 2336 1917 2374 οὐδεν
1942 2334 1982 2372 ἂν
2003 2339 2096 2386 ἡμᾶς
2115 2336 2249 2389 σφόδρα
2265 2337 2325 2375 καὶ

1299 2401 1495 2450 ὁλοσχερῶς
1514 2398 1710 2436 καταδῦναι
1729 2396 1898 2437 ἐκώλυσε.
1918 2396 2028 2436 ‘¹Nuvt
2047 2398 2082 2436 δὲ
2096 2398 2256 2451 καθάπερ
2273 2414 2326 2442 τις

1300 2461 1413 2512 θώραξ
1429 2459 1568 2512 ἰσχυρὸς
1590 2459 1687 2510 βέλος
1703 2458 1760 2503 ὀξὺ
1780 2459 1839 2497 καὶ
1858 2459 1982 2512 πικρὸν
2001 2461 2064 2498 οὐκ
2080 2461 2212 2512 ἀφῆκεν
2227 2460 2329 2512 ἔργά·

1691 2520 1922 2535 ’’’’’

1301 2583 1412 2633 ἤμυνε
1430 2584 1480 2634 τῷ
1500 2582 1641 2633 σώματι
1659 2581 1827 2621 κίνδυνον.
1844 2580 1890 2619 ‘O
1913 2581 1974 2631 μὲν
1994 2581 2061 2634 γὰρ
2080 2582 2170 2633 μετὰ
2186 2583 2326 2621 πολλῶν

1301 2644 1412 2697 ἔργων
1428 2644 1487 2681 καὶ
1501 2646 1641 2694 ἀγαθῶν
1659 2643 1717 2680 καὶ
1737 2645 1897 2694 πονηρῶν
1914 2643 2151 2695 ἀπερχόμενος
2165 2645 2250 2692 ἐκεῖ,
2259 2644 2328 2689 ἔξει

1300 2704 1379 2743 τινὰ
1388 2704 1612 2755 παραμυθίαν
1623 2704 1679 2741 ἐπὶ
1690 2706 1732 2755 τῇ
1742 2704 1883 2742 κολάσει
1893 2704 1951 2741 καὶ
1964 2709 2034 2748 τοῖς
2045 2706 2328 2758 βασανιστηρίοις

1301 2766 1457 2809 ἐκείνοις·
1472 2769 1489 2804 ὃ
1505 2765 1540 2804 δὲ
1556 2765 1686 2803 τούτων
1707 2764 1769 2815 μὲν
1786 2766 1925 2816 ἔρημος,
1937 2767 2051 2803 ἐκεῖνα
2067 2766 2102 2805 δὲ
2120 2766 2222 2817 μόνον
2244 2767 2329 2807 ἐπά-

1301 2845 1392 2879 γων,
1407 2827 1483 2866 οὐδὲ
1506 2826 1636 2865 ἔνεστιν
1665 2829 1772 2864 εἰπεῖν
1790 2826 1853 2864 ὅσα
1871 2827 2029 2866 πείσεται
2049 2828 2134 2881 πρὸς
2156 2829 2221 2877 τὴν
2241 2830 2329 2870 ἀθά-

1302 2905 1404 2927 νατον
1423 2887 1746 2940 παραπεμπόμενος
1767 2889 1924 2926 κόλασιν.
1948 2890 2016 2927 Καὶ
2039 2890 2105 2943 γὰρ
2129 2891 2331 2938 ἀντίστασις

1303 2952 1400 2990 ἔσται
1431 2953 1501 2989 ἐκεῖ
1529 2950 1587 2987 καὶ
1614 2951 1682 2987 τῶν
1713 2952 1873 3001 πονηρῶν
1908 2950 2085 3001 πράξεων,
2105 2952 2169 2990 καὶ
2194 2955 2263 2992 τῶν
2290 2956 2328 2993 οὗ

1303 3009 1480 3049 τοιούτων·
1494 3009 1557 3046 κᾶν
1577 3007 1639 3058 μὲν
1664 3002 1766 3046 αὗται
1786 3011 2028 3048 καθελκύσωσι
2041 3011 2100 3049 τὸν
2116 3011 2229 3062 ζυγὸν,
2243 3012 2332 3052 ἔσω-

1305 3087 1368 3110 σαν
1389 3073 1427 3110 οὐ
1446 3074 1579 3122 μικρῶς
1597 3070 1654 3108 τὸν
1674 3071 1823 3123 ἐργάτην
1843 3071 1899 3109 τὀν
1922 3072 2145 3118 ἑαυτῶν,καὶ
2157 3075 2196 3112 οὗ
2209 3077 2330 3113 τοσοῦ·

1370 3219 1383 3233 0
1408 3210 1561 3249 antuor
1594 3209 1670 3240 Mss.
1699 3214 1736 3247 ei,-
1767 3215 1846 3243 κενά.
1864 3209 1981 3247 Sasu..
2004 3208 2120 3242 ¹ssorel.
2145 3217 2179 3242 et.
2207 3209 2263 3242 alii
2292 3216 2330 3249 εἰς

1323 3273 1414 3300 nudu-
1438 3262 1527 3294 lulrn
1547 3262 1648 3294 smil.
1672 3269 1705 3293 et
1726 3274 1807 3294 unus
1827 3262 1911 3293 Cod.
1929 3269 2146 3307 ἁμαρτήμασιν
2161 3267 2329 3306 apo-›imot-

1321 3324 1412 3358 μιθα.
1435 3314 1598 3358 [lterum]

1366 3371 1381 3394 «Ι
1406 3367 1506 3399 §.wib
1527 3377 1555 3398 εἰ
1576 3367 1700 3409 aliquot
1720 3366 1772 3398 ..lii
1792 3368 1976 3399 unda-15.
1996 3368 2068 3398 uox
2085 3365 2184 3399 Snvil.
2202 3375 2232 3398 rt
2246 3379 2328 3400 unus

1321 3422 1404 3454 (jod.

1429 3428 1471 3454 osv
1492 3424 1841 3466 72¹1‘22a1‘152„g1:2:;221.
1863 3422 1868 3460 l
1892 3421 1929 3452 Et
1949 3419 2032 3452 iussa
2053 3426 2079 3454 ἑν
2097 3429 2132 3462 τῇ
2150 3423 2266 3454 mmm
2286 3419 2295 3464 1
