2549 3825
623 275 680 310 AD
716 280 955 310 STAGmiUM
995 282 1022 309 A
1058 278 1255 309 DAEMONE
1290 278 1525 310 VEXATUM.
1564 277 1648 307 LlB.
1687 275 1755 306 ΙΙΙ.
2123 271 2205 315 271

170 366 356 417 θεινότερον
387 358 429 410 ἦν
471 379 530 413 μοι
567 363 614 406 εἷς
652 361 792 412 γέενναν
825 362 1016 410 ἐμπεσεῖν,
1050 360 1072 406 ἢ
1110 360 1188 403 τοὺς
1260 359 1416 412 jusmodi
1436 360 1593 398 tristium
1613 359 1667 397 illi
1690 355 1908 409 contigisse:
1939 364 1982 393 ne
2000 352 2213 406 sicquidem

168 425 388 478 Ἰσραηλίτας
414 425 645 466 ἀπιστοῦντας
672 426 768 474 ὃρᾷν.
803 421 856 459 Τὸ
883 421 952 473 γὰρ
971 450 982 469 ,
1015 421 1188 472 Ηῦχόμην
1262 435 1411 459 moerore
1436 435 1590 461 vacuum
1612 419 1772 458 invenire
1790 416 1998 470 poterimus.
2021 416 2102 463 Qua
2121 415 2157 453 in
2176 428 2216 453 re

171 486 327 536 ἀνάθεμα
359 479 446 522 εἶναι
460 512 470 531 ,
490 483 592 521 τοῦτό
621 484 726 520 ἐστιν·
754 484 772 519 ὁ
798 482 837 520 δὲ
853 481 918 527 τὴν
938 482 974 519 ἐν
1002 483 1046 532 τῇ
1067 481 1189 532 γεέννῃ
1263 482 1382 520 nullus
1401 482 1530 521 iterum
1559 482 1657 519 testis
1681 479 1797 532 aptior
1815 477 1992 524 occurrit,
2012 490 2121 527 quam
2139 475 2216 528 ipse

169 547 310 584 κόλασιν
327 544 488 594 ἑλόμενος
504 543 591 596 ὑπὲρ
609 546 668 581 τοῦ
696 543 885 589 δυνηθῆναι
903 540 1191 593 προσαγαγέσθαι
1263 541 1324 591 qui
1351 556 1474 593 passus
1493 551 1556 580 est.
1579 540 1681 588 Quid
1707 539 1801 577 enim
1828 538 1889 576 ille
1912 537 1991 576 ait?
2023 538 2215 588 Optabam
2231 550 2320 581 Rom.
2336 561 2368 591 9,
2387 554 2418 583 3.

169 607 246 650 τοὺς
262 605 448 649 Ἰουδαίους
466 604 644 649 ἅπαντας,
667 603 809 648 εὔδηλον
829 602 884 641 ὅτι
911 601 1035 640 τούτου
1062 600 1110 651 μὴ
1131 616 1192 638 τυ·
1264 603 1477 640 anathema
1492 616 1573 640 esse
1590 616 1616 640 a
1634 602 1790 639 Christo
1810 612 1880 650 pro
1890 600 2092 651 fratribus
2109 597 2214 645 meis,

170 669 242 720 χὼν
256 699 266 716 ,
288 671 356 705 τῶν
378 668 412 704 ἐν
432 668 474 718 τῇ
494 665 615 717 γεέννῃ
645 664 886 714 κολαζομένων
920 664 1018 714 διῆγε
1041 661 1193 714 βαρύτε-
1215 651 1239 681 ⁶
1266 667 1440 715 cognatis
1469 667 1562 701 meis
1591 662 1804 700 secundum
1831 672 1988 697 carnem
2003 689 2012 704 ,
2034 660 2104 709 qui
2128 666 2219 696 sunt

170 746 248 783 ρον,
268 729 414 781 ἐπείπερ
443 730 553 767 έκεῖνο
573 728 704 778 μᾶλλον
741 726 835 777 αὐτῷ
868 724 960 764 κατὰ
998 724 1142 776 γνώμην
1171 722 1193 769 ἢ
1266 723 1473 763 Israelizae.
1497 722 1603 771 Quod
1633 732 1751 760 autem
1777 720 1891 768 dicit,
1908 719 1977 756 hoe
1992 728 2072 756 est:
2102 719 2220 770 Opta-

173 794 273 829 τοῦτο
291 783 346 835 ἦν.
1266 783 1377 822 bilius
1405 783 1495 821 mihi
1525 793 1600 821 erat
1625 784 1660 821 in
1688 783 1884 834 gehennam
1910 779 2088 829 incidere,
2111 793 2220 830 quam

1267 844 1447 884 Israelitas
1461 844 1624 882 infideles
1634 853 1667 882 et
1680 842 1883 882 incredulos
1897 842 2018 880 videre
2029 856 2037 878 :
2048 841 2116 880 hoc
2123 841 2219 879 enim

1268 914 1334 955 est,
1355 907 1548 957 Optabam
1565 906 1777 943 anathema
1793 917 1886 943 esse.
1903 903 1938 942 Is
1953 911 2072 941 autem
2085 902 2147 953 qui
2162 903 2220 940 eli-

1268 966 1372 1018 gebat
1392 965 1559 1017 gehennae
1579 966 1792 1015 cruciatum,
1814 973 1854 1002 ut
1873 962 2015 1003 Judaeos
2032 977 2153 1001 omnes
2174 963 2221 1002 ad

1267 1025 1377 1065 fidem
1396 1035 1514 1079 posset
1528 1026 1708 1075 inducere,
1726 1027 1841 1077 liquet
1860 1025 2016 1076 profecto
2036 1024 2133 1075 quod
2150 1038 2220 1062 non

1268 1089 1401 1140 potitus
1419 1088 1495 1126 voti
1521 1088 1576 1126 sui
1606 1088 1752 1140 gravius
1789 1086 2034 1133 afficiebatur,
2056 1099 2165 1136 quam
2196 1085 2221 1123 ii

1267 1149 1330 1200 qui
1344 1149 1380 1187 in
1392 1149 1549 1202 gehenna
1559 1149 1762 1187 cruciantur
1778 1163 1786 1185 :
1802 1146 2092 1198 quandoquidem
2103 1146 2221 1199 potius

1269 1214 1335 1252 hoc
1351 1228 1458 1264 quam
1475 1213 1568 1252 illud
1587 1212 1764 1265 cupiebat.

263 1277 272 1292 ι
306 1277 339 1291 Μ

231 1280 281 1318 Συ
302 1294 339 1316 ΟΞ
371 1294 429 1328 μοι
455 1279 531 1316 καθ’
555 1276 702 1315 ἕκαστον
729 1277 800 1314 τῶν
831 1274 1021 1327 Εἷρημὲνων
1055 1273 1103 1324 μὴ
1135 1274 1198 1321 τὴν
1323 1287 1387 1322 12.
1405 1284 1464 1321 Tu
1479 1284 1587 1322 velim
1599 1296 1663 1335 per
1676 1282 1816 1333 singula
1830 1296 1908 1334 quae
1924 1281 2020 1319 dicta
2035 1290 2131 1329 sunt,
2148 1294 2217 1319 non
2267 1285 2427 1324 comparat

179 1342 341 1379 ὑπόθεσιν
360 1338 496 1390 λογίζου
520 1338 636 1389 μόνον,
650 1338 685 1382 ἐξ
703 1332 744 1383 ἧς
759 1340 780 1383 ἡ
797 1336 929 1386 ἀθυμία
945 1342 1016 1379 τοῖς
1035 1335 1199 1388 ἀνδράσιν
1268 1337 1385 1375 solum
1410 1336 1593 1374 materiam
1618 1336 1764 1386 cogites,
1789 1349 1835 1372 ex
1856 1349 1926 1385 qua
1945 1334 2111 1371 moestitia
2130 1334 2218 1373 viris
2232 1328 2350 1396 lstagirii
2367 1329 2425 1355 ²¹0‘

181 1401 322 1444 ἐκείνοις
350 1400 525 1448 ἐτίκτετο,
543 1398 634 1437 ἀλλὰ
661 1398 722 1437 καὶ
748 1398 788 1436 τὸ
819 1398 942 1449 μέτρον
972 1399 1036 1442 τῆς
1069 1396 1200 1445 λύπης,
1269 1397 1340 1435 illis
1359 1397 1585 1449 gignebatur,
1614 1394 1674 1433 sed
1703 1409 1905 1433 mensuram
1933 1394 2040 1432 etiam
2066 1394 2219 1442 doloris,
2246 1378 2426 1446 ωῐῗῃξιῗῖ

182 1463 242 1501 καὶ
255 1466 268 1482 ‘¹
283 1464 402 1512 πολλῷ
416 1466 526 1499 ταῦτα
547 1461 687 1511 μείζονα
715 1460 791 1511 ὄψει
810 1462 872 1505 τῆς
891 1458 1014 1504 ὀδύνης
1038 1461 1100 1504 τῆς
1124 1461 1202 1504 σῆς.
1269 1467 1304 1496 et
1321 1458 1434 1496 multo
1445 1457 1547 1495 illum
1568 1458 1740 1509 majorem
1765 1457 1928 1509 aspicies,
1938 1470 2044 1507 quam
2059 1465 2140 1495 tuus
2159 1457 2218 1495 sit.
2235 1460 2302 1477 “²¹¹¹
2353 1462 2425 1478 '¹¹⁰²‘

183 1524 235 1562 Τὸ
263 1523 329 1575 γὰρ
351 1522 592 1573 ἐξεταζόμενον
612 1525 669 1559 νῦν
700 1520 802 1559 τοῦτο’
819 1522 928 1567 ἔστιν,
951 1522 980 1558 εἰ
1000 1518 1202 1571 χαλεπώτε-
1270 1519 1377 1568 Quod
1397 1519 1489 1557 enim
1513 1517 1618 1557 modo
1639 1518 1825 1569 quaeritur‚
1850 1518 1917 1556 hoc
1945 1527 2010 1565 est,
2032 1518 2224 1569 graviusne
2238 1501 2316 1520 rore.

184 1600 241 1636 ρον
269 1584 397 1634 ἤλγουν
419 1585 560 1621 ἐκεῖνοι·
581 1582 706 1634 μέτρον
733 1581 768 1620 δὲ
789 1581 939 1632 ἀθυμίας
963 1583 1025 1618 οὐκ
1045 1580 1114 1618 ἀπὸ
1139 1583 1204 1627 τῆς
1271 1580 1324 1618 illi
1343 1589 1582 1631 angerentur:
1601 1594 1707 1632 porro
1721 1580 1897 1618 moestitiae
1916 1593 2080 1617 mensura
2095 1594 2164 1618 non
2180 1594 2227 1619 ex

182 1647 366 1692 τικτούσης
400 1643 506 1690 αὐτὴν
536 1644 740 1695 προφάσεως
774 1643 896 1694 μόνον,
920 1644 1010 1682 ἀλλὰ
1043 1643 1102 1680 καὶ
1133 1642 1204 1681 ἀπὸ
1271 1640 1452 1678 occasione
1462 1655 1530 1692 qua
1544 1650 1625 1679 nata
1638 1641 1828 1687 estsolum,
1847 1640 1908 1679 sed
1924 1655 1970 1679 ex
1985 1641 2105 1678 verbis
2118 1641 2226 1679 etiam

182 1709 251 1744 τῶν
273 1705 438 1758 ῥημάτων
459 1703 517 1743 καὶ
536 1703 604 1742 ἀπὸ
623 1706 692 1742 τῶν
711 1705 931 1756 πραγμάτων
954 1704 1203 1755 δοκιμάζεσθαι
1273 1710 1307 1739 et
1328 1702 1433 1739 rebus
1455 1702 1600 1753 probari
1619 1703 1817 1741 consuevit.
1845 1704 1937 1741 Nam
1968 1702 2117 1754 plurimi
2144 1717 2226 1741 cum

182 1767 346 1818 πέφυκεν.
379 1764 512 1803 Πολλοὶ
553 1764 616 1811 μὲν
663 1758 720 1803 οῧν
766 1765 936 1817 χρήματα
970 1765 1205 1808 ἀπολέσαντες
1274 1763 1391 1801 solum
1409 1762 1625 1801 amississent
1646 1764 1812 1815 pecunias
1826 1792 1836 1810 ‚
1859 1763 1973 1814 magis
1994 1777 2101 1814 quam
2120 1764 2228 1802 modo

184 1827 286 1878 μόνον
315 1826 479 1878 μειζόνως
505 1825 663 1876 ἤλγησαν
695 1828 758 1872 τῆς
785 1826 926 1877 ἀγάπης
953 1828 1015 1872 τῆς
1042 1829 1125 1874 σ’ἧς,
1145 1825 1205 1863 καὶ
1229 1833 1254 1864 D
1274 1825 1403 1863 caritas
1421 1834 1480 1863 tua
1504 1824 1712 1873 doluerunt,
1734 1834 1840 1876 atque
1855 1839 1901 1863 cx
1924 1825 1967 1863 iis
1989 1826 2050 1863 alii
2071 1839 2108 1863 se
2125 1826 2228 1877 aquis

183 1891 215 1928 οἱ
236 1886 297 1938 μὲν
327 1889 375 1931 εἷς
397 1886 548 1938 πέλαγος
577 1886 720 1939 ἔρριψαν
745 1887 908 1936 ἑαυτοὺς,
926 1889 957 1926 οἱ
981 1888 1017 1927 δὲ
1037 1888 1096 1926 καὶ
1118 1888 1205 1942 βρό-
1275 1886 1555 1931 suffocaverunt,
1569 1885 1630 1923 alii
1646 1885 1772 1936 laqueo
1786 1886 1854 1923 sibi
1869 1885 1981 1924 vitam
1991 1895 2227 1932 extorserunt,

184 1966 256 2003 χων
275 1950 429 2002 ἥψαντο,
446 1951 509 1987 οὐκ
527 1949 723 2000 ἐνεγκόντες
749 1948 813 1996 τὴν
843 1949 990 2000 ζημίαν·
1019 1950 1145 2003 ἑτέρων
1171 1950 1207 1990 δὲ
1274 1946 1486 1984 detrimenta
1518 1959 1588 1983 non
1616 1945 1793 1984 ferentes:
1821 1946 1974 1985 aliorum
2005 1959 2091 1984 vero
2121 1946 2228 1985 etiam

184 2011 243 2050 καὶ
265 2009 343 2053 τοὺς
368 2008 567 2062 ὀφθαλμοὺς
596 2009 738 2048 ἔσὸεσεν
767 2014 788 2057 ἠ
809 2013 872 2057 τῆς
900 2010 1050 2062 ἀθυμίας
1079 2012 1208 2059 ταύτης
1276 2007 1399 2045 oculos
1420 2009 1702 2061 moerorishujus
1718 2009 1774 2048 vis
1787 2023 1828 2047 ac
1842 2005 2052 2059 magnitudo
2071 2008 2228 2046 caecavit.

184 2071 371 2125 ὖπερὸολή·
399 2070 513 2109 καίτοι
547 2071 640 2109 δοκεῖ
673 2071 711 2110 τὸ
734 2071 912 2124 [χρήματα
945 2072 1115 2112 ἀπολέσαι
1146 2075 1207 2111 τοῦ
1276 2069 1324 2107 Et
1341 2077 1434 2107 certe
1453 2068 1558 2121 longe
1571 2070 1684 2109 levius
1703 2084 1744 2108 ac
1762 2068 1984 2108 tolerabilius
2005 2068 2148 2106 videtur
2164 2083 2230 2121 pe-

186 2132 281 2185 παρὰ
307 2132 469 2182 δαίμονος
499 2132 731 2184 ἐνοχληθῆναι
754 2132 897 2171 ἔλαττον
926 2127 1014 2172 εἶναι
1033 2134 1093 2171 καὶ
1121 2149 1208 2172 κου..
1276 2129 1398 2168 eunias
1409 2129 1584 2176 amittere,
1603 2145 1711 2182 quam
1725 2130 1927 2184 perturbari
1943 2144 1961 2167 a
1976 2129 2154 2178 daemonc;
2168 2131 2229 2169 scd

186 2194 341 2245 φότερον,
362 2194 439 2231 ἀλλ’
461 2193 554 2243 ὅμως
584 2193 707 2232 πολλοὶ
737 2197 840 2232 τοῦτο
869 2194 932 2245 μὲν
953 2194 1103 2245 ἤνεγκαν
1116 2224 1126 2242 ,
1148 2197 1206 2234 ὑπ’
1276 2201 1392 2230 tamen
1412 2191 1557 2244 plurimi
1577 2206 1659 2230 cum
1672 2193 1748 2230 haec
1762 2191 1901 2230 fortiter
1915 2191 2092 2238 tulissent,
2107 2191 2153 2229 ab
2167 2192 2229 2230 illo

185 2254 315 2293 ἐκείνου
334 2255 370 2292 δὲ
387 2254 602 2302 ἡττήθησαν.
624 2253 685 2300 Μὴ
711 2253 778 2305 γὰρ
801 2254 870 2292 ἀπὸ
889 2257 950 2301 τῆς
969 2260 1116 2294 σεαυτοῦ
1136 2259 1207 2308 ψυ-
1276 2254 1433 2306 superati
1457 2264 1551 2292 sunt.
1571 2254 1694 2305 Neque
1719 2254 1814 2292 enim
1844 2253 1952 2292 velim
1975 2253 2041 2291 ista
2062 2268 2157 2292 nunc
2185 2267 2228 2292 ex

187 2318 253 2367 χῆς
274 2319 384 2352 ταῦτα
404 2314 571 2365 δοκίμαζε
591 2318 670 2361 νῦν,
694 2315 775 2363 μηδ’
796 2314 850 2352 ὅτι
870 2315 911 2354 σὺ
930 2318 1127 2368 καταγελᾷς
1145 2319 1206 2363 τῆς
1275 2316 1395 2353 animo
1414 2324 1476 2353 tuo
1495 2315 1667 2360 metiaris,
1690 2329 1803 2366 neque
1820 2315 1988 2366 quoniam
2005 2323 2042 2352 tu
2058 2314 2228 2367 pecunia-

186 2379 255 2414 τῶν
283 2374 477 2427 χρημάτων
500 2374 645 2424 ζημίας,
667 2375 734 2422 ἤδη
769 2375 828 2413 καὶ
856 2376 935 2420 τοὺς
961 2378 1085 2421 ἄλλους
1116 2378 1207 2416 οὕτω
1276 2390 1355 2414 rum
1377 2376 1588 2414 detrimenta
1615 2376 1758 2422 irrides,
1779 2376 1866 2414 alios
1886 2376 1990 2413 ctiam
2013 2376 2061 2413 ita
2085 2376 2230 2414 affectos

187 2439 381 2475 διακεῖσθαι
402 2435 530 2486 νόμιζε·
551 2436 699 2479 πολλοὺς
717 2436 785 2490 γὰρ
806 2438 865 2475 καὶ
884 2441 932 2482 εἷς
958 2440 1206 2491 παραπληξίαν
1276 2438 1480 2476 arbitreris:
1509 2438 1642 2489 quippe
1671 2451 1794 2475 earum
1820 2437 1962 2474 amissio
1991 2436 2166 2488 plurimos
2192 2437 2228 2474 in

186 2498 246 2536 καὶ
280 2500 327 2541 εἰς
360 2497 423 2543 τὴν
467 2498 620 2550 ἐσχάτην
656 2498 784 2548 ζημίαν
810 2502 832 2545 ἢ
858 2499 988 2538 τούτων
1028 2501 1207 2553 ἀφαίρεσις
1278 2499 1450 2537 insaniam
1487 2508 1520 2536 et
1553 2512 1690 2536 summa
1725 2497 1936 2535 detrimenta
1970 2496 2149 2549 perduxit.
2182 2499 2228 2535 At

185 2559 309 2610 ἤγαγε.
334 2558 500 2597 Γενναίαν
525 2558 587 2608 μὲν
617 2558 685 2610 γὰρ
710 2559 826 2612 ψυχὴν
858 2560 1035 2613 οὐδέτερον
1065 2562 1207 2602 δύναται
1277 2559 1371 2597 enim
1392 2559 1521 2598 fortem
1545 2558 1705 2596 animum
1734 2567 1900 2595 neutrum
1927 2557 2055 2595 horum
2075 2556 2229 2609 dejicere

186 2620 316 2659 τούτων
337 2620 563 2658 καταῧαλεῖν·
579 2624 601 2667 ἡ
629 2620 664 2659 δὲ
685 2621 832 2667 ἀσθενὴς
859 2621 918 2659 καὶ
951 2623 1207 2675 βιωτικώτερον
1279 2621 1395 2668 valon
1418 2618 1608 2657 imbociilis
1628 2632 1712 2655 vero
1738 2631 1777 2654 nc
1805 2618 1934 2655 saeculo
1954 2616 2119 2655 addictus
2133 2647 2142 2659 .
2165 2617 2228 2656 illo

186 2681 387 2732 διακειμένη
407 2682 527 2735 ἐκείνῳ
549 2684 680 2732 μᾶλλον
708 2682 729 2729 ἢ
749 2682 860 2732 τούτῳ
880 2683 1058 2723 δάκνεται.
1084 2685 1132 2723 Τί
1150 2686 1208 2734 δή·
1278 2682 1396 2733 potius
1420 2694 1526 2731 quam
1546 2680 1611 2717 isto
1633 2679 1823 2717 cruciatur.
1839 2678 1911 2716 Cur
1931 2678 1993 2716 id?
2014 2679 2109 2726 Quia
2131 2678 2227 2717 idem

186 2757 293 2789 ποτε;
313 2742 400 2782 ‘'O-rt
429 2745 490 2782 οὐκ
509 2741 603 2781 ἔστιν
624 2743 695 2782 ἴσον
717 2743 820 2794 λιμὸν
840 2744 1030 2783 δεδοικέναι
1062 2747 1208 2784 διαπαν-
1232 2722 1254 2751 E
1279 2750 1426 2787 nonest,
1447 2742 1573 2779 famem
1586 2753 1722 2791 semper
1735 2748 1903 2784 metum-c,
1917 2747 1949 2776 et
1964 2739 2087 2791 paucis
2100 2738 2227 2777 diebus

185 2804 242 2848 τὸς
271 2804 330 2842 καὶ
361 2805 405 2842 δι’
424 2806 566 2856 ἡμερῶν
599 2821 702 2842 τινων
735 2806 988 2857 διενοχλεῖσΟαι
1019 2807 1116 2858 παρὰ
1148 2813 1208 2847 τοῦ
1277 2803 1402 2854 agitari
1427 2802 1491 2840 lim·
1510 2801 1643 2839 unm-bo.
1663 2801 1751 2838 Num
1769 2800 1828 2837 hic
1849 2800 1995 2851 quidem
2015 2800 2116 2838 brevi
2138 2810 2227 2839 tem-

185 2865 379 2916 νοσήματος
397 2864 534 2904 τούτου.
555 2865 728 2904 Ἐνταῦθα
750 2866 811 2916 μὲν
831 2866 898 2917 γὰρ
919 2868 954 2906 ἐν
976 2869 1101 2919 βραχεῖ
1124 2885 1206 2906 χαι-
1278 2865 1374 2917 poris
1395 2873 1493 2916 partc-
1509 2862 1548 2899 sit
1569 2861 1734 2900 violentia
1751 2862 1887 2902 omnis.
1909 2875 1976 2899 non
2001 2875 2100 2899 secus
2119 2875 2226 2912 quam

187 2930 245 2975 ροῧ
266 2926 363 2977 μέρει
382 2926 478 2964 πᾶσά
499 2928 590 2964 ἐστιν
611 2929 633 2972 ἡ
654 2926 731 2977 βία,
754 2927 913 2981 καθάπερ
930 2932 1080 2980 πυρετοῦ
1104 2946 1207 2977 τινος,
1278 2926 1385 2964 sebi-is
1401 2924 1587 2976 cujusdam
1603 2955 1609 2965 ,
1626 2932 1685 2960 aut
1702 2923 1847 2972 ἤρξω-ιε,
1862 2923 1919 2960 vel
1935 2922 2082 2960 alterius
2102 2923 2226 2961 inuui-

186 2985 362 3039 ἢφρῖκης,
387 2987 485 3032 ἢκαὶ
509 2987 628 3039 ἑτέρας
646 2988 914 3039 προσὸαλούσης
935 2990 1026 3031 τινὸς
1044 2990 1206 3042 περιόδου
1279 2989 1391 3026 nentis
1421 2986 1587 3038 periculi:
1619 2985 1689 3020 ium
1721 2983 1838 3022 minus
1864 2984 2034 3036 temporis
2058 2993 2226 3037 ιιι-ευριπ.

187 3050 317 3098 μᾶλλον
335 3048 370 3087 δὲ
393 3047 452 3086 καὶ
470 3047 600 3086 τούτων
626 3049 793 3087 ἐλάττονα
820 3051 940 3102 πολλῷ
962 3050 1104 3102 κατέχει
1125 3067 1206 3089 χαι-
1277 3063 1384 3100 quani
1398 3044 1683 3084 istann1nia.sui
1700 3045 1964 3082 sortasserincit
1979 3046 2230 3084 vehementia?

188 3108 254 3159 ρόν·
277 3109 357 3146 εἰδὲ
383 3112 425 3161 τῇ
445 3108 655 3160 σφοδρότητι
688 3116 788 3161 νικᾷ,
813 3112 961 3155 πολλοὺς
983 3113 1051 3148 τῶν
1078 3128 1204 3164 πυρετ-
1281 3109 1386 3160 Atqui
1416 3106 1590 3159 plurimos
1612 3106 1676 3143 tibi
1702 3119 1839 3157 possein
1859 3105 2021 3156 (quidem
2046 3106 2229 3145 ostendere

187 3168 313 3207 τόντων
337 3170 451 3222 ἔχοιμ’
473 3169 513 3207 ἂν
532 3170 639 3215 δεῖξαι
670 3171 737 3222 ἐγὼ
765 3173 885 3223 πολλῷ
911 3173 979 3210 τῶν
1007 3173 1204 3223 δαιμονών-
1281 3172 1478 3208 tahon-antes
1497 3168 1669 3211 febribus,
1692 3167 1752 3218 qui
1773 3182 1853 3205 euni
1870 3182 1909 3205 oo
1926 3167 2006 3219 igne
2023 3168 2226 3222 corripiun-

187 3244 253 3267 των
274 3231 405 3280 μᾶλλον
433 3230 693 3281 ἐξισταμένους,
713 3231 795 3269 ὅταν
814 3232 935 3284 ἐκείνῳ
960 3236 1204 3284 κατασχεθῶσι
1220 3243 1356 3294 Μῑιιιη
1377 3231 1489 3268 multo
1516 3228 1626 3279 :inagis
1645 3242 1752 3279 ιμιειιιι
1774 3228 1796 3265 ii
1814 3258 1823 3272 ,
1845 3228 1906 3279 qui
1927 3229 2181 3280 'manduntur
2205 3246 2226 3270 a

188 3290 236 3340 τῷ
255 3290 351 3341 πυρί.
371 3290 456 3330 Ἐπὶ
476 3291 511 3330 δὲ
527 3293 588 3337 τῆς
613 3292 742 3336 ἐνδείας
758 3296 776 3331 ὁ
792 3292 895 3343 φόδος
920 3295 981 3339 τῆς
1005 3296 1074 3331 τῶν
1099 3296 1204 3345 ἀναγ-
1231 3309 1254 3336 Λ
1278 3294 1451 3337 dwiuoiw,
1468 3290 1705 3340 exagitantur.
1721 3291 1763 3326 At
1783 3302 1866 3326 vem
1881 3288 2085 3340 indigentia·
2100 3301 2225 3336 metus,

190 3349 295 3387 καίων
327 3351 495 3403 ἀπορίας,
523 3353 681 3404 καθάπερ
712 3353 775 3400 σὴς
807 3354 966 3401 διηνεκὴς
982 3383 990 3397 .
1014 3353 1105 3392 οὕτω
1133 3356 1205 3392 διομ
1279 3369 1321 3391 ιιι·
1340 3353 1454 3390 desini
1476 3351 1682 3395 neccssaria,
1705 3349 1814 3388 veluti
1832 3351 1962 3389 verulis
1982 3351 2145 3390 assiduus
2163 3354 2225 3404 ju-

238 3483 249 3498 '⁸
271 3474 380 3508 ”⁰¹⁰¹-
401 3483 432 3507 Ν
449 3476 549 3510 S“vn-
569 3477 601 3510 i1¹
630 3486 721 3510 U'UU
746 3482 845 3522 πολλοι
869 3495 961 3514 mun
980 3486 1114 3521 ,ussitjouae
1135 3480 1230 3512 tlon».
1253 3484 1350 3521 ηαλλιρ
1369 3484 1473 3513 ‹altm-
1500 3486 1599 3518 ling).
1614 3478 1916 3521 1.S·ni1.iutnnu·g.
1935 3483 2034 3521 πολλῷ
2052 3484 2207 3520 1...‘oe..¹u.
