2549 3825
226 2227 290 2263 ρον
309 2211 391 2250 ὄντα
415 2216 472 2250 νῦν
489 2241 499 2258 ,
521 2211 612 2250 ἀλλὰ
639 2226 698 2249 και

652 249 879 280 ADVERSUS
915 248 1269 279 OPPUGNATORES
1308 249 1420 278 VtTJz
1458 247 1657 277 MONAST.
1698 248 1784 276 [AB.
1823 247 1870 276 11.
2211 231 2262 275 81

228 336 344 375 ἰδόντα
370 335 470 372 αὐτὸν
497 333 677 380 ἀπελθεῖν,
696 331 756 370 καὶ
784 331 922 383 ἐρέσθαι
949 331 992 368 δι’
1025 333 1166 376 ἑαυτοῦ,
1193 331 1242 380 μή

227 410 316 436 τινος
338 393 459 439 δέοιτο,
480 391 538 429 καὶ
557 391 588 429 εἴ
604 407 638 428 τι
657 390 813 428 κελεύοι·
829 389 932 426 αὐτὸν
949 389 986 427 δὲ
1007 389 1104 426 οὐδὲν
1128 391 1244 436 ἀπαγ-

226 447 450 505 γεῖλαι.Ἇροί
471 468 525 490 σοι
552 455 619 489 τῶν
645 451 942 504 παραδειγμάτων
965 450 1062 495 ἅλις,
1081 449 1103 495 ἢ
1131 449 1246 499 βούλει

225 514 284 552 καὶ
308 514 433 564 ἑτέρων
458 514 754 563 ἓπιμνησθῶμεν;
779 505 889 549 Οὗτοι
916 510 984 561 γὰρ
1003 510 1082 562 οὐχὶ
1111 512 1180 547 τῶν
1211 512 1246 546 ἐν

228 574 415 626 βασιλείοις
435 573 536 623 μόνον
552 574 738 624 λαμπρῶν,
755 572 832 609 ἀλλ’
850 573 953 609 αὐτοῦ
971 575 1030 609 τοῦ
1048 569 1247 621 βασιλεύον-

225 651 281 677 τος
295 637 456 686 γεγόνασι
470 633 726 685 λαμπρότεροι,
741 632 798 670 τὸν
810 631 985 669 ἰδιωτικὸν
1001 631 1157 680 ἑλόμενοι
1173 630 1246 681 βίον

227 696 287 734 καὶ
304 695 536 747 ἀπράγμονα,
552 695 612 733 καὶ
634 692 812 735 πολιτείας
830 693 906 731 οὗῗὲ
934 692 1034 744 ἐγγὺς
1062 692 1248 743 βουληθέν-

227 772 284 800 τες
299 758 421 794 ἐλθεῖν.
444 756 512 794 Καὶ
533 759 566 794 ἐν
586 757 673 806 αὐτῇ
696 753 731 792 δὲ
754 757 797 805 τῇ
819 753 978 803 πολιτείᾳ
1006 755 1068 791 οὔκ
1096 752 1246 795 ἐκείνους

226 818 303 870 ὄψει
323 816 505 869 λαμπροὺς
523 816 600 860 τοὺς
615 818 650 853 ἓν
671 815 811 868 πλούτῳ
833 814 892 853 καὶ
906 817 1018 866 τρυφῇ
1035 813 1095 852 καὶ
1109 829 1246 866 περιου-

228 870 287 929 σίαι
300 908 309 925 ,
331 879 420 916 ἀλλὰ
441 879 500 916 καὶ
519 877 596 920 τοὺς
617 879 650 915 ἐν
673 876 775 929 πενίᾳ
790 906 800 924 ,
818 875 896 919 τοὺς
911 878 946 913 ἐν
967 874 1122 926 εὐτελείᾳ
1135 905 1144 921 ,
1168 874 1246 917 τοὺς

226 940 262 976 ἐν
279 939 398 992 ἀτύφῳ
417 941 546 982 ζῶντας
566 938 643 990 βίῳ.
664 937 771 989 Παρὰ
788 936 849 986 μὲν
871 935 1061 982 Ἀθηναίοις
1079 935 1248 988 Ἀριστεί·ο

228 1001 310 1047 8ης,
330 999 366 1036 ὃν
385 999 446 1037 καὶ
465 998 721 1043 τελευτήσαντα
739 1001 761 1044 ἦ
782 997 881 1040 πόλις
897 996 1016 1048 ἔθαψε,
1033 996 1094 1034 καὶ
1109 996 1248 1048 πλούτῳ

228 1060 288 1098 καὶ
314 1059 406 1110 γένει
433 1059 492 1096 καὶ
517 1061 628 1111 τρυφῇ
654 1058 714 1096 καὶ
739 1057 884 1107 δυνάμει
907 1057 1020 1108 λόγων
1052 1057 1111 1094 καὶ
1144 1056 1246 1109 ῥώμῃ

228 1117 390 1168 σώματος
408 1118 467 1155 καὶ
484 1117 635 1169 εὐγενείᾳ
651 1117 710 1154 καὶ
725 1122 796 1160 τοῖς
814 1116 931 1160 ἄλλοις
948 1123 1055 1154 πᾶσιν
1071 1115 1248 1154 ’Akme-‚04-

227 1180 285 1217 δου
308 1183 512 1231 κρατοῦντος
535 1182 697 1217 τοσοῦτον
715 1177 956 1230 λαμπρότερος
978 1171 1020 1224 ἦν
1033 1208 1043 1225 ,
1062 1176 1141 1215 ὅσον
1161 1193 1249 1215 παι-

229 1240 301 1278 δίου
318 1240 408 1283 τινὸς
424 1241 578 1283 εὐτελοῦς
598 1238 783 1290 φιλόσοφος
809 1238 1021 1288 θαυμαστός.
1044 1238 1149 1289 Παρὰ
1169 1240 1251 1285 Θη-

231 1304 340 1348 ὅαίοις
353 1304 641 1355 Ἐπαμεινώνδας
659 1303 839 1356 ἄνθρωπος
857 1304 904 1345 εἷς
921 1303 1111 1349 ἐκκλησίαν
1128 1303 1251 1340 καλού-

233 1382 354 1417 μενος,
381 1365 440 1403 καὶ
469 1365 525 1403 διὰ
555 1368 656 1402 τοῦτο
685 1363 733 1415 μὴ
761 1364 950 1414 δυνάμενος
979 1365 1108 1411 ἐλθεῖν,
1129 1364 1249 1409 ἐπειδὴ

233 1430 329 1480 αὐτῷ
351 1427 393 1465 τὸ
411 1426 552 1477 ἱμάτιον
576 1425 676 1478 ἔτυχε
700 1424 936 1474 πλυνόμενον,
958 1425 1018 1463 καὶ
1052 1425 1168 1477 ἕτερον
1187 1441 1251 1463 πε-

234 1488 388 1539 ριθέσθαι
420 1489 481 1526 οὐκ
507 1481 579 1539 εἶχε
594 1517 603 1534 ,
636 1486 775 1524 πάντων
802 1488 872 1524 τῶν
904 1486 1098 1538 γενομένων
1135 1486 1252 1524 αὐτόθι

232 1550 439 1600 στρατηγῶν
458 1548 710 1598 ἐπισημότερος
727 1542 784 1593 ἦν.
802 1547 864 1593 Μὴ
881 1547 994 1585 τοίνυν
1013 1564 1072 1598 μοι
1090 1547 1154 1594 τὴν
1173 1550 1253 1598 ἐρη-

233 1609 317 1658 μίαν
337 1608 455 1659 εἴπῃς,
476 1608 565 1657 μηδὲ
583 1608 628 1646 τὰ
649 1608 824 1659 βασίλεια.
843 1609 897 1646 Οὐ
915 1609 982 1660 γὰρ
1009 1610 1045 1646 ἐν
1073 1609 1191 1651 τόποις
1209 1609 1252 1646 τὰ

231 1673 295 1716 τῆς
313 1669 578 1721 λαμπρότητος,
597 1669 656 1706 καὶ
684 1668 727 1706 τὰ
756 1671 819 1715 τῆς
847 1669 1073 1721 περιφανείας
1087 1700 1096 1717 ,
1121 1670 1197 1708 οὐδὲ
1217 1673 1251 1708 ἐν

231 1732 402 1780 ἱματίοις,
419 1730 494 1768 οὐδὲ
513 1732 547 1768 ἐν
568 1729 760 1779 ἀξιώματι,
785 1730 863 1768 οὐδὲ
885 1733 920 1769 ἐν
948 1731 1152 1784 δυναστείᾳ,
1173 1733 1250 1769 ἀλλ’

231 1792 267 1829 ἐν
287 1793 392 1844 ἀρετῇ
408 1793 521 1844 ψυχῆς
541 1792 600 1830 καὶ
617 1791 802 1844 φιλοσοφίᾳ
826 1791 943 1843 μόνον.

287 2027 380 2067 Ἀλλ’
409 2028 529 2076 ἐπειδὴ
557 2028 602 2067 τὰ
628 2029 902 2082 παραδείγματα
929 2033 967 2069 οὗ
984 2031 1158 2077 τοσαύτην
1178 2031 1254 2083 ἔχει

232 2088 295 2136 τὴν
322 2087 442 2141 ἰσχὺν,
460 2091 520 2128 ἀπ’
541 2090 644 2127 αὐτοῦ
669 2094 730 2127 τοῦ
750 2094 810 2129 σοῧ
829 2092 952 2135 παιδὸς
977 2091 1171 2142 ποιήσομαι
1188 2092 1252 2139 τὴν

231 2149 399 2194 ἐξέτασιν.
417 2151 625 2203 Εὑρήσομεν
653 2150 720 2202 γὰρ
740 2152 842 2191 αὐτὸν
863 2154 901 2190 οὗ
924 2153 1027 2203 μόνον
1049 2153 1253 2203 λαμπρότε-

685 2212 693 2225 l
717 2211 733 2232 ι’
749 2212 794 2249 δι’
810 2214 926 2251 ἐκεῖνα
955 2213 1162 2265 τιμιώτερον
1179 2244 1187 2261 ,
1212 2215 1254 2251 δι’

232 2272 321 2324 ἅπερ
354 2272 477 2322 ἄτιμον
507 2266 595 2310 εἶναι
623 2271 688 2324 φῂς
717 2272 776 2311 καὶ
807 2276 942 2320 εὐτελῆ.
962 2276 1007 2312 Εἰ
1038 2274 1105 2327 γὰρ
1138 2275 1254 2326 βούλει

232 2332 414 2374 πείσαντες
435 2333 536 2371 αὐτὸν
561 2333 630 2370 ἀπὸ
657 2337 717 2371 τοῦ
745 2334 842 2384 ὄρους
859 2337 1056 2382 κατελθεῖν,
1076 2335 1254 2384 πείσωμεν

232 2393 292 2431 καὶ
312 2395 358 2436 εἰς
378 2393 506 2445 ἀγορὰν
529 2394 716 2444 ἐμῧαλεῖν,
736 2394 795 2432 καὶ
814 2395 892 2445 ὄψει
912 2402 1028 2433 πᾶσαν
1049 2398 1254 2447 ἐπιστρεφο·

235 2453 340 2502 μένην
361 2451 423 2498 τὴν
453 2452 572 2500 πόλιν,
598 2454 658 2492 καὶ
683 2454 952 2499 ὑποδεικνύντας
977 2456 1078 2494 αὐτὸν
1098 2457 1256 2499 ἅπαντας

232 2513 293 2551 καὶ
324 2514 562 2561 θαυμάζοντας
591 2515 650 2552 καὶ
679 2516 979 2564 ἐκπληττομένους
1001 2547 1010 2562 ,
1042 2520 1088 2560 ὡς
1108 2518 1254 2568 ἀγγέλου

231 2574 322 2618 τινὸς
341 2573 376 2615 ἐξ
391 2576 534 2626 οὐρανοῦ
550 2576 833 2627 παραγενομένου
851 2580 921 2614 νῦν.
937 2576 987 2615 Ἢ
1004 2576 1120 2628 ἕτερόν
1138 2594 1191 2617 σοι
1211 2578 1253 2616 τὰ

231 2638 294 2682 τῆς
314 2635 413 2681 δόξης
426 2651 460 2674 τι
475 2629 561 2673 εἶναι
577 2637 690 2683 &oxi-:13
707 2638 760 2675 Οὐ
774 2636 840 2688 γὰρ
860 2637 901 2683 δὴ
919 2639 987 2676 τῶν
1008 2639 1042 2676 ἐν
1063 2639 1252 2689 βασιλείοις

232 2696 330 2734 ἔσται
348 2695 638 2748 περιφανέστερος
658 2697 782 2746 μόνον,
807 2697 896 2735 ἀλλὰ
924 2699 984 2736 καὶ
1005 2700 1107 2738 αὐτοῦ
1131 2703 1191 2737 τοῦ
1214 2701 1253 2738 τὸ

231 2756 385 2806 διάδημα
401 2757 656 2808 περικειμένου,
671 2758 727 2796 διὰ
748 2758 791 2796 τὰ
815 2759 940 2808 ἱμάτια
959 2761 1074 2798 ἐκεῖνα
1086 2760 1130 2798 τὰ
1151 2762 1251 2799 εὐτε-

232 2819 275 2864 λῆ
296 2818 354 2856 καὶ
374 2819 715 2870 ι’κατοιτετριμμένα.
736 2822 790 2857 Οὐ
807 2819 874 2871 γὰρ
895 2820 934 2857 ἂν
962 2820 1071 2864 οὕτως
1096 2822 1253 2866 ἅπαντας

231 2878 418 2926 ἐξέπληττε
434 2883 674 2931 χρυσοφορῶν,
688 2881 820 2930 μᾶλλον
842 2880 877 2920 δὲ
897 2882 956 2918 καὶ
975 2882 1162 2935 ἁλουργίδα
1173 2913 1182 2929 ,
1195 2884 1253 2921 καὶ

232 2939 334 2977 αὐτὸν
353 2940 409 2977 τὸν
439 2940 605 2992 στέφανον
633 2941 872 2991 περικείμενος
904 2943 960 2980 ἐπὶ
989 2946 1051 2989 τῆς
1082 2946 1254 2996 κεφαλῆς,

233 3000 292 3038 καὶ
317 3006 386 3043 τοῖς
415 3007 570 3051 σηρικοῖς
590 3002 843 3052 ἐπικαθήμενος
873 3002 1079 3055 στρώμασι,
1101 3007 1159 3043 καὶ
1187 3007 1254 3044 ὑπὸ

232 3063 300 3098 τῶν
320 3061 471 3110 ἡμιόνων
491 3062 688 3112 ἑλκόμενος,
710 3062 768 3100 καὶ
785 3063 861 3107 τοὺς
876 3071 1175 3118 χρυσοφοροῦντας
1194 3069 1253 3105 δο-

235 3121 398 3174 ρυφόρους
420 3122 529 3174 ἔχων,
543 3126 590 3166 ὡς
604 3127 662 3161 νῦν
693 3127 811 3176 ῥυπῶν
831 3126 889 3163 καὶ
909 3127 1056 3178 αὐχμῶν
1077 3128 1136 3166 καὶ
1156 3129 1253 3181 παχὺ

233 3183 528 3236 περιδεὸλημένος
556 3184 716 3234 ἱμάτιον,
744 3185 802 3223 καὶ
841 3187 972 3236 μηδένα
1001 3190 1255 3227 ἀκολουθοῦντα

236 3244 469 3296 ἐπαγόμενος,
488 3244 547 3282 καὶ
574 3246 779 3290 ἀνυπόδετος
801 3246 860 3284 ὤν.
882 3248 1022 3286 Ἐκεῖνα
1044 3249 1106 3299 μὲν
1124 3250 1191 3303 γὰρ
1212 3251 1253 3289 τὰ

286 3388 300 3411 ¹·
327 3388 398 3420 Duo
417 3387 492 3419 titas.
514 3392 561 3421 καὶ
585 3391 622 3421 δι’
638 3393 731 3424 ianua
753 3396 965 3436 χαλεπωτερα.

459 3463 552 3487 Tum.
590 3464 615 3488 Ι.

1317 330 1467 368 Macedo
1484 329 1681 368 exercitum
1701 330 1737 367 in
1764 330 1888 368 Persas
1912 328 2066 376 ducens,
2087 327 2150 366 ubi
2167 328 2270 366 illum

1272 402 1294 430 B
1316 392 1428 436 vidit,
1443 391 1609 428 omnibus
1622 390 1779 428 dimissis
1791 421 1799 436 ,
1817 389 1860 427 ad
1875 403 1956 428 eum
1969 397 2150 441 pergeret,
2165 402 2205 426 ac
2220 403 2273 426 ro-

1317 460 1430 501 garet,
1450 451 1568 489 ullane
1585 465 1622 487 re
1637 450 1832 501 indigeret,
1852 460 1944 487 etan
1965 449 2098 500 aliquid
2111 449 2270 501 juberet.

1315 512 1380 548 Ille
1401 526 1485 549 vero
1512 512 1626 549 nihilo
1655 526 1692 549 se
1721 525 1822 562 egere
1850 511 2044 563 respondit.
2074 513 2172 550 Num
2198 512 2273 562 jam

1316 572 1560 623 exemplorum
1576 573 1661 610 satis
1676 571 1785 609 habes
1796 602 1806 620 ,
1823 585 1867 609 an
1886 572 1940 610 vis
1956 572 2025 609 alia
2041 587 2184 623 quoque
2198 586 2275 610 me-

1317 632 1523 669 moremus?
1540 634 1674 684 Nempe
1689 632 1747 669 isti
1760 645 1828 669 non
1842 631 1948 669 modo
1965 631 2027 677 iis,
2047 632 2109 682 qui
2126 633 2161 669 in
2177 632 2274 683 regia

1317 692 1473 742 insignes
1498 693 1616 741 fuere,
1643 692 1707 730 sed
1734 692 1822 744 ipsis
1848 705 1990 742 quoque
2013 692 2157 742 regibus
2178 693 2275 730 fuere

1316 752 1502 800 clariores,
1520 767 1602 790 cum
1617 753 1794 805 privatam
1810 752 2037 803 quietamque
2052 753 2164 790 vitam
2179 752 2275 790 dele·

1316 813 1466 863 gissent‚
1484 828 1596 863 neque
1611 813 1656 851 ad
1672 812 1934 865 rempublicam
1950 812 2130 850 ullatenus
2145 827 2181 850 se
2196 827 2278 851 con-

1316 875 1406 911 ferre
1423 874 1630 912 voluissent.
1651 874 1722 912 Sed
1740 874 1835 912 enim
1850 873 1888 910 in
1904 873 1978 924 ipsa
1995 887 2136 924 quoque
2156 874 2277 925 reipu-

1316 935 1418 972 blicae
1456 935 1762 973 administratione
1794 948 1864 972 non
1904 934 1986 972 illos
2022 934 2135 972 claros
2169 935 2280 972 fuisse

1317 995 1578 1048 deprehendes,
1591 997 1652 1048 qui
1672 996 1822 1045 divitiis,
1833 995 1974 1034 deliciis
1994 1005 2029 1032 et
2051 995 2280 1033 facultatibus

1319 1056 1486 1096 instructi
1503 1065 1623 1104 erant,
1640 1057 1699 1094 sed
1713 1071 1792 1104 eos,
1810 1056 1871 1107 qui
1888 1057 1922 1093 in
1942 1065 2170 1108 paupertate,
2187 1057 2278 1094 sim—

1319 1118 1478 1171 plicitate
1491 1149 1501 1167 ,
1518 1128 1551 1156 et
1567 1118 1751 1156 moderata
1766 1118 1838 1155 vita
1853 1117 2042 1168 degebant.
2058 1116 2166 1169 Apud
2179 1118 2281 1155 Athe·

1321 1180 1457 1217 nienses
1477 1178 1674 1228 Aristides,
1696 1192 1801 1228 quem
1821 1177 2028 1215 defunctum
2045 1177 2171 1215 civitas
2186 1191 2282 1230 sepe-

1320 1240 1418 1286 livit,
1433 1238 1636 1288 Alcibiade,
1649 1239 1710 1290 qui
1726 1238 1870 1290 opibus,
1880 1237 2032 1283 deliciis,
2046 1238 2216 1276 orationis
2230 1239 2282 1283 vi,

1323 1301 1481 1353 corporis
1505 1301 1648 1347 robore,
1674 1299 1860 1338 nobilitate
1888 1299 2094 1350 caeterisque
2118 1299 2285 1337 omnibus

1326 1362 1536 1414 praestabat,
1555 1370 1654 1399 tanto
1672 1361 1801 1398 clarior
1816 1369 1907 1406 erat,
1927 1370 2059 1410 quanto
2078 1361 2143 1398 vili
2163 1361 2285 1411 aliquo

1324 1423 1474 1474 puerulo
1495 1422 1732 1474 philosophus
1751 1421 1942 1458 mirabilis.
1963 1421 2070 1473 Apud
2093 1421 2287 1459 Thebanos
2370 1435 2488 1462 Vnima-

1325 1483 1593 1535 Epaminondas
1607 1511 1616 1529 ‚
1639 1483 1675 1520 in
1693 1481 1898 1519 concionem
1920 1490 2084 1530 vocatus,
2102 1496 2182 1520 cum
2201 1496 2286 1535 pro·
2302 1479 2438 1506 dmm&

2302 1520 2448 1546 efficimur

1325 1554 1446 1596 pterea
1475 1558 1514 1581 eo
1538 1558 1574 1581 se
1600 1544 1758 1581 conferre
1785 1557 1853 1580 non
1875 1552 2011 1594 posset,
2035 1544 2134 1594 quod
2153 1553 2285 1582 vestem
2301 1570 2388 1598 qum·
2426 1560 2492 1597 01¹⁴·-

1325 1604 1516 1642 lavandam
1533 1613 1693 1651 curaret,
1713 1617 1777 1640 nec
1789 1604 1895 1640 aliam
1909 1603 2056 1642 haberet
2071 1619 2143 1655 qua
2160 1604 2288 1642 indue-
2303 1604 2371 1630 ¹³⁶⁵·

1325 1674 1435 1714 retur,
1452 1665 1618 1703 omnihus
1635 1673 1764 1709 tamen,
1783 1663 1843 1714 qui
1861 1677 1903 1702 eo
1920 1674 2171 1712 convenerant,
2184 1664 2290 1703 duci·

1325 1727 1394 1765 bus
1409 1726 1632 1778 praestantior
1648 1733 1732 1762 erat.
1749 1726 1801 1762 Ne
1820 1725 1938 1775 itaque
1951 1725 2041 1762 mibi
2057 1726 2290 1765 solitudinem

1323 1789 1483 1841 jactites,
1503 1796 1563 1825 aut
1579 1786 1726 1838 regiam.
1743 1786 1864 1836 Neque
1878 1786 1972 1824 enim
1989 1788 2024 1824 in
2042 1787 2130 1825 locis
2148 1788 2290 1827 claritas

1326 1858 1362 1887 et
1385 1847 1567 1900 splendor,
1588 1861 1658 1885 non
1678 1847 1714 1884 in
1735 1846 1892 1883 vestibus
1906 1876 1915 1893 ,
1938 1860 2006 1885 non
2030 1847 2065 1885 in
2086 1847 2284 1899 dignitate,

1329 1923 1398 1948 non
1419 1909 1454 1948 in
1467 1908 1625 1961 potentia
1639 1938 1649 1957 ‚
1671 1906 1732 1946 sed
1753 1907 1789 1944 in
1809 1907 1942 1945 virtute
1960 1917 2096 1947 tantum
2110 1923 2150 1948 ac
2170 1910 2289 1962 philo-

1326 1971 1466 2025 sophia.

1378 2034 1417 2070 6.
1451 2033 1588 2072 Verum
1605 2030 1689 2083 quia
1709 2031 1873 2083 exempla
1894 2045 1963 2070 non
1985 2041 2117 2070 tantam
2135 2033 2208 2070 vim
2225 2033 2289 2071 ha-

1326 2093 1429 2143 bent,
1459 2093 1504 2130 ab
1531 2092 1609 2144 ipso
1637 2092 1714 2130 filio
1747 2101 1808 2130 tuo
1838 2106 1912 2130 rem
1944 2093 2149 2131 discutiam.
2180 2094 2289 2133 llluin

1326 2154 1461 2206 quippe
1484 2153 1708 2191 inveniemus
1732 2167 1801 2191 non
1829 2153 1936 2192 modo
1956 2168 2050 2192 nunc
2076 2154 2285 2201 clariorem,

1326 2214 1387 2252 sed
1413 2215 1520 2252 etiam
1541 2228 1586 2252 ex
1611 2213 1738 2252 iisdem
1765 2213 1852 2267 ipsis
1873 2214 1979 2253 rebus
2001 2215 2262 2254 honoratiorem
2278 2246 2288 2262 ,

1325 2275 1460 2326 quibus
1479 2285 1517 2313 tu
1538 2274 1643 2313 illum
1664 2284 1698 2313 et
1718 2276 1828 2313 vilem
1856 2285 1888 2313 et
1919 2276 2113 2328 ignobilem
2135 2291 2209 2314 esse
2231 2276 2289 2314 di-

1327 2337 1389 2375 cis.
1413 2338 1505 2374 Nam
1524 2338 1552 2374 si
1577 2337 1630 2374 vis
1650 2337 1949 2389 persuadebimus
1971 2338 2025 2375 illi
2045 2348 2082 2376 ut
2103 2338 2148 2376 de
2169 2348 2289 2376 monte

1327 2398 1539 2445 descendat,
1569 2408 1603 2436 et
1632 2398 1667 2435 in
1691 2399 1808 2436 forum
1837 2399 2026 2451 irrumpat.
2060 2399 2287 2450 Videbisqnc

1330 2460 1447 2496 statim
1478 2460 1587 2496 totius
1620 2459 1774 2496 civitatis
1807 2460 1841 2497 in
1871 2460 1976 2496 illum
2010 2474 2072 2497 ora
2103 2462 2260 2498 converti
2276 2491 2285 2504 ,

1331 2530 1545 2570 cunctosque
1560 2533 1640 2557 eum
1659 2519 1942 2558 demonstrantes
1956 2535 2037 2558 cum
2054 2521 2289 2559 admiratione

1333 2596 1373 2619 ac
1401 2590 1567 2634 stupore,
1592 2594 1632 2617 ae
1657 2580 1686 2617 si
1708 2581 1855 2630 augelus
1877 2580 2025 2631 quidam
2045 2580 2091 2618 de
2110 2582 2198 2618 coelo
2218 2581 2285 2619 de-

1327 2641 1512 2679 scenderit.
1532 2641 1670 2690 Ecquid
1689 2640 1787 2678 aliud
1806 2640 1869 2677 tibi
1889 2640 2039 2678 videtur
2054 2655 2130 2679 esse
2148 2642 2287 2692 gloria?

1327 2704 1420 2740 Sanc
1439 2716 1506 2740 non
1528 2702 1570 2738 iis
1590 2700 1717 2745 modo,
1741 2701 1802 2751 qui
1826 2701 1861 2737 iu
1883 2701 1979 2751 regia
2002 2711 2201 2748 vers-uitur,
2225 2702 2287 2740 scd

1328 2764 1405 2816 ipso
1423 2776 1575 2814 quoquc,
1594 2762 1655 2812 qui
1675 2761 1876 2799 diademate
1896 2761 2081 2799 redimitus
2102 2773 2170 2805 est.
2195 2763 2284 2800 illu-

1328 2825 1432 2862 strior
1460 2824 1527 2861 crit
1554 2836 1635 2860 cuin
1662 2822 1721 2859 illa
1751 2822 1814 2859 vili
1837 2831 1942 2872 atque
1963 2823 2139 2861 conscissa
2170 2834 2281 2865 veste,

1329 2888 1451 2936 Neque
1466 2884 1558 2922 enim
1580 2893 1683 2921 tanta·
1700 2882 1926 2920 admirationi
1943 2884 2110 2922 omuibus
2125 2895 2212 2923 essct
2227 2916 2234 2926 .
2255 2886 2285 2923 si

1330 2946 1486 2984 vestibus
1502 2944 1700 2996 opt-ructui·
1716 2943 1832 2980 aureis
1845 2973 1853 2986 ,
1879 2943 1950 2981 iuno
1973 2944 1999 2981 si
2018 2944 2090 2996 ipsa
2109 2960 2283 2997 purpura,

1330 3008 1473 3059 ipsaque
1488 3019 1613 3042 roi-oua
1633 3014 1778 3042 ortu-itus
1793 3014 1879 3041 esset
1895 3034 1902 3045 .
1926 3016 1958 3043 ct
1974 3005 2001 3042 si
2021 3007 2139 3043 stratis
2157 3006 2284 3044 insidik

1329 3078 1379 3106 ret
1400 3067 1519 3105 sericis
1532 3095 1540 3109 ,
1558 3066 1586 3102 si
1604 3081 1623 3102 a
1642 3065 1748 3103 mulis
1769 3064 1971 3110 when-tur,
1997 3077 2119 3104 aurata
2147 3068 2282 3106 satelli-

1330 3138 1404 3167 tuin
1432 3128 1534 3166 turba
1562 3126 1771 3169 t·0init.1tus;
1798 3134 1835 3163 ut
1861 3126 1967 3164 modo
1989 3136 2039 3164 cst
2063 3128 2227 3177 squalore
2251 3139 2285 3166 et

1328 3190 1492 3227 sordibus
1507 3188 1664 3230 obs-itus.
1683 3200 1869 3236 emissoque
1886 3188 2036 3225 amit-ius
2054 3188 2261 3226 indumento
2274 3220 2282 3233 ,

1330 3250 1430 3288 nullo
1447 3251 1634 3287 conuiuatus
1652 3248 1781 3285 assecla
1797 3277 1806 3290 ,
1826 3247 2001 3299 nudisque
2018 3249 2169 3301 palibus
2190 3251 2286 3288 iuce-

1321 3404 1331 3415 .-
1361 3394 1431 3425 Duo
1454 3392 1528 3423 Mas.
1550 3395 1786 3434 ἐκνενιτρωμένα,

2080 3454 2105 3486 (i
