2513 3871
127 1882 209 1912 [lx.
239 1882 310 1911 Vir-

124 1928 275 1961 gunitalvm

125 1967 238 1995 luent-m
264 1977 312 1995 cs·-

172 2700 238 2729 Ῑ,Χ.
255 2701 320 2728 Vir-

131 2744 280 2781 pinnato-m

134 2785 241 2811 nullm·
256 2795 321 2817 cgr-

135 2835 165 2853 rc
188 2826 266 2862 quud
291 2827 319 2853 in

132 2867 214 2893 nolu·
243 2869 319 2905 poit-

132 2912 316 2937 {amnon-it.

329 251 419 311 590

327 355 388 387 aut
396 344 493 396 quod
509 357 550 382 co
565 344 669 395 longe
681 342 897 381 fortunatius
907 340 1069 386 videtur,
1085 339 1189 379 liberi
1202 339 1277 379 hae-

326 405 426 444 redes
445 404 638 458 supersint,
653 412 835 457 parentem
851 411 1046 453 utrumque
1063 401 1099 440 in
1117 409 1276 440 extrema

325 474 503 505 senectute
516 465 625 504 simul
638 466 856 518 praemittant
869 478 877 501 =
896 476 1003 515 quem
1014 461 1155 501 tandem
1168 461 1278 501 finem

325 536 596 578 consequentur.
616 535 650 565 et
668 540 740 578 quo
751 524 898 564 demum
917 538 964 563 ex
979 524 1047 563 hac
1061 532 1159 563 tanta
1173 522 1278 563 volu·

326 597 421 641 ptate
439 596 584 641 accepto
604 587 859 637 emolumento,
881 600 922 624 eo
938 584 1154 624 discedent?
1185 584 1277 624 Nam

326 649 456 688 multos
469 649 602 688 liberos
615 648 814 700 reliquisse,
831 660 980 686 uxorem
994 655 1184 686 venustam
1196 660 1278 685 cum

324 710 465 750 deliciis
487 710 691 762 oeterisque
718 708 886 748 omnibus
903 722 982 760 quae
996 709 1073 760 jam
1092 707 1278 761 percensui

326 782 507 821 tractasse,
528 770 572 810 ad
594 780 770 811 senectam
788 770 933 823 longam
952 769 1120 815 evasisse,
1145 767 1278 820 ecquid

326 833 428 872 nobis
445 833 493 873 ad
507 832 667 872 tribunal
680 831 771 871 illud
788 830 948 886 praesidii
961 831 1090 870 afferre
1104 830 1228 882 possit,
1241 830 1278 868 in

326 894 419 933 veris
431 894 641 946 aeternisque
655 893 784 933 rebus?
797 892 1045 943 NihilJtaque
1056 891 1181 929 umbra
1195 899 1280 929 sunt

325 956 414 1004 baec,
431 965 539 1007 atque
552 955 731 995 somnium
741 970 753 1004 ;
764 954 898 1007 quippe
912 968 994 993 cum
1011 953 1048 991 in
1062 951 1278 1005 perennibus

325 1016 398 1055 illis
410 1017 565 1065 saeculis,
578 1031 658 1068 quat
676 1025 752 1055 tum
766 1030 829 1055 nos
841 1015 1037 1067 excipient,
1057 1013 1147 1052 nihil
1164 1027 1208 1052 ex
1221 1013 1277 1052 his

323 1078 476 1126 fruetus,
495 1078 586 1116 nihil
602 1077 721 1116 solatii
738 1074 955 1129 sperandum
972 1075 1036 1123 sit;
1054 1075 1116 1126 qui
1136 1074 1193 1113 his
1210 1088 1277 1127 po-

324 1138 412 1177 titus
429 1147 495 1186 est,
510 1138 636 1177 eodem
654 1137 731 1176 loeo
749 1146 802 1175 cst
815 1135 1001 1175 habendus
1015 1149 1087 1186 quo
1101 1144 1276 1188 expertes.

323 1199 446 1250 Neque
456 1199 551 1237 enim
569 1199 598 1236 si
617 1197 700 1249 quis
717 1197 754 1235 in
774 1196 875 1235 mille
891 1196 992 1233 annis
1008 1205 1146 1233 noctem
1171 1208 1278 1233 unam

323 1274 434 1298 suave
452 1259 630 1298 somnium
648 1257 756 1308 vidit,
776 1256 859 1309 plus
875 1256 1051 1307 quiddam
1071 1255 1202 1294 habere
1221 1255 1275 1294 di-
1294 1291 1342 1316 m

323 1320 456 1359 cendus
470 1330 533 1368 est,
548 1334 654 1372 quam
669 1319 732 1370 qui
748 1320 826 1371 ejus
839 1317 906 1356 visi
921 1331 1049 1370 expers
1065 1317 1184 1355 fuerit.
1201 1317 1278 1354 Imo
1306 1329 1331 1358 Λ

324 1394 408 1420 vero
428 1395 491 1420 nec
508 1391 682 1434 quantum
701 1379 867 1419 volebam
888 1379 1058 1430 loquutus
1074 1391 1168 1416 sum.
1187 1378 1278 1416 Nam

324 1456 387 1481 nec
407 1452 582 1494 quantum
599 1441 695 1480 veris
713 1440 850 1481 distant
868 1439 1021 1484 somnia.
1042 1447 1180 1477 tantum
1200 1437 1277 1477 haec

323 1503 369 1542 ab
388 1504 461 1543 illis
472 1503 616 1551 absunt,
637 1502 701 1541 sed
715 1503 833 1541 multo
846 1501 1004 1555 amplius
1022 1516 1030 1538 :
1050 1513 1113 1538 nec
1131 1498 1228 1551 quod
1243 1499 1278 1538 in

323 1565 422 1604 mille
439 1565 542 1604 annis
560 1578 629 1603 una
649 1578 719 1604 nox
734 1573 800 1609 est,
823 1562 1046 1602 tantumdem
1062 1562 1131 1601 hoc
1149 1561 1196 1600 ad
1215 1562 1278 1600 su-

323 1636 445 1665 turum
464 1626 635 1666 saeculum
654 1635 721 1674 est,
743 1625 806 1664 sed
826 1625 887 1664 hic
904 1639 1050 1663 rursum
1068 1623 1176 1663 ctiam
1196 1622 1278 1676 plus

323 1688 468 1727 interest
484 1686 719 1727 discriminis.
745 1689 790 1725 At
809 1686 1001 1738 virginitas
1019 1699 1089 1723 non
1108 1694 1161 1724 est
1179 1685 1278 1737 ejus·

324 1750 442 1799 modi;
467 1750 554 1802 quin
583 1751 675 1789 facto
702 1748 830 1801 grandi
853 1757 992 1800 quaestu
1015 1746 1180 1786 discedit.
1207 1745 1279 1786 Sed

325 1826 399 1851 rem
413 1826 554 1851 omnem
571 1827 589 1849 a
608 1810 724 1863 capite
742 1810 1000 1861 disquiramus.

377 1875 457 1914 Non
475 1887 614 1912 neccsse
633 1873 741 1911 habet
757 1872 792 1910 in
807 1885 977 1924 sponsum
998 1869 1200 1921 inquirere,
1219 1883 1283 1908 nec

326 1938 451 1974 lucum
465 1935 580 1974 timet:
596 1935 692 1973 Deus
708 1942 760 1972 oet
777 1934 872 1972 enim
890 1946 959 1970 non
976 1932 1094 1978 homo,
1108 1933 1283 1969 Dominus

328 2010 396 2035 non
414 2010 617 2035 conservus.
632 1997 682 2033 Ac
695 2008 907 2047 sponsorum
924 1993 991 2032 boc
1009 1992 1198 2031 discrimen
1212 2001 1281 2031 est:

327 2057 412 2097 vide
429 2066 547 2096 autem
559 2066 594 2095 ct
607 2056 737 2108 quibus
749 2056 854 2094 rebus
867 2054 1167 2107 despondeantur.
1198 2054 1279 2092 Non

329 2119 519 2171 mancipia,
540 2132 607 2156 non
629 2127 728 2155 terrai
743 2117 883 2168 jugera,
908 2129 977 2154 non
998 2123 1049 2153 tot
1070 2129 1110 2153 ac
1132 2113 1282 2153 totidem

329 2181 410 2220 auri
438 2180 588 2226 talenta,
610 2179 671 2217 scd
693 2178 768 2216 caeli
790 2187 823 2216 ct
843 2177 997 2216 caelcstia
1016 2177 1125 2223 bona,
1147 2189 1284 2228 sponsat

331 2241 438 2293 hujus
449 2240 579 2278 dotalia
596 2248 692 2278 sunt.
710 2239 882 2277 Praeterca
899 2239 1031 2290 conjux
1047 2246 1197 2275 mortem
1216 2245 1285 2274 tre-

331 2301 445 2355 pidat,
469 2316 551 2339 cum
573 2310 718 2354 propter
739 2300 823 2348 alia,
847 2309 922 2337 tum
944 2298 1041 2350 quod
1060 2312 1097 2337 se
1116 2313 1135 2336 a
1157 2306 1286 2336 contu-

329 2363 466 2402 bernali
483 2363 681 2416 disjungat.
696 2361 811 2413 Virgo
827 2370 861 2399 et
878 2370 1026 2399 mortem
1043 2358 1235 2406 desiderat,
1253 2368 1286 2397 ct

331 2426 404 2464 vita
423 2434 606 2476 gravatur,
625 2437 794 2477 sponsum
814 2436 966 2475 praesens
992 2430 1202 2475 praesentem
1224 2421 1284 2459 in-

332 2487 438 2535 tueri,
457 2500 569 2538 caque
584 2486 697 2538 gloria
718 2484 786 2523 frui
804 2498 1011 2538 properans.

1304 587 1328 617 Ε

1310 2128 1332 2159 Β

388 2677 460 2716 Nec
471 2689 555 2715 vero
565 2676 610 2723 ei,
622 2676 706 2714 utin
722 2675 966 2723 matrimonio,
981 2675 1014 2712 in
1027 2674 1146 2725 inopia
1159 2673 1287 2723 degere

333 2737 530 2790 quidquam
558 2737 676 2775 fraudi
697 2751 770 2775 csse
789 2745 926 2789 potest;
951 2736 1036 2788 quin
1058 2734 1176 2788 potius
1191 2734 1288 2785 quod

335 2799 428 2838 ultro
438 2800 621 2844 sustineat,
640 2812 770 2851 sponso
789 2798 827 2837 id
848 2811 926 2836 eam
947 2797 1065 2835 reddit
1085 2796 1255 2835 cariorem
1278 2811 1286 2831 ι

334 2874 396 2899 nec
420 2859 565 2899 sordide
590 2869 706 2898 natam
728 2874 816 2905 csse,
841 2873 904 2897 nec
923 2859 1082 2910 corporis
1102 2865 1285 2896 venustate

332 2935 400 2960 non
414 2920 600 2968 excellere,
617 2934 732 2972 neque
750 2918 848 2958 aliud
869 2918 1069 2970 quidquam
1084 2917 1214 2957 simile.
1237 2916 1285 2956 Et
1309 2929 1334 2960 c

328 2981 415 3034 quid
444 2982 519 3020 hece
546 2981 818 3021 commemoro?
848 2982 937 3019 Nam
965 2980 1048 3018 etsi
1077 2994 1141 3019 nec
1169 2978 1279 3017 libera

328 3045 388 3092 sit,
422 3058 535 3095 neque
560 3043 598 3082 id
619 3043 764 3094 quidem
790 3043 866 3094 ejus
880 3041 1106 3095 sponsalibus
1119 3040 1284 3092 derogat,

329 3104 390 3143 sed
410 3105 545 3143 sufficit
562 3104 722 3143 animum
739 3103 931 3155 pulchrum
952 3112 1143 3155 praestarc,
1168 3111 1206 3140 ut
1223 3101 1279 3139 vel

330 3165 462 3215 primas
481 3173 730 3216 consequatur.
755 3165 833 3203 Non
854 3164 912 3202 hic
925 3164 1102 3217 zelotypia
1118 3164 1275 3203 timenda

327 3234 392 3269 est,
406 3239 472 3263 non
489 3226 634 3263 alterius
653 3225 811 3272 semime,
827 3234 864 3263 ut
884 3224 1026 3263 clariori
1047 3224 1126 3263 viro
1144 3225 1273 3276 conju-

326 3293 425 3333 gatae,
436 3285 568 3323 invidia
582 3285 797 3323 dolendum:
812 3299 922 3336 neque
934 3285 1069 3324 enimei
1081 3285 1269 3337 quisquam

363 3437 373 3450 τ
400 3424 513 3457 Mon-l.
531 3433 564 3456 rt
581 3424 683 3459 Snvil.
702 3437 732 3456 in
752 3433 842 3457 textu
862 3428 1201 3470 ”poematorumlleffl
1217 3435 1248 3459 rt
1262 3429 1324 3459 Sn-

317 3478 372 3510 vn.
392 3479 423 3510 in
443 3487 546 3519 marg.
567 3483 836 3518 τεο-τιμψτωυυ.

750 260 788 289 S.
827 258 1013 289 JOANMS
1048 256 1289 288 efluvsosw’.
1331 257 1538 289 AttctttEt’.
1578 258 1934 291 consulari-⁸⁴09.

1352 356 1406 392 ρον
1422 334 1510 379 εἶναι
1526 342 1634 390 δοκεῖ,
1653 343 1854 394 μενέτωσαν
1871 343 1934 393 μὲν
1951 345 1982 381 ol
2002 344 2122 386 παῖδες
2146 342 2372 394 κληρονόμοι,

1350 400 1428 445 τοὺς
1465 399 1503 440 δὲ
1529 408 1642 454 γονεῖς
1675 403 1891 456 ἀμφοτέρως
1920 406 2007 454 ὁμοῦ
2044 407 2059 425 ‘⁶
2089 402 2372 457 προπεμπόντων

1351 462 1442 513 μετὰ
1457 465 1567 516 γ’ἧρας
1583 464 1718 517 μακρόν
1731 479 1741 489 ·
1761 464 1821 503 καὶ
1847 463 1882 503 τί
1906 463 1947 503 τὸ
1963 464 2088 515 πέρας;
2114 469 2211 504 ποῖον
2234 464 2275 503 τὸ
2291 463 2374 517 xip-

1354 527 1409 567 δος
1419 526 1459 562 ἐκ
1471 523 1601 570 ταύτης
1613 527 1676 573 τῆς
1684 526 1818 571 πολλῆς
1834 525 1957 572 ἡδονῆς
1971 525 2108 577 ἔχοντες
2122 523 2376 564 ἀπελεύσονται

1355 587 1440 634 ἓκεί;
1450 586 1505 625 Τὸ
1514 585 1582 639 γὰρ
1593 585 1740 630 πολλοὺς
1749 587 1876 630 παῖδας
1885 587 2093 624 καταλιπεῖν
2102 585 2161 624 καὶ
2172 586 2284 631 καλῆς
2294 588 2377 625 ἀπο-

1354 649 1480 686 λαῦσαι
1495 647 1656 699 γυναικὸς
1672 646 1762 697 μετὰ
1777 649 1908 699 τρυφῆς
1921 646 1981 686 καὶ
1996 650 2065 686 τῶν
2079 646 2194 686 ἄλλων
2210 645 2376 685 ἁπάντων

1354 703 1401 747 ὧν
1432 708 1511 759 ἄρτι
1541 709 1693 756 διῆλθον,
1719 708 1779 747 καὶ
1806 710 1855 752 εἰς
1881 709 1992 761 γῆρας
2013 707 2138 747 ἐλάσαι
2165 706 2314 759 μακρὸν,
2341 707 2377 746 τί

1354 770 1439 822 πρὸς
1456 770 1496 809 τὸ
1512 770 1734 822 δικαστήριον
1753 772 1848 822 ἡμᾶς
1863 770 2044 822 ὠφελῆσαι
2062 768 2247 816 δυνήσεται
2264 769 2378 808 ἐκεῖνο

1355 833 1391 870 ἐν
1419 838 1489 874 τοῖς
1530 831 1681 876 αἰωνίοις
1709 830 1896 884 πράγμασι
1926 832 1986 870 καὶ
2017 832 2217 879 ἀληθινοῖς;
2246 829 2376 870 Οὐδέν.

1354 896 1493 932 Οὐκοῦν
1512 894 1594 932 σκιὰ
1611 896 1723 931 ταῦτα
1741 893 1800 932 καὶ
1818 893 1915 946 ὄναρ.
1939 893 2053 932 ιὈϊαν
2073 891 2142 945 γὰρ
2156 893 2192 930 ὃν
2213 897 2286 936 τοῖς
2303 894 2379 932 ἐκεῖ

1354 953 1608 1003 διαδεξομένοις
1639 958 1734 1005 ἡμᾶς
1766 955 1869 994 αίῶσι
1908 954 1968 992 καὶ
2008 954 2120 1006 πέρας
2154 954 2216 993 οὐκ
2257 952 2378 1006 ἔχουσι

1356 1014 1464 1063 μηδὲν
1484 1015 1554 1054 ἀπὸ
1575 1015 1704 1054 τούτων
1725 1016 1926 1066 δυνηθῶμεν
1946 1016 2125 1067 κερδᾶναι,
2148 1013 2239 1065 μήτε
2265 1030 2379 1067 παρα·

1355 1076 1481 1125 μυθίας
1510 1076 1708 1115 ἀπολαῦσαί
1728 1092 1832 1124 τινος,
1853 1079 1887 1116 ἐν
1917 1076 1983 1129 ἴσῳ
2003 1083 2075 1120 τοῖς
2100 1076 2140 1115 οὗ
2159 1079 2377 1128 μετασχοῦσι

1354 1137 1413 1175 τὸν
1433 1137 1657 1189 μετασχόντα
1687 1137 1814 1177 θετέον.
1839 1138 1932 1177 Οὐδὲ
1962 1138 2030 1190 γὰρ
2049 1137 2080 1176 εί
2108 1153 2161 1181 τις
2188 1139 2225 1176 ἐν
2251 1136 2378 1189 χιλίοις

1356 1197 1449 1236 ἔτεσι
1466 1198 1548 1248 μίαν
1567 1198 1676 1237 νύκτα
1695 1198 1803 1250 μόνην
1820 1193 1908 1238 εἶδεν
1923 1201 2008 1251 ὄναρ
2023 1199 2193 1251 χρηστὸν,
2216 1199 2322 1238 πλέον
2345 1215 2377 1237 τι

1355 1261 1476 1297 τοῦτον
1499 1258 1592 1310 ἔχειν
1613 1259 1770 1311 φήσομεν
1799 1264 1860 1298 τοῦ
1883 1259 1933 1310 μὴ
1952 1259 2083 1307 ταύτης
2101 1258 2379 1304 ἀπολελαυκότος

1356 1321 1419 1364 τῆς
1445 1320 1567 1371 ὄψεως.
1588 1319 1713 1358 Καίτοι
1740 1335 1780 1372 γε
1813 1320 1890 1359 οὐδὲ
1921 1321 2000 1359 ὅσον
2030 1320 2224 1371 ἐὸουλόμην
2262 1315 2374 1360 εἶπον.

1357 1378 1448 1419 Οὐδὲ
1465 1379 1534 1433 γὰρ
1548 1380 1628 1419 ὅσον
1645 1379 1689 1419 τὰ
1707 1381 1869 1434 ὀνείρατα
1884 1380 2114 1420 ἀπολείπεται
2126 1384 2189 1428 τῆς
2204 1381 2381 1428 ἀληθείας,

1356 1444 1519 1480 τοσοῦτον
1546 1440 1591 1480 τὰ
1619 1443 1767 1480 ἐνταῦθα
1795 1441 1972 1494 ἀφέστηκε
1997 1444 2067 1481 τῶν
2095 1443 2190 1491 ἐκεῖ,
2221 1442 2300 1481 ἀλλ’
2326 1443 2381 1482 ἔτι

1358 1504 1513 1554 μᾶλλον·
1531 1502 1606 1542 οὐδὲ
1635 1501 1720 1555 ὅπερ
1745 1503 1838 1543 ἐστὶν
1865 1505 1901 1542 ἐν
1930 1502 2023 1542 ἔτεσι
2053 1503 2179 1555 χιλίοις
2210 1502 2276 1554 μία
2306 1501 2380 1551 νὺξ,

1356 1569 1518 1604 τοσοῦτον
1546 1569 1565 1604 ὁ
1590 1565 1714 1618 παρὼν
1742 1565 1827 1604 αἰὼν
1856 1565 1943 1617 πρὸς
1968 1566 2028 1605 τὸν
2057 1565 2252 1616 μέλλοντα,
2289 1565 2382 1606 ἀλλὰ

1357 1628 1422 1665 κάν
1440 1626 1553 1679 τούτῳ
1569 1628 1690 1678 πολλῷ
1705 1626 1810 1666 πλέον
1830 1627 1935 1666 πάλιν
1954 1628 1994 1667 τὸ
2014 1627 2132 1677 μέσον.
2151 1625 2245 1666 Ἀλλ’
2275 1628 2315 1667 οὗ
2335 1626 2382 1666 τὸ

1356 1691 1418 1734 τῆς
1443 1687 1615 1739 παρθένου
1646 1691 1804 1736 τοιαῦτα,
1823 1689 1913 1727 ἀλλὰ
1940 1688 2074 1735 πολλὴν
2095 1689 2234 1728 ἄπεισιν
2251 1688 2382 1741 ἔχουσα

1356 1748 1420 1795 τὴν
1447 1748 1641 1800 ἐμπορίαν·
1672 1749 1804 1798 μᾶλλον
1828 1748 1865 1788 δὲ
1892 1749 1950 1788 τὸν
1976 1748 2077 1799 λόγον
2097 1748 2229 1788 ἄνωθεν
2256 1748 2382 1794 ἐξετά-

1358 1825 1487 1860 σωμεν.

1411 1873 1490 1910 Οὐκ
1523 1872 1757 1923 ἀναγκάζεται
1782 1871 2095 1922 πολυπραγμονεῖν
2125 1872 2184 1911 τὸν
2213 1872 2383 1925 νυμφίον,

1360 1932 1436 1972 οὐδὲ
1457 1933 1506 1983 μή
1537 1948 1615 1971 τινα
1640 1932 1779 1979 ἀπάτην
1807 1932 1979 1984 ὑπομείνῃ
2008 1932 2181 1972 δέδοικεν·
2202 1934 2293 1978 Θεὸς
2314 1936 2384 1987 γάρ

1360 1997 1452 2033 ἐστιν
1480 1996 1542 2033 οὐκ
1568 1995 1768 2045 ἄνθρωπος,
1794 1993 1966 2040 δεσπότης
1993 1994 2058 2046 οὐχ
2087 1994 2287 2045 ὁμόδουλος.
2313 1996 2383 2035 Καὶ

1358 2059 1429 2096 τῶν
1447 2055 1510 2107 μὲν
1538 2055 1696 2108 νυμφίων
1721 2055 1761 2094 τὸ
1781 2054 1887 2106 μέσον
1905 2059 2068 2094 τοσοῦτον
2085 2071 2094 2080 ·
2115 2056 2241 2096 σκόπει
2265 2055 2303 2096 δὲ
2323 2056 2384 2096 καὶ

1360 2117 1420 2157 ἐπὶ
1448 2117 1538 2157 τίσιν
1566 2118 1788 2171 ἁρμόζονται.
1810 2118 1864 2156 Οὐ
1891 2116 1960 2169 γὰρ
1981 2117 2196 2170 ἀνδράποδα,
2215 2117 2292 2158 οὐδὲ
2320 2120 2385 2170 γῆς

1360 2179 1507 2231 πλέθρα,
1527 2179 1603 2218 οὐδὲ
1632 2178 1719 2218 τόσα
1737 2178 1797 2218 καὶ
1826 2178 1914 2218 τόσα
1933 2178 2077 2231 χρυσίου
2106 2179 2277 2227 τάλαντα,
2305 2180 2382 2218 ἀλλ“

1360 2241 1498 2292 οὐρανοὶ
1515 2241 1575 2280 καὶ
1593 2239 1637 2279 τὰ
1654 2242 1689 2278 ἐν
1708 2242 1864 2291 οὐρανοῖς
1882 2240 1996 2292 ἀγαθὰ
2013 2239 2057 2278 τὰ
2076 2239 2158 2279 ἕδνα
2175 2239 2305 2288 ταύτης
2321 2241 2385 2286 τῆς

1359 2301 1494 2354 νύμφης
1514 2301 1600 2340 ἐστί.
1620 2301 1715 2354 Πρὸς
1734 2301 1864 2345 τούτοις
1880 2304 1901 2347 ἠ
1924 2299 1987 2351 μὲν
2009 2305 2233 2352 γεγαμηκυῑα
2250 2302 2386 2353 φρίττει

1359 2364 1417 2402 τὸν
1439 2365 1583 2402 θάνατον
1599 2365 1667 2402 τῶν
1695 2378 1733 2401 τε
1759 2363 1875 2401 ἄλλων
1903 2362 2032 2408 ἕνεκεν,
2057 2362 2117 2400 καὶ
2131 2361 2184 2400 ὅτι
2199 2366 2214 2383 “
2228 2365 2288 2401 τοῦ
2303 2377 2387 2402 συν-

1362 2429 1535 2469 οικοῦντος
1564 2425 1670 2472 αὐτὴν
1706 2423 1963 2475 διαζεύγνυσιν·
1999 2427 2021 2470 ἡ
2060 2422 2096 2462 δὲ
2131 2421 2301 2475 παρθένος
2326 2423 2387 2463 καὶ

1363 2491 1462 2527 ποθεῖ
1491 2487 1556 2533 τὴν
1585 2485 1766 2534 τελευτὴν,
1787 2486 1847 2525 καὶ
1869 2484 2059 2538 βαρύνεται
2090 2486 2135 2537 τῇ
2165 2486 2251 2536 ζωῇ,
2277 2484 2388 2524 σπεύ-

1364 2551 1470 2589 δουσα
1495 2551 1553 2589 τὸν
1576 2549 1725 2601 νυμφίον
1754 2549 1836 2587 ἰδεῖν
1863 2547 2050 2600 πρόσωπον
2069 2546 2156 2599 πρὸς
2182 2546 2386 2598 πρόσωπον,

1363 2612 1421 2649 καὶ
1438 2614 1501 2656 τ’ἧς
1517 2610 1615 2656 δόξης
1631 2612 1828 2648 ἀπολαῦσαι
1844 2609 1988 2655 ἐκείνης.

1415 2671 1509 2710 Οὔτε
1526 2671 1561 2710 δὲ
1591 2671 1631 2710 τὸ
1651 2670 1753 2723 πενία
1773 2671 1878 2720 συζῇν
1911 2667 2071 2719 καθάπερ
2098 2666 2156 2706 ἐπὶ
2183 2671 2243 2706 τοῦ
2271 2667 2386 2719 γάμου

1363 2733 1595 2784 παραὸλάψαι
1611 2732 1741 2770 δύναιτ’
1767 2730 1808 2769 ἂν
1823 2728 1946 2776 αὐτὴν,
1965 2728 2056 2767 ἀλλὰ
2080 2728 2140 2767 καὶ
2160 2728 2295 2779 μᾶλλον
2319 2743 2386 2769 πο·

1363 2794 1556 2844 θεινοτέραν
1578 2795 1628 2845 τῷ
1645 2793 1785 2845 νυμφίῳ
1807 2791 1869 2836 τὴν
1891 2793 2038 2828 ἑκοῦσαν
2057 2792 2160 2828 τοῦτο
2187 2789 2384 2841 ὓπομίνου-

1363 2870 1426 2894 σαν
1447 2861 1551 2902 ποιεῖ,
1576 2854 1654 2894 οὔτε
1673 2854 1712 2892 τὸ
1728 2856 1767 2892 ἐκ
1784 2854 1955 2891 ταπεινῶν
1973 2850 2164 2902 γεγονέναι,
2181 2851 2261 2891 οὔτε
2275 2851 2316 2891 τὸ
2332 2851 2382 2903 μὴ

1361 2917 1570 2968 διαλάμπειν
1592 2915 1655 2963 τὴν
1683 2918 1743 2954 τοῦ
1769 2913 1932 2964 σώματος
1963 2911 2075 2964 ὥραν,
2103 2913 2180 2952 οὔτε
2208 2914 2296 2952 ἄλλο
2313 2916 2383 2953 τῶν

1359 2978 1526 3018 τοιούτοιν
1555 2978 1665 3017 οὐδέν.
1686 2976 1755 3015 Καὶ
1776 2976 1810 3014 τί
1839 2975 1930 3027 λέγω
1956 2978 2089 3022 ταῦτα;
2109 2974 2174 3014 κᾶν
2201 2973 2271 3027 γὰρ
2291 2975 2381 3026 μηδᾶ

1359 3039 1523 3093 ἐλευθέρα
1552 3033 1639 3079 οὖσα
1674 3037 1783 3089 τύχῃ,
1805 3036 1880 3076 οὐδὲ
1910 3040 2010 3075 τοῦτο
2037 3039 2144 3083 αὐτῆς
2172 3034 2378 3085 λυμαίνεται

1355 3101 1418 3149 τὴν
1437 3100 1641 3152 μνηστείαν,
1656 3100 1733 3137 ἀλλ’
1750 3099 1849 3150 ἀρκεῖ
1863 3097 1980 3149 ψυχὴν
1997 3097 2236 3143 ἐπιδείξασθαι
2249 3096 2378 3143 καλὴν,

1354 3165 1412 3202 καὶ
1430 3167 1499 3202 τῶν
1518 3161 1699 3214 πρωτείων
1727 3166 1856 3211 τυχεῖν.
1881 3161 1958 3197 Οὐκ
1977 3160 2068 3198 ἔστιν
2089 3160 2161 3198 ἐκεῖ
2179 3157 2376 3210 φοὸηθῆναι

1350 3223 1576 3272 ζηλοτυπίαν,
1593 3225 1656 3261 οὐκ
1671 3222 1764 3261 ἔστιν
1781 3223 1934 3271 ἀλγῆσαι
1955 3218 2248 3272 διαφθονουμίνην
2274 3219 2375 3273 &Cpq

1350 3286 1488 3336 γυναικὶ
1503 3287 1550 3328 ὡς
1565 3282 1793 3335 λαμπροτέρα
1821 3282 2070 3332 συνεζευγμένῃ
2096 3281 2207 3332 ἀνδρί.
2229 3281 2284 3320 Oti
2303 3280 2374 3333 γάρ

1405 3437 1417 3451 ¹·
1444 3428 1523 3466 Βνκ.
1546 3429 1609 3462 τοὺς
1628 3431 1824 3460 ravennia-1⁷5
1844 3429 1927 3458 wire„
