2498 3772
319 218 367 263 51
387 236 408 261 2
737 232 774 261 s.
814 229 1000 260 sommus

316 326 426 353 coetus
457 328 502 353 ex
533 314 681 352 literatis
711 314 799 352 viris
830 311 1014 358 coaluerit,
1049 309 1111 349 sed
1141 323 1269 362 magna

316 376 486 415 Ecclesiae
509 389 590 427 pars
615 389 660 413 ex
690 374 813 413 idiotis
843 382 979 412 constat
994 389 1005 422 ;
1035 371 1165 422 reliqui
1186 384 1271 409 vero

314 436 389 474 illis
408 436 604 487 sagaciores
627 435 773 487 quidem
795 445 890 482 sunt,
915 433 978 473 sed
999 433 1045 471 ab
1067 433 1126 483 iis,
1145 432 1206 484 qui
1226 432 1271 470 de

313 496 455 535 dicendi
479 496 645 535 facultate
659 497 840 550 judicium
861 497 952 534 ferre
973 497 1107 545 valent,
1129 504 1268 533 tantum

312 572 461 596 numero
475 557 625 606 distant,
645 568 818 609 quantum
839 558 947 597 iidem
963 573 981 596 a
999 558 1147 609 reliquis
1161 557 1272 595 omni-

312 620 383 657 bus
401 635 409 656 z
426 632 517 656 unus
539 619 674 657 scilicet
698 619 752 657 vel
777 620 866 657 alter
887 619 988 658 sedet‘
1003 619 1069 657 hac
1097 619 1270 672 praeditus

314 680 492 728 facultate,
509 694 717 731 necesseque
732 691 783 719 est
802 691 839 719 ut
851 681 911 733 qui
929 682 1153 732 eloquentius
1168 680 1272 719 dixe·
1286 712 1333 737 [ΑΒ

1035 225 1278 257 CHRYSOST.
1319 225 1510 256 Achn-:P
1520 245 1528 255 .
1569 225 1652 256 CON
1660 225 1908 257 STAN'HNOP
1918 244 1927 253 .

1348 309 1564 356 Ἐκκλησίας
1593 309 1696 362 μέρος
1725 309 1759 354 ἐξ
1791 310 1938 347 ἰδιωτῶν
1961 308 2133 359 συνῆχθαι
2165 307 2370 358 συμὸαίνει,

1344 369 1424 414 τοὺς
1443 369 1479 408 δὲ
1504 370 1645 414 λοιποὺς
1675 369 1735 408 καὶ
1764 369 1885 413 αὐτοὺς
1912 368 2050 407 ἐκείνων
2081 367 2143 419 μὲν
2163 361 2251 406 εἶναι
2271 384 2370 407 συνε-

1344 430 1515 482 τωτέρους
1527 462 1536 479 ,
1553 435 1621 469 τῶν
1642 430 1678 469 δὲ
1696 431 1817 482 λόγους
1838 436 1954 483 κρῖναι
1974 430 2172 479 δυναμένων
2189 430 2372 469 λείπεσθαι

1352 494 1473 543 πολλῷ
1489 492 1606 539 πλέον,
1625 492 1647 537 ἢ
1669 492 1747 530 ὅσον
1765 492 1904 530 ἐκείνων
1919 494 1950 529 οἳ
1966 491 2084 529 λοιποὶ
2097 491 2242 539 πάντες,
2258 491 2319 530 ἕνα
2334 491 2371 530 δὲ

1351 552 1491 603 μόλιςῆ
1519 553 1676 605 δεύτερον
1705 556 1880 599 καθ-ἧσθαι
1907 553 1967 591 τὸν
2000 552 2132 599 ταύτην
2159 553 2372 604 κεκτημένον

1346 616 1410 661 τὴν
1432 613 1558 667 ἀρετὴν
1572 643 1581 661 ,
1604 615 1739 665 ἀνάγκη
1760 615 1818 652 τὸν
1847 615 1988 665 ἄμεινον
2017 613 2160 652 εἰπόντα
2187 614 2372 658 ἐλάττονας

1349 675 1608 726 ἀπενέγκασθαι
1626 675 1786 725 κρότους,
1812 675 1887 714 ἔστι
1908 675 1943 714 δὲ
1962 675 2019 714 ὅτε
2040 674 2129 725 μηδὲ
2148 676 2372 715 ἐπαινεθέντα

315 742 372 789 rit,
391 742 561 779 minorem
576 741 644 779 sibi
660 742 826 794 plausum
840 741 1269 793 concilict‚etaliquando
1301 749 1320 778 Α
1349 733 1554 772 ἰἀπΞλθΞῖν-
1593 735 1661 773 Καὶ
1693 736 1745 772 δεῖ
1778 735 1863 786 πρὸς
1903 734 2032 777 ταύτας
2066 734 2231 786 γενναίως
2263 750 2370 786 παρε-

315 803 390 841 sine
406 802 512 840 laude
526 802 698 841 discedat.
715 804 808 841 Sane
824 813 944 842 contra
962 803 1168 855 hujusmodi
1186 804 1269 841 inre-

315 864 563 915 quabilitatem
583 865 744 902 animum
761 879 926 916 generose
943 878 1145 916 praeparare
1158 864 1270 911 decet,

317 925 432 976 iisque
450 939 592 977 parcere
606 926 665 976 qui
681 940 742 977 per
765 927 1001 976 ignorantiam
1024 926 1115 964 illud
1144 935 1269 977 agunt,

317 1002 375 1025 eos
395 997 530 1037 autem,
550 987 609 1037 qui
632 1002 695 1038 per
715 988 901 1035 invidiam,
922 997 960 1025 ut
985 988 1133 1025 miseros
1151 987 1271 1025 infeli-

317 1063 442 1100 cesque
458 1049 659 1100 deplorare,
678 1064 696 1087 a
714 1059 908 1100 neutroque
928 1049 1057 1087 horum
1086 1049 1274 1101 quidpiam

317 1119 442 1162 putare
465 1124 483 1147 a
509 1124 572 1147 sua
594 1110 631 1146 vi
650 1109 793 1148 dicendi
814 1124 888 1148 esse
909 1111 1122 1148 detractum.
1152 1111 1275 1161 Neque

316 1171 410 1208 enim
436 1170 464 1207 si
492 1171 648 1222 optimus
674 1170 803 1222 pictor,
826 1171 887 1221 qui
911 1185 1033 1208 omues
1053 1171 1088 1208 in
1110 1172 1176 1207 bac
1196 1180 1274 1208 arte

315 1231 511 1283 praecellat,
526 1244 696 1282 perquam
710 1230 929 1280 diligentera
947 1245 982 1268 se
995 1230 1172 1282 depictam
1187 1231 1272 1267 ima-

316 1291 437 1343 ginem
456 1291 501 1328 ab
523 1291 699 1342 imperitis
719 1290 873 1328 derideri
901 1290 1021 1328 videat
1039 1321 1048 1338 ,
1067 1291 1148 1329 ideo
1167 1291 1272 1329 debet

314 1352 434 1390 animo
453 1351 652 1397 concidere,
670 1365 731 1389 uec
746 1351 1146 1404 imperitorumjudicio
1161 1353 1275 1405 pietu-

314 1427 393 1451 ram
413 1413 514 1466 parvi
533 1412 684 1459 ducere3
699 1412 1008 1463 quemadmodum
1029 1427 1141 1464 neque
1158 1415 1275 1466 pictu-

318 1490 395 1513 ram
410 1489 489 1526 quae
504 1474 606 1512 nihili
629 1474 689 1522 sit,
710 1488 755 1512 ex
768 1475 1018 1527 imperitorum
1039 1475 1276 1514 admiratione

137 1556 166 1584 7.
188 1547 306 1574 sermo·
319 1537 579 1589 magnifacere.
600 1537 693 1574 Nam
713 1537 870 1589 optimus
888 1537 1016 1574 artifex
1034 1537 1109 1589 ipse
1128 1551 1276 1575 suorum

114 1598 166 1658 ἰεῦ
194 1596 306 1655 '2¹:¹22‘ss
320 1599 549 1652 opificiorum
566 1597 682 1651 judex
706 1607 780 1636 esto
797 1628 806 1646 ,
828 1607 862 1636 et
884 1598 1035 1651 pulchra
1056 1598 1195 1637 soedave
1214 1599 1274 1637 illa

116 1678 149 1700 ut
167 1670 227 1698 Deo
246 1670 309 1708 pta·
321 1660 521 1706 existimet,
547 1674 628 1697 cum
658 1673 756 1697 mens
782 1659 928 1706 eadem,
952 1674 1031 1710 quae
1057 1660 1119 1698 illa
1146 1660 1277 1708 edidit,

116 1713 308 1784 ἶξέὲὲἓυςάῂ
321 1722 418 1760 hunc
436 1721 614 1760 calculum
635 1721 743 1759 feret:
760 1721 915 1759 aliorum
932 1730 1050 1759 autem
1072 1721 1278 1773 opinionem

116 1784 188 1823 essse.
322 1798 505 1823 erroneam
522 1793 555 1821 et
573 1783 659 1821 artis
677 1783 879 1835 imperitam
893 1797 936 1820 ne
948 1783 984 1820 in
1001 1792 1116 1821 mente
1131 1783 1278 1834 quidem

322 1854 482 1898 reponat.
505 1846 558 1883 Ne
574 1845 693 1894 itaque
710 1845 738 1881 is
759 1844 821 1894 qui
837 1844 1008 1882 doctrinae
1022 1844 1180 1882 laborem
1201 1859 1279 1883 sus-

322 1906 439 1957 cepit,
460 1904 614 1942 aliorum
635 1903 757 1941 laudes
776 1904 952 1951 attendat,
975 1918 1086 1955 neque
1105 1905 1162 1943 his
1184 1905 1279 1943 defi-

323 1965 500 2004 cientibus
511 1965 671 2003 animum
685 1964 912 2016 despondeat.
928 1966 1065 2004 Verum
1081 1980 1279 2004 sermonem

322 2041 428 2065 suum
454 2025 499 2064 ad
533 2025 599 2064 Dei
628 2026 800 2078 placitum
827 2026 1042 2065 concinnans
1067 2027 1162 2075 (haec
1185 2029 1279 2066 enim

323 2090 401 2141 ejus
416 2102 552 2134 norma,
571 2087 630 2125 hic
642 2087 812 2125 terminus
827 2088 969 2125 artificii
987 2088 1089 2127 debet
1105 2103 1192 2138 esse,
1211 2105 1279 2129 non

324 2151 471 2204 plausus
496 2150 553 2187 vel
577 2148 748 2196 laudes),
776 2150 804 2187 si
826 2149 972 2200 quidem
998 2151 1044 2188 ab
1072 2151 1282 2192 hominibus

323 2212 430 2250 etiam
453 2210 630 2254 laudetur,
651 2210 772 2248 laudes
789 2225 832 2249 ne
847 2211 1002 2263 rejiciat3
1021 2212 1076 2250 sin
1096 2213 1222 2253 laudes
1235 2215 1280 2253 ab

323 2272 547 2311 auditoribus
565 2285 633 2310 non
650 2272 787 2319 referat,
802 2286 843 2310 ne
860 2282 995 2323 quaerat
1012 2273 1104 2322 illas,
1121 2289 1184 2313 nec
1200 2276 1280 2315 ideo

322 2333 456 2374 doleat.
490 2333 669 2371 Laborum
700 2333 836 2385 quippe
869 2334 1034 2372 solatium
1069 2334 1162 2373 illud
1195 2337 1281 2375 satis

323 2397 390 2433 erit
407 2395 638 2446 omniumque
655 2394 868 2439 maximum,
882 2395 910 2433 si
927 2396 1090 2435 conscius
1107 2397 1175 2436 sibi
1196 2400 1279 2437 sue-

323 2457 394 2505 rit,
419 2471 455 2495 se
473 2456 521 2494 ad
542 2456 608 2493 Dei
635 2455 809 2508 placitum
829 2455 1030 2495 doctrinam
1051 2459 1283 2500 concinnasse

120 2531 151 2560 g,
169 2531 229 2568 Qui
254 2541 310 2558 non
325 2528 437 2553 suam.
466 2515 556 2552 Nam
585 2513 613 2551 si
645 2514 826 2564 contingat
857 2529 938 2553 eum
967 2516 1083 2555 laudis
1111 2518 1280 2571 cupidine

121 2577 158 2601 ³⁵²
189 2573 308 2600 ¹²¹“·¹⁰''¹
325 2575 457 2628 abripi,
473 2575 565 2613 nihil
579 2575 760 2627 juvabunt
774 2575 932 2627 ingentes
947 2577 1000 2614 illi
1017 2578 1168 2628 labores,
1189 2581 1280 2620 nihil

121 2621 298 2685 Ϊῗίξξζῐιῑῗτ
324 2636 466 2676 dicendi
486 2636 647 2674 facultas.
669 2637 817 2674 Animus
831 2637 940 2684 enim,
958 2639 1022 2689 qui
1041 2641 1167 2679 stultas
1185 2643 1282 2682 mul-

121 2702 218 2734 Πανὶ-Ἰ
241 2697 309 2727 ²⁰⁰³·
325 2707 440 2737 torum
464 2698 755 2751 reprehensiones
774 2698 865 2736 ferre
891 2700 1028 2751 nequit,
1053 2700 1278 2753 dissolvitur,

123 2741 205 2769 ‘¹⁰⁹³'
323 2774 364 2799 ac
379 2759 523 2798 dicendi
539 2758 699 2797 studium
719 2759 855 2810 abjicit.
872 2761 1116 2809 Quamobrem
1129 2763 1196 2802 hac
1208 2765 1282 2817 pri-

324 2834 423 2858 mum
452 2819 643 2871 disciplina
672 2819 787 2856 imbui
818 2833 882 2871 par
907 2829 981 2869 est,
1004 2835 1130 2874 nempe
1154 2833 1280 2862 conte-

324 2879 498 2918 mnendas
508 2894 581 2918 esse
594 2879 726 2917 laudes.
740 2881 860 2931 Neque
870 2881 966 2919 enim
977 2882 1062 2920 satis
1072 2893 1122 2921 est
1134 2883 1279 2924 dicendi

326 2942 362 2979 vi
379 2941 568 2994 praeditum
586 2955 660 2979 esse
682 2941 729 2979 ad
744 2955 822 2979 eam
843 2942 1049 2982 facultatem
1064 2959 1280 2984 conservan-

326 3001 430 3047 dam,
459 3002 526 3040 nisi
554 3001 621 3039 hoc
645 3002 751 3040 etiam
772 3002 877 3041 adsit.
901 3004 1009 3052 Quod
1035 3005 1063 3043 si
1090 3006 1173 3057 quis
1197 3021 1283 3046 eum

326 3072 490 3101 accurate
504 3063 711 3102 examinare
724 3064 824 3113 velit,
841 3063 904 3115 qui
918 3065 1085 3104 facultate
1098 3067 1162 3106 ista
1176 3078 1284 3116 caret,

328 3125 519 3175 comperiet
537 3138 605 3162 non
622 3125 739 3163 minus
754 3125 873 3174 illum,
892 3141 1000 3177 quam
1016 3128 1112 3166 hunc
1128 3129 1283 3168 laudum

328 3194 504 3222 contemtu
525 3199 638 3236 egere.
653 3186 744 3224 Nam
767 3186 795 3223 si
815 3201 833 3223 a
855 3188 1037 3239 popularis
1058 3204 1154 3228 aurae
1175 3191 1283 3242 cupi-

329 3243 413 3282 dine
427 3245 520 3282 vinci
535 3259 571 3283 se
585 3245 755 3297 patiatur,
774 3248 897 3286 multis
915 3248 949 3285 in
968 3249 1074 3288 rebus
1087 3251 1282 3290 necessario

375 3383 387 3400 ‘¹
413 3382 474 3414 Alii
491 3388 670 3418 ἐπανελθεῖν.

378 3444 391 3458 n
414 3432 473 3466 Alii
493 3435 746 3474 &xmutraffialii
775 3443 931 3473 ἐπαινοῖτο.
966 3441 1056 3473 Infra
1088 3441 1140 3474 ulii
1174 3447 1249 3476 αὐτὸ.
1281 3453 1337 3477 τῶν

1349 795 1537 833 σκευάσθαι
1556 795 1618 838 τὰς
1643 797 1867 846 ἀνωμαλίας,
1886 795 1946 834 καὶ
1968 801 2039 839 τοῖς
2066 795 2128 845 μὲν
2152 796 2195 833 δι’
2219 796 2370 846 ἀμαθίαν

1347 861 1457 895 ταῦτα
1485 856 1665 908 πάσχουσι
1693 856 1968 908 συγγινώσκειν,
1997 856 2074 900 τοὺς
2104 857 2139 895 δὲ
2167 857 2223 895 διὰ
2250 857 2371 909 φθόνον

1347 922 1449 956 τοῦτο
1477 918 1714 967 ὑπομένοντας
1745 918 1905 970 δακρύειν
1947 921 1993 962 ὡς
2022 919 2158 962 ἀθλίους
2186 919 2286 962 ὄντας
2314 919 2373 957 καὶ

1350 979 1536 1026 ἐλεεινοὺς,
1561 980 1742 1031 μηδετέρῳ
1772 981 1807 1018 δὲ
1841 979 1969 1018 τούτων
2004 980 2138 1018 ἐλάττω
2171 979 2235 1026 τὴν
2269 983 2374 1019 αὑτοῦ

1349 1041 1500 1090 νομίζειν
1534 1044 1740 1092 γεγενῆσθαι
1771 1041 1928 1091 δύναμιν.
1950 1041 2044 1079 Οὐδὲ
2076 1041 2143 1092 γὰρ
2174 1043 2203 1079 εἷ
2240 1041 2373 1094 ζωγρά-

1349 1118 1410 1153 φος
1431 1101 1477 1139 ὢν
1499 1102 1659 1154 ἀριστος,
1681 1102 1741 1140 καὶ
1771 1103 1912 1140 πάντων
1941 1103 2032 1140 κατὰ
2059 1102 2121 1148 τὴν
2145 1102 2271 1154 τέχνην
2291 1119 2374 1155 κρα-

1349 1170 1430 1213 τῶν,
1445 1166 1510 1212 τὴν
1527 1167 1615 1216 μετὰ
1627 1169 1760 1213 πολλῆς
1780 1171 1842 1213 τῆς
1861 1167 2040 1219 ἀκριὸείας
2059 1168 2376 1218 ἀναγεγραμμένην

1350 1231 1468 1269 εἰκόνα
1500 1231 1568 1268 ὑπὸ
1594 1233 1663 1268 τῶν
1692 1234 1755 1276 τῆς
1783 1231 1909 1283 τέχνης
1944 1232 2097 1283 ἀπείρων
2123 1232 2377 1282 σκωπτομένην

1351 1292 1456 1343 ἑώρα,
1472 1292 1542 1330 ἔδει
1554 1298 1780 1336 καταπεσεῖν,
1799 1293 1859 1330 καὶ
1876 1296 1918 1344 τῇ
1936 1293 2050 1344 κρίσει
2069 1296 2138 1330 τῶν
2159 1295 2222 1331 οὐκ
2237 1294 2376 1331 εἰδότων

1350 1353 1486 1407 φαύλην
1505 1357 1666 1403 ἡγεῖσθαι
1684 1352 1747 1399 τὴν
1769 1352 1920 1405 γραφὴν,
1941 1353 2062 1406 ὥσπερ
2085 1353 2161 1391 οὐδὲ
2183 1353 2248 1400 τὴν
2271 1354 2380 1397 ὅντως

1351 1414 1487 1467 φαύλην
1525 1415 1730 1465 θαυμαστήν
1769 1431 1848 1452 τινα
1896 1416 1957 1453 καὶ
1987 1415 2180 1467 ἐπέραστον
2218 1416 2287 1454 ἀπὸ
2319 1418 2382 1462 τῆς

1352 1478 1420 1514 τῶν
1441 1476 1596 1528 ἀτέχνων
1615 1476 1827 1522 ἐκπλήξεως.
1847 1475 1892 1515 Ὁ
1912 1476 1981 1529 γὰρ
2002 1477 2140 1528 ἄριστος
2170 1476 2380 1530 δημιουργὸς

1353 1537 1453 1581 αὐτὸς
1475 1537 1565 1576 ἔστω
1586 1537 1645 1575 καὶ
1676 1537 1799 1589 κριτὴς
1828 1539 1897 1575 τῶν
1919 1540 2025 1576 αὑτοῦ
2044 1537 2299 1590 τεχνημάτων,
2320 1538 2381 1576 καὶ

1352 1598 1446 1637 καλὰ
1475 1599 1534 1637 καὶ
1564 1601 1678 1650 φαῦλα
1706 1599 1817 1651 ταύτῃ
1845 1599 1994 1637 τιθέσθω
2021 1600 2064 1636 τὰ
2089 1599 2272 1650 γινόμενα,
2298 1600 2380 1638 ὅταν

1353 1663 1371 1698 ὁ
1391 1660 1648 1712 τεχνησάμενος
1668 1660 1755 1698 αὐτὰ
1777 1664 1853 1705 νοῖὶς
1871 1660 1999 1704 ταύτας
2026 1660 2113 1713 φέρῃ
2139 1661 2201 1704 τὰς
2227 1660 2379 1712 ψήφους·

1353 1721 1417 1768 τὴν
1449 1720 1484 1759 δὲ
1515 1723 1584 1758 τῶν
1621 1721 1745 1765 ἔξωθεν
1778 1721 1899 1766 δόξαν,
1925 1722 1988 1767 τὴν
2017 1721 2292 1771 πεπλανημένην
2321 1723 2382 1760 καὶ

1356 1783 1522 1835 ἄτεχνον,
1551 1781 1639 1832 μηδὲ
1661 1784 1708 1825 εἷς
1735 1786 1813 1819 νοῦν
1844 1782 2026 1833 βαλλέσθω
2056 1782 2154 1820 ποτέ.
2175 1782 2235 1830 Μὴ
2269 1782 2380 1821 τοίνυν

1358 1845 1447 1894 μήτε
1463 1847 1479 1882 ὃ
1493 1846 1556 1889 τῆς
1573 1843 1799 1887 διδασκαλίας
1816 1843 2067 1894 ἀναδεξάμενος
2081 1844 2138 1882 τὸν
2157 1846 2289 1895 ἀγῶνα,
2307 1849 2382 1889 ταῖς

1356 1909 1426 1944 τῶν
1446 1904 1570 1949 ἔξωθεν
1602 1904 1791 1956 εὐφημίαις
1811 1905 2034 1956 προσεχέτω,
2052 1904 2139 1955 μηδὲ
2161 1905 2230 1943 ἀπὸ
2249 1904 2381 1944 τούτων

1356 1969 1418 2014 τὴν
1451 1969 1574 2005 ἑαυτοῦ
1604 1966 1860 2004 καταῧαλλέτω
1884 1967 1999 2019 ψυχήν
2014 1982 2023 1991 ·
2050 1968 2127 2005 ἀλλ’
2152 1966 2381 2018 ἐργαζόμενος

1357 2028 1434 2072 τοὺς
1453 2028 1590 2079 λόγους,
1614 2031 1660 2072 ὡς
1681 2027 1721 2065 ἂν
1741 2027 1877 2080 ἀρέσειε
1894 2031 1944 2080 τῷ
1964 2030 2067 2078 Θεῷ(
2081 2021 2177 2071 οὗτος
2197 2027 2265 2079 γὰρ
2285 2030 2381 2080 αὐτῷ

1357 2089 1472 2128 κανὼν
1495 2091 1554 2128 καὶ
1574 2088 1651 2141 ὅρος
1668 2090 1758 2127 ἔστω
1782 2090 1884 2140 μόνος
1904 2091 1966 2134 τῆς
1987 2089 2132 2141 ἀρίστης
2153 2088 2382 2140 δημιουργίας

1357 2150 1512 2199 ἐκείνων,
1534 2150 1582 2200 μὴ
1609 2150 1747 2203 κρότοι,
1765 2151 1853 2201 μηδὲ
1875 2150 2090 2202 εὐφημίαι),
2111 2151 2142 2187 εἷ
2172 2148 2234 2199 μὲν
2255 2151 2380 2187 “ε’παι·

1357 2218 1450 2251 νοὶτο
1480 2213 1539 2251 καὶ
1558 2211 1656 2263 παρὰ
1677 2215 1746 2250 τῶν
1773 2212 1985 2265 ἀνθρώπων,
2007 2212 2055 2261 μὴ
2080 2211 2313 2264 διακρουέσθω
2337 2211 2379 2249 τὰ

1356 2274 1539 2326 ἐγκώμια,
1576 2273 1625 2325 μὴ
1670 2274 1896 2326 παρεχόντων
1928 2273 1963 2312 δὲ
2006 2273 2093 2312 αὐτὰ
2134 2275 2202 2310 τῶν
2249 2274 2380 2324 ἀκροα-

1356 2340 1446 2383 τῶν,
1471 2336 1520 2386 μὴ
1543 2336 1714 2383 ζητείτω,
1741 2335 1829 2386 μηδὲ
1866 2334 2017 2387 ἀλγείτω
2034 2351 2041 2358 ·
2062 2333 2165 2381 ἱκανὴ
2193 2333 2262 2387 γὰρ
2288 2335 2381 2386 αὐτῷ

1356 2397 1563 2450 παραμυθία
1590 2399 1659 2435 τῶν
1690 2398 1826 2444 πόνων,
1856 2396 1915 2435 καὶ
1945 2397 2087 2435 πάντων
2120 2395 2269 2446 μείζων,
2297 2395 2380 2434 ὅταν

1357 2461 1470 2511 ἑαυτῷ
1493 2459 1685 2498 συνειδέναι
1702 2458 1867 2507 δύνηται,
1896 2459 1981 2510 πρὸς
2004 2458 2187 2509 ἀρέσκειαν
2211 2461 2271 2496 τοῦ
2289 2459 2382 2496 Θεοῦ

1357 2522 1525 2563 συντιθεὶς
1545 2519 1604 2558 καὶ
1625 2520 1798 2573 ῥυθμίζων
1819 2519 1882 2566 τὴν
1903 2518 2146 2557 διδασκαλίαν.
2167 2517 2236 2556 Καὶ
2255 2517 2322 2569 γὰρ
2339 2517 2381 2554 ἂν

1357 2581 1471 2633 φθάσῃ
1495 2584 1538 2632 τῇ
1571 2584 1640 2618 τῶν
1673 2582 1809 2630 ἀλόγων
1839 2579 1990 2618 ἐπαίνων
2021 2575 2190 2629 ἐπιθυμίᾳ
2222 2578 2380 2625 ἁλῶναι,

1356 2641 1452 2680 οὐδὲν
1474 2644 1568 2693 αὐτῷ
1599 2644 1668 2679 τῶν
1689 2643 1827 2679 πολλῶν
1856 2642 1970 2678 πόνων
1996 2641 2135 2691 ὄφελος,
2156 2638 2231 2677 οὐδὲ
2263 2642 2325 2685 τῆς
2345 2642 2381 2679 ἐν

1356 2706 1406 2756 τῷ
1425 2702 1538 2753 λέγειν
1566 2702 1758 2752 δυνάμεως.
1778 2701 1855 2744 Τὰς
1873 2701 1940 2752 γὰρ
1966 2700 2131 2746 ἀνοήτους
2149 2703 2218 2738 τῶν
2240 2702 2380 2740 πολλῶν

1356 2763 1594 2816 καταγνώσεις
1624 2763 1674 2813 μὴ
1708 2764 1881 2813 δυναμένη
1912 2762 2027 2815 φέρειν
2053 2761 2149 2814 ψυχὴ
2166 2791 2174 2807 ,
2197 2762 2380 2807 ἐκλύεται,

1356 2826 1416 2864 καὶ
1432 2824 1495 2871 τὴν
1513 2824 1593 2876 περὶ
1607 2824 1646 2861 τὸ
1664 2823 1776 2875 λέγειν
1796 2823 1910 2875 ῥίπτει
1927 2823 2092 2869 σπουδήν.
2115 2826 2181 2861 Διὰ
2195 2828 2296 2862 τοῦτο
2309 2822 2379 2876 χρὴ

1358 2886 1513 2938 μάλιστα
1541 2885 1681 2923 πάντων
1716 2884 1968 2922 πεπαιδεῦσθαι
1999 2883 2151 2921 ἐπαίνων
2185 2886 2379 2935 ὑπερορᾷν·

1356 2949 1393 2987 οὐ
1426 2947 1494 2999 γὰρ
1530 2949 1630 2998 ἀρκεῖ
1669 2945 1708 2983 τὸ
1739 2944 1849 2995 λέγειν
1897 2945 2023 2983 εἰδέναι
2056 2946 2141 2997 πρὸς
2169 2945 2234 2992 τὴν
2254 2944 2382 2990 ταύτης

1355 3013 1418 3056 τῆς
1444 3008 1622 3058 δυνάμεως
1650 3007 1829 3058 φυλακὴν,
1850 3006 1889 3044 ἂν
1922 3007 2048 3061 μὴ-καὶ
2068 3010 2171 3046 τοῦτο
2189 3009 2315 3059 προσῇ
2335 3006 2381 3046 Εἰ

1357 3069 1395 3108 δέ
1423 3086 1475 3113 τις
1509 3068 1664 3119 ἀκριὸῶς
1692 3068 1862 3112 ἐξετάζειν
1894 3069 2005 3106 ἐθέλοι
2034 3067 2094 3105 καὶ
2124 3067 2182 3106 τὸν
2211 3068 2245 3104 ἐν
2267 3065 2382 3118 ἐνδείᾳ

1356 3131 1562 3169 καθεστῶτα
1579 3129 1709 3174 ταύτης
1728 3132 1790 3175 τῆς
1811 3131 1956 3179 ἀρετῆς,
1984 3129 2122 3180 εὑρήσει
2141 3128 2301 3178 δεόμενον
2320 3131 2381 3165 τοῦ

1355 3195 1425 3230 τῶν
1454 3190 1605 3229 ἐπαίνων
1634 3195 1861 3241 καταφρονεῖν
1889 3191 1955 3242 οὐχ
1974 3184 2078 3236 ἧττον
2097 3189 2120 3235 ἢ
2146 3192 2276 3227 τοῦτον.
2292 3187 2381 3226 ·Καὶ

1355 3253 1424 3303 γὰρ
1454 3251 1569 3290 πολλὰ
1603 3251 1817 3303 ἁμαρτάνειν
1850 3250 2180 3302 ἀναγκασθήσεται,
2215 3251 2278 3295 τ’ἥς
2309 3249 2379 3287 τῶν

1374 3400 1491 3428 :lxo-adn
1499 3408 1536 3426 om
1550 3401 1628 3436 μήτε
1644 3398 1712 3433 §ms
1722 3399 1766 3425 ’τοι
1773 3419 1779 3425 .
