<?xml version="1.0" encoding="UTF-8"?>
<!DOCTYPE html PUBLIC "-//W3C//DTD XHTML 1.0 Transitional//EN"
    "http://www.w3.org/TR/xhtml1/DTD/xhtml1-transitional.dtd">
<html xmlns="http://www.w3.org/1999/xhtml" xml:lang="en" lang="en">
 <head>
  <title>
</title>
<meta http-equiv="Content-Type" content="text/html;charset=utf-8" />
  <meta name='ocr-system' content='tesseract 3.04.00' />
  <meta name='ocr-capabilities' content='ocr_page ocr_carea ocr_par ocr_line ocrx_word'/>
</head>
<body>
  <div class='ocr_page' id='page_1' title='image "./operaomniaquaeex01johnuoft/operaomniaquaeex01johnuoft_0603.png"; bbox 0 0 2549 3825; ppageno 0'>
   <div class='ocr_carea' id='block_1_1' title="bbox 712 286 1704 320">
    <p class='ocr_par' dir='ltr' id='par_1_1' title="bbox 712 286 1704 320">
     <span class='ocr_line' id='line_1_1' title="bbox 712 286 1704 320; baseline -0.002 -2"><span class='ocrx_word' id='word_1_1' title='bbox 712 290 769 319; x_wconf 84' lang='lat' dir='ltr'>DE</span> <span class='ocrx_word' id='word_1_2' title='bbox 806 287 1263 320; x_wconf 60' lang='lat' dir='ltr'>tuconipnmisstx&#39;smtm</span> <span class='ocrx_word' id='word_1_3' title='bbox 1294 286 1366 316; x_wconf 77' lang='lat' dir='ltr'>Dl-:t</span> <span class='ocrx_word' id='word_1_4' title='bbox 1403 286 1602 316; x_wconf 61' lang='lat' dir='ltr'>NATURA.</span> <span class='ocrx_word' id='word_1_5' title='bbox 1641 287 1704 316; x_wconf 82' lang='lat' dir='ltr'>ut.</span> 
     </span>
    </p>
   </div>
   <div class='ocr_carea' id='block_1_2' title="bbox 191 368 1205 429">
    <p class='ocr_par' dir='ltr' id='par_1_2' title="bbox 191 368 1205 429">
     <span class='ocr_line' id='line_1_2' title="bbox 191 368 1205 429; baseline -0.005 -17"><span class='ocrx_word' id='word_1_6' title='bbox 191 378 286 429; x_wconf 71' lang='grc' dir='ltr'>ὕψος.</span> <span class='ocrx_word' id='word_1_7' title='bbox 303 376 448 429; x_wconf 63' lang='grc' dir='ltr'>αΩσ·ιι.ἐρ</span> <span class='ocrx_word' id='word_1_8' title='bbox 465 368 524 413; x_wconf 72' lang='grc' dir='ltr'>οὗν</span> <span class='ocrx_word' id='word_1_9' title='bbox 544 377 579 413; x_wconf 81' lang='grc' dir='ltr'>αἱ</span> <span class='ocrx_word' id='word_1_10' title='bbox 596 372 763 424; x_wconf 82' lang='grc' dir='ltr'>πτέρυγες</span> <span class='ocrx_word' id='word_1_11' title='bbox 784 372 824 410; x_wconf 87' lang='grc' dir='ltr'>τὸ</span> <span class='ocrx_word' id='word_1_12' title='bbox 842 375 904 418; x_wconf 76' lang='grc' dir='ltr'>τῆς</span> <span class='ocrx_word' id='word_1_13' title='bbox 925 371 1056 424; x_wconf 76' lang='grc' dir='ltr'>φύσεως</span> <span class='ocrx_word' id='word_1_14' title='bbox 1074 370 1205 423; x_wconf 75' lang='grc' dir='ltr'>ὖψηλὸν</span> 
     </span>
    </p>
   </div>
   <div class='ocr_carea' id='block_1_3' title="bbox 2138 271 2231 333">
    <p class='ocr_par' dir='ltr' id='par_1_3' title="bbox 2138 271 2231 333">
     <span class='ocr_line' id='line_1_3' title="bbox 2138 271 2231 333; baseline -0.011 -17"><span class='ocrx_word' id='word_1_15' title='bbox 2138 271 2231 333; x_wconf 77' lang='lat'>573</span> 
     </span>
    </p>
   </div>
   <div class='ocr_carea' id='block_1_4' title="bbox 1283 366 2235 420">
    <p class='ocr_par' dir='ltr' id='par_1_4' title="bbox 1283 366 2235 420">
     <span class='ocr_line' id='line_1_4' title="bbox 1283 366 2235 420; baseline -0.001 -14"><span class='ocrx_word' id='word_1_16' title='bbox 1283 378 1417 406; x_wconf 88' lang='lat' dir='ltr'>naturae</span> <span class='ocrx_word' id='word_1_17' title='bbox 1437 368 1654 420; x_wconf 84' lang='lat' dir='ltr'>significant.</span> <span class='ocrx_word' id='word_1_18' title='bbox 1676 367 1779 406; x_wconf 87' lang='lat' dir='ltr'>Sicut</span> <span class='ocrx_word' id='word_1_19' title='bbox 1797 367 1909 420; x_wconf 85' lang='lat' dir='ltr'>igitur</span> <span class='ocrx_word' id='word_1_20' title='bbox 1934 366 1999 405; x_wconf 86' lang='lat' dir='ltr'>aJae</span> <span class='ocrx_word' id='word_1_21' title='bbox 2022 376 2157 405; x_wconf 83' lang='lat' dir='ltr'>naturae</span> <span class='ocrx_word' id='word_1_22' title='bbox 2175 381 2235 405; x_wconf 92' lang='lat' dir='ltr'>su-</span> 
     </span>
    </p>
   </div>
   <div class='ocr_carea' id='block_1_5' title="bbox 191 428 2234 487">
    <p class='ocr_par' dir='ltr' id='par_1_5' title="bbox 191 428 2234 487">
     <span class='ocr_line' id='line_1_5' title="bbox 191 428 2234 487; baseline -0.004 -11"><span class='ocrx_word' id='word_1_23' title='bbox 191 439 345 485; x_wconf 75' lang='grc' dir='ltr'>ὂηλοῦσι,</span> <span class='ocrx_word' id='word_1_24' title='bbox 359 437 419 475; x_wconf 81' lang='grc' dir='ltr'>καὶ</span> <span class='ocrx_word' id='word_1_25' title='bbox 434 440 452 475; x_wconf 84' lang='grc' dir='ltr'>ὁ</span> <span class='ocrx_word' id='word_1_26' title='bbox 471 436 588 487; x_wconf 85' lang='grc' dir='ltr'>θρόνος</span> <span class='ocrx_word' id='word_1_27' title='bbox 603 435 643 472; x_wconf 88' lang='grc' dir='ltr'>τὸ</span> <span class='ocrx_word' id='word_1_28' title='bbox 660 433 717 472; x_wconf 87' lang='grc' dir='ltr'>τὸν</span> <span class='ocrx_word' id='word_1_29' title='bbox 744 433 834 472; x_wconf 87' lang='grc' dir='ltr'>Θεὸν</span> <span class='ocrx_word' id='word_1_30' title='bbox 852 435 967 475; x_wconf 46' lang='grc' dir='ltr'>αὐτοῖς</span> <span class='ocrx_word' id='word_1_31' title='bbox 987 431 1207 470; x_wconf 79' lang='grc' dir='ltr'>ἓπαναπαύε-</span> <span class='ocrx_word' id='word_1_32' title='bbox 1233 443 1256 473; x_wconf 83' lang='lat' dir='ltr'>c</span> <span class='ocrx_word' id='word_1_33' title='bbox 1282 430 1499 467; x_wconf 87' lang='lat' dir='ltr'>blimitatem</span> <span class='ocrx_word' id='word_1_34' title='bbox 1518 429 1700 467; x_wconf 85' lang='lat' dir='ltr'>declarant</span> <span class='ocrx_word' id='word_1_35' title='bbox 1717 460 1726 476; x_wconf 91' lang='lat'>,</span> <span class='ocrx_word' id='word_1_36' title='bbox 1743 438 1776 468; x_wconf 85' lang='lat' dir='ltr'>et</span> <span class='ocrx_word' id='word_1_37' title='bbox 1795 429 1947 468; x_wconf 77' lang='lat' dir='ltr'><strong>thronus</strong></span> <span class='ocrx_word' id='word_1_38' title='bbox 1964 428 2062 480; x_wconf 90' lang='lat' dir='ltr'>quod</span> <span class='ocrx_word' id='word_1_39' title='bbox 2079 430 2179 468; x_wconf 86' lang='lat' dir='ltr'>Deus</span> <span class='ocrx_word' id='word_1_40' title='bbox 2198 430 2234 468; x_wconf 89' lang='lat' dir='ltr'>in</span> 
     </span>
    </p>
   </div>
   <div class='ocr_carea' id='block_1_6' title="bbox 189 487 1210 761">
    <p class='ocr_par' dir='ltr' id='par_1_6' title="bbox 189 487 1210 761">
     <span class='ocr_line' id='line_1_6' title="bbox 191 487 1208 548; baseline -0.007 -12"><span class='ocrx_word' id='word_1_41' title='bbox 191 503 282 545; x_wconf 83' lang='grc' dir='ltr'>σθαι,</span> <span class='ocrx_word' id='word_1_42' title='bbox 297 498 357 536; x_wconf 78' lang='grc' dir='ltr'>καὶ</span> <span class='ocrx_word' id='word_1_43' title='bbox 369 499 400 536; x_wconf 84' lang='grc' dir='ltr'>οἱ</span> <span class='ocrx_word' id='word_1_44' title='bbox 412 495 583 548; x_wconf 68' lang='grc' dir='ltr'>ὀφθαλμοὶ</span> <span class='ocrx_word' id='word_1_45' title='bbox 601 495 639 533; x_wconf 79' lang='grc' dir='ltr'>τὸ</span> <span class='ocrx_word' id='word_1_46' title='bbox 655 493 862 547; x_wconf 83' lang='grc' dir='ltr'>διορατικὸν,</span> <span class='ocrx_word' id='word_1_47' title='bbox 879 493 938 532; x_wconf 81' lang='grc' dir='ltr'>καὶ</span> <span class='ocrx_word' id='word_1_48' title='bbox 954 493 993 531; x_wconf 78' lang='grc' dir='ltr'>τὸ</span> <span class='ocrx_word' id='word_1_49' title='bbox 1009 492 1108 544; x_wconf 79' lang='grc' dir='ltr'>ἐγγὺς</span> <span class='ocrx_word' id='word_1_50' title='bbox 1121 487 1208 530; x_wconf 63' lang='grc' dir='ltr'>εἶναι</span> 
     </span>
     <span class='ocr_line' id='line_1_7' title="bbox 189 554 1210 610; baseline -0.007 -14"><span class='ocrx_word' id='word_1_51' title='bbox 189 563 249 597; x_wconf 79' lang='grc' dir='ltr'>τοῦ</span> <span class='ocrx_word' id='word_1_52' title='bbox 267 559 386 610; x_wconf 85' lang='grc' dir='ltr'>θρόνου</span> <span class='ocrx_word' id='word_1_53' title='bbox 405 559 465 597; x_wconf 80' lang='grc' dir='ltr'>καὶ</span> <span class='ocrx_word' id='word_1_54' title='bbox 486 558 525 596; x_wconf 89' lang='grc' dir='ltr'>τὸ</span> <span class='ocrx_word' id='word_1_55' title='bbox 545 555 731 598; x_wconf 81' lang='grc' dir='ltr'>διαπαντὸς</span> <span class='ocrx_word' id='word_1_56' title='bbox 747 555 848 593; x_wconf 73' lang='grc' dir='ltr'>αὐτὸν</span> <span class='ocrx_word' id='word_1_57' title='bbox 869 556 1029 604; x_wconf 82' lang='grc' dir='ltr'>ἆνυμνεῖν</span> <span class='ocrx_word' id='word_1_58' title='bbox 1044 554 1083 592; x_wconf 79' lang='grc' dir='ltr'>τὸ</span> <span class='ocrx_word' id='word_1_59' title='bbox 1103 554 1210 604; x_wconf 73' lang='grc' dir='ltr'>ἄγρυ-</span> 
     </span>
     <span class='ocr_line' id='line_1_8' title="bbox 189 612 1210 671; baseline -0.009 -13"><span class='ocrx_word' id='word_1_60' title='bbox 189 635 273 658; x_wconf 87' lang='grc' dir='ltr'>πνον</span> <span class='ocrx_word' id='word_1_61' title='bbox 292 620 351 658; x_wconf 81' lang='grc' dir='ltr'>καὶ</span> <span class='ocrx_word' id='word_1_62' title='bbox 371 619 567 671; x_wconf 79' lang='grc' dir='ltr'>ἐγρηγορὸς,</span> <span class='ocrx_word' id='word_1_63' title='bbox 583 617 673 656; x_wconf 74' lang='grc' dir='ltr'>οὕτω</span> <span class='ocrx_word' id='word_1_64' title='bbox 692 616 733 663; x_wconf 80' lang='grc' dir='ltr'>δὴ</span> <span class='ocrx_word' id='word_1_65' title='bbox 750 616 808 654; x_wconf 79' lang='grc' dir='ltr'>καὶ</span> <span class='ocrx_word' id='word_1_66' title='bbox 827 615 872 653; x_wconf 86' lang='grc' dir='ltr'>τὰ</span> <span class='ocrx_word' id='word_1_67' title='bbox 890 615 1045 665; x_wconf 81' lang='grc' dir='ltr'>ὀνόματα</span> <span class='ocrx_word' id='word_1_68' title='bbox 1061 617 1129 652; x_wconf 86' lang='grc' dir='ltr'>τῶν</span> <span class='ocrx_word' id='word_1_69' title='bbox 1147 612 1210 663; x_wconf 78' lang='grc' dir='ltr'>μὲν</span> 
     </span>
     <span class='ocr_line' id='line_1_9' title="bbox 189 672 1207 731; baseline -0.007 -14"><span class='ocrx_word' id='word_1_70' title='bbox 189 680 253 727; x_wconf 80' lang='grc' dir='ltr'>τὴν</span> <span class='ocrx_word' id='word_1_71' title='bbox 273 680 394 731; x_wconf 64' lang='grc' dir='ltr'>σοφίαν</span> <span class='ocrx_word' id='word_1_72' title='bbox 411 710 422 727; x_wconf 94' lang='grc'>,</span> <span class='ocrx_word' id='word_1_73' title='bbox 445 683 512 718; x_wconf 87' lang='grc' dir='ltr'>τῶν</span> <span class='ocrx_word' id='word_1_74' title='bbox 533 680 569 717; x_wconf 83' lang='grc' dir='ltr'>δὲ</span> <span class='ocrx_word' id='word_1_75' title='bbox 594 678 656 724; x_wconf 81' lang='grc' dir='ltr'>τὴν</span> <span class='ocrx_word' id='word_1_76' title='bbox 689 676 913 730; x_wconf 69' lang='grc' dir='ltr'>καθαρότητα</span> <span class='ocrx_word' id='word_1_77' title='bbox 935 677 1045 722; x_wconf 76' lang='grc' dir='ltr'>δηλοῖ.</span> <span class='ocrx_word' id='word_1_78' title='bbox 1065 674 1114 713; x_wconf 90' lang='grc' dir='ltr'>Τί</span> <span class='ocrx_word' id='word_1_79' title='bbox 1139 672 1207 725; x_wconf 74' lang='grc' dir='ltr'>γάρ</span> 
     </span>
     <span class='ocr_line' id='line_1_10' title="bbox 1146 736 1173 761; baseline 0 0"><span class='ocrx_word' id='word_1_80' title='bbox 1146 736 1173 761; x_wconf 53' lang='lat' dir='ltr'>Y</span> 
     </span>
    </p>
   </div>
   <div class='ocr_carea' id='block_1_7' title="bbox 1035 735 1210 773">
    <p class='ocr_par' dir='ltr' id='par_1_7' title="bbox 1035 735 1210 773">
     <span class='ocr_line' id='line_1_11' title="bbox 1035 735 1191 756; baseline -0.006 -6"><span class='ocrx_word' id='word_1_81' title='bbox 1035 737 1044 750; x_wconf 76' lang='lat' dir='ltr'><em>t</em></span> <span class='ocrx_word' id='word_1_82' title='bbox 1080 735 1107 749; x_wconf 58' lang='lat' dir='ltr'>st</span> <span class='ocrx_word' id='word_1_83' title='bbox 1178 750 1191 756; x_wconf 50' lang='lat'><em>³</em></span> 
     </span>
     <span class='ocr_line' id='line_1_12' title="bbox 1145 756 1210 773; baseline -0.015 0"><span class='ocrx_word' id='word_1_84' title='bbox 1145 756 1210 773; x_wconf 60' lang='lat' dir='ltr'>aaz--</span> 
     </span>
    </p>
   </div>
   <div class='ocr_carea' id='block_1_8' title="bbox 190 738 1219 2436">
    <p class='ocr_par' dir='ltr' id='par_1_8' title="bbox 190 738 1212 1341">
     <span class='ocr_line' id='line_1_13' title="bbox 190 738 1112 792; baseline -0.004 -14"><span class='ocrx_word' id='word_1_85' title='bbox 190 742 264 779; x_wconf 83' lang='grc' dir='ltr'>ἐστι</span> <span class='ocrx_word' id='word_1_86' title='bbox 297 740 500 792; x_wconf 64' lang='grc' dir='ltr'>Χερουὲίμ;</span> <span class='ocrx_word' id='word_1_87' title='bbox 533 738 809 788; x_wconf 80' lang='grc' dir='ltr'>πεπληθυσμένη</span> <span class='ocrx_word' id='word_1_88' title='bbox 838 741 975 788; x_wconf 79' lang='grc' dir='ltr'>γνῶσις.</span> <span class='ocrx_word' id='word_1_89' title='bbox 996 739 1042 774; x_wconf 89' lang='grc' dir='ltr'>Τι</span> <span class='ocrx_word' id='word_1_90' title='bbox 1077 751 1112 774; x_wconf 86' lang='grc' dir='ltr'>οε</span> 
     </span>
     <span class='ocr_line' id='line_1_14' title="bbox 193 794 1209 854; baseline -0.009 -14"><span class='ocrx_word' id='word_1_91' title='bbox 193 802 325 854; x_wconf 64' lang='grc' dir='ltr'>ραςιίμ,</span> <span class='ocrx_word' id='word_1_92' title='bbox 345 801 483 852; x_wconf 82' lang='grc' dir='ltr'>ἔμπυρα</span> <span class='ocrx_word' id='word_1_93' title='bbox 503 801 673 851; x_wconf 82' lang='grc' dir='ltr'>στόματα.</span> <span class='ocrx_word' id='word_1_94' title='bbox 696 794 797 842; x_wconf 66' lang='grc' dir='ltr'>Εἶδες</span> <span class='ocrx_word' id='word_1_95' title='bbox 821 802 895 841; x_wconf 82' lang='grc' dir='ltr'>πῶς</span> <span class='ocrx_word' id='word_1_96' title='bbox 918 796 979 835; x_wconf 80' lang='grc' dir='ltr'>καὶ</span> <span class='ocrx_word' id='word_1_97' title='bbox 1004 796 1067 843; x_wconf 75' lang='grc' dir='ltr'>τὴν</span> <span class='ocrx_word' id='word_1_98' title='bbox 1094 798 1209 833; x_wconf 87' lang='grc' dir='ltr'>καθα-</span> 
     </span>
     <span class='ocr_line' id='line_1_15' title="bbox 194 857 1207 915; baseline -0.007 -15"><span class='ocrx_word' id='word_1_99' title='bbox 194 864 322 915; x_wconf 83' lang='grc' dir='ltr'>ρότητα</span> <span class='ocrx_word' id='word_1_100' title='bbox 352 862 411 899; x_wconf 87' lang='grc' dir='ltr'>καὶ</span> <span class='ocrx_word' id='word_1_101' title='bbox 437 861 500 907; x_wconf 84' lang='grc' dir='ltr'>τὴν</span> <span class='ocrx_word' id='word_1_102' title='bbox 528 861 650 913; x_wconf 66' lang='grc' dir='ltr'>σοφίαν</span> <span class='ocrx_word' id='word_1_103' title='bbox 677 860 722 897; x_wconf 77' lang='grc' dir='ltr'>τὰ</span> <span class='ocrx_word' id='word_1_104' title='bbox 747 860 902 909; x_wconf 80' lang='grc' dir='ltr'>ὀνόματα</span> <span class='ocrx_word' id='word_1_105' title='bbox 935 857 1207 908; x_wconf 73' lang='grc' dir='ltr'>παρεδήλωσεν,</span> 
     </span>
     <span class='ocr_line' id='line_1_16' title="bbox 192 916 1210 971; baseline -0.008 -10"><span class='ocrx_word' id='word_1_106' title='bbox 192 925 237 961; x_wconf 83' lang='grc' dir='ltr'>Εἰ</span> <span class='ocrx_word' id='word_1_107' title='bbox 260 923 294 961; x_wconf 82' lang='grc' dir='ltr'>δὲ</span> <span class='ocrx_word' id='word_1_108' title='bbox 307 952 317 969; x_wconf 93' lang='grc'>,</span> <span class='ocrx_word' id='word_1_109' title='bbox 338 922 418 960; x_wconf 82' lang='grc' dir='ltr'>ἔνθα</span> <span class='ocrx_word' id='word_1_110' title='bbox 433 921 705 971; x_wconf 85' lang='grc' dir='ltr'>πεπληθυσμένη</span> <span class='ocrx_word' id='word_1_111' title='bbox 721 923 847 971; x_wconf 83' lang='grc' dir='ltr'>γνῶσις</span> <span class='ocrx_word' id='word_1_112' title='bbox 860 949 869 965; x_wconf 91' lang='grc'>,</span> <span class='ocrx_word' id='word_1_113' title='bbox 887 918 964 957; x_wconf 77' lang='grc' dir='ltr'>οὐδὲ</span> <span class='ocrx_word' id='word_1_114' title='bbox 984 916 1210 966; x_wconf 66' lang='grc' dir='ltr'>συγκατοίὸα-</span> 
     </span>
     <span class='ocr_line' id='line_1_17' title="bbox 193 978 1210 1031; baseline -0.007 -9"><span class='ocrx_word' id='word_1_115' title='bbox 193 999 246 1022; x_wconf 91' lang='grc' dir='ltr'>σιν</span> <span class='ocrx_word' id='word_1_116' title='bbox 293 986 386 1021; x_wconf 81' lang='grc' dir='ltr'>Θεοῦ</span> <span class='ocrx_word' id='word_1_117' title='bbox 420 982 608 1020; x_wconf 65' lang='grc' dir='ltr'>ὃδύνανται</span> <span class='ocrx_word' id='word_1_118' title='bbox 640 983 724 1019; x_wconf 79' lang='grc' dir='ltr'>ἰδεῖν</span> <span class='ocrx_word' id='word_1_119' title='bbox 769 980 859 1030; x_wconf 80' lang='grc' dir='ltr'>μετὰ</span> <span class='ocrx_word' id='word_1_120' title='bbox 897 978 1097 1031; x_wconf 65' lang='grc' dir='ltr'>ἀκριέείας,</span> <span class='ocrx_word' id='word_1_121' title='bbox 1129 978 1210 1016; x_wconf 85' lang='grc' dir='ltr'>ἔνθα</span> 
     </span>
     <span class='ocr_line' id='line_1_18' title="bbox 194 1039 1212 1097; baseline -0.006 -14"><span class='ocrx_word' id='word_1_122' title='bbox 194 1045 319 1097; x_wconf 88' lang='grc' dir='ltr'>μερικὴ</span> <span class='ocrx_word' id='word_1_123' title='bbox 346 1047 486 1095; x_wconf 85' lang='grc' dir='ltr'>γνῶσις,</span> <span class='ocrx_word' id='word_1_124' title='bbox 517 1043 631 1087; x_wconf 81' lang='grc' dir='ltr'>καθὼς</span> <span class='ocrx_word' id='word_1_125' title='bbox 658 1043 800 1084; x_wconf 81' lang='grc' dir='ltr'>Παῦλός</span> <span class='ocrx_word' id='word_1_126' title='bbox 830 1057 954 1093; x_wconf 75' lang='grc' dir='ltr'>φησιν,</span> <span class='ocrx_word' id='word_1_127' title='bbox 988 1039 1057 1081; x_wconf 83' lang='grc' dir='ltr'>Ἐκ</span> <span class='ocrx_word' id='word_1_128' title='bbox 1090 1040 1212 1091; x_wconf 80' lang='grc' dir='ltr'>μέρους</span> 
     </span>
     <span class='ocr_line' id='line_1_19' title="bbox 191 1101 1209 1156; baseline -0.004 -13"><span class='ocrx_word' id='word_1_129' title='bbox 191 1105 430 1156; x_wconf 83' lang='grc' dir='ltr'>γινώσκομεν,</span> <span class='ocrx_word' id='word_1_130' title='bbox 460 1104 520 1142; x_wconf 74' lang='grc' dir='ltr'>καὶ</span> <span class='ocrx_word' id='word_1_131' title='bbox 553 1105 596 1142; x_wconf 86' lang='grc' dir='ltr'>δι’</span> <span class='ocrx_word' id='word_1_132' title='bbox 624 1105 814 1156; x_wconf 79' lang='grc' dir='ltr'>ἐσόπτρου,</span> <span class='ocrx_word' id='word_1_133' title='bbox 844 1103 905 1141; x_wconf 81' lang='grc' dir='ltr'>καὶ</span> <span class='ocrx_word' id='word_1_134' title='bbox 941 1106 974 1141; x_wconf 86' lang='grc' dir='ltr'>ἐν</span> <span class='ocrx_word' id='word_1_135' title='bbox 1010 1101 1209 1153; x_wconf 78' lang='grc' dir='ltr'>αἰνίγματι,</span> 
     </span>
     <span class='ocr_line' id='line_1_20' title="bbox 192 1163 1211 1216; baseline -0.005 -11"><span class='ocrx_word' id='word_1_136' title='bbox 192 1169 304 1213; x_wconf 82' lang='grc' dir='ltr'>πόσης</span> <span class='ocrx_word' id='word_1_137' title='bbox 335 1165 498 1208; x_wconf 79' lang='grc' dir='ltr'>ἀπονοίας</span> <span class='ocrx_word' id='word_1_138' title='bbox 530 1167 570 1204; x_wconf 81' lang='grc' dir='ltr'>ἂν</span> <span class='ocrx_word' id='word_1_139' title='bbox 605 1166 680 1213; x_wconf 88' lang='grc' dir='ltr'>εἴη,</span> <span class='ocrx_word' id='word_1_140' title='bbox 713 1165 757 1203; x_wconf 82' lang='grc' dir='ltr'>τὰ</span> <span class='ocrx_word' id='word_1_141' title='bbox 787 1165 877 1216; x_wconf 78' lang='grc' dir='ltr'>μηδὲ</span> <span class='ocrx_word' id='word_1_142' title='bbox 916 1164 1059 1207; x_wconf 88' lang='grc' dir='ltr'>ἐκείνοις</span> <span class='ocrx_word' id='word_1_143' title='bbox 1084 1163 1211 1209; x_wconf 76' lang='grc' dir='ltr'>θεατὰ,</span> 
     </span>
     <span class='ocr_line' id='line_1_21' title="bbox 192 1219 1212 1278; baseline -0.005 -12"><span class='ocrx_word' id='word_1_144' title='bbox 192 1232 303 1266; x_wconf 75' lang='grc' dir='ltr'>ταῦτα</span> <span class='ocrx_word' id='word_1_145' title='bbox 343 1229 458 1272; x_wconf 75' lang='grc' dir='ltr'>αὐτοῖς</span> <span class='ocrx_word' id='word_1_146' title='bbox 502 1227 652 1278; x_wconf 87' lang='grc' dir='ltr'>νομίζειν</span> <span class='ocrx_word' id='word_1_147' title='bbox 691 1219 779 1264; x_wconf 65' lang='grc' dir='ltr'>εἶναι</span> <span class='ocrx_word' id='word_1_148' title='bbox 815 1224 977 1278; x_wconf 78' lang='grc' dir='ltr'>γνώριμα</span> <span class='ocrx_word' id='word_1_149' title='bbox 1005 1224 1065 1262; x_wconf 82' lang='grc' dir='ltr'>καὶ</span> <span class='ocrx_word' id='word_1_150' title='bbox 1097 1240 1212 1262; x_wconf 87' lang='grc' dir='ltr'>κατα-</span> 
     </span>
     <span class='ocr_line' id='line_1_22' title="bbox 193 1291 308 1341; baseline 0.017 -7"><span class='ocrx_word' id='word_1_151' title='bbox 193 1291 308 1341; x_wconf 77' lang='grc' dir='ltr'>φανῆ;</span> 
     </span>
    </p>

    <p class='ocr_par' dir='ltr' id='par_1_9' title="bbox 193 1345 1219 2436">
     <span class='ocr_line' id='line_1_23' title="bbox 245 1345 1214 1402; baseline -0.003 -15"><span class='ocrx_word' id='word_1_152' title='bbox 245 1349 332 1388; x_wconf 54' lang='grc' dir='ltr'>αΟτι</span> <span class='ocrx_word' id='word_1_153' title='bbox 359 1350 396 1387; x_wconf 79' lang='grc' dir='ltr'>δὲ</span> <span class='ocrx_word' id='word_1_154' title='bbox 429 1350 467 1388; x_wconf 83' lang='grc' dir='ltr'>οὔ</span> <span class='ocrx_word' id='word_1_155' title='bbox 498 1355 568 1393; x_wconf 87' lang='grc' dir='ltr'>τοῖς</span> <span class='ocrx_word' id='word_1_156' title='bbox 607 1348 812 1402; x_wconf 66' lang='grc' dir='ltr'>Χερουὲὶμ,</span> <span class='ocrx_word' id='word_1_157' title='bbox 840 1347 916 1386; x_wconf 73' lang='grc' dir='ltr'>οὐδὲ</span> <span class='ocrx_word' id='word_1_158' title='bbox 947 1352 1019 1390; x_wconf 83' lang='grc' dir='ltr'>τοῖς</span> <span class='ocrx_word' id='word_1_159' title='bbox 1051 1345 1214 1397; x_wconf 59' lang='grc' dir='ltr'>Σεραφὶμ</span> 
     </span>
     <span class='ocr_line' id='line_1_24' title="bbox 195 1407 1213 1462; baseline -0.003 -15"><span class='ocrx_word' id='word_1_160' title='bbox 195 1409 314 1460; x_wconf 88' lang='grc' dir='ltr'>μόνον,</span> <span class='ocrx_word' id='word_1_161' title='bbox 331 1411 407 1448; x_wconf 82' lang='grc' dir='ltr'>ἀλλ’</span> <span class='ocrx_word' id='word_1_162' title='bbox 435 1410 511 1448; x_wconf 74' lang='grc' dir='ltr'>οὐδὲ</span> <span class='ocrx_word' id='word_1_163' title='bbox 545 1412 690 1462; x_wconf 59' lang='grc' dir='ltr'>ἀρχαῖά,</span> <span class='ocrx_word' id='word_1_164' title='bbox 709 1411 785 1448; x_wconf 74' lang='grc' dir='ltr'>οὐδὲ</span> <span class='ocrx_word' id='word_1_165' title='bbox 817 1408 1003 1453; x_wconf 79' lang='grc' dir='ltr'>ἐξουσίαις,</span> <span class='ocrx_word' id='word_1_166' title='bbox 1025 1407 1100 1446; x_wconf 68' lang='grc' dir='ltr'>οὐδὲ</span> <span class='ocrx_word' id='word_1_167' title='bbox 1124 1408 1213 1458; x_wconf 75' lang='grc' dir='ltr'>ἄλλη</span> 
     </span>
     <span class='ocr_line' id='line_1_25' title="bbox 193 1467 1213 1519; baseline -0.003 -13"><span class='ocrx_word' id='word_1_168' title='bbox 193 1469 260 1506; x_wconf 84' lang='grc' dir='ltr'>τινὶ</span> <span class='ocrx_word' id='word_1_169' title='bbox 291 1472 415 1519; x_wconf 76' lang='grc' dir='ltr'>κτιστῇ</span> <span class='ocrx_word' id='word_1_170' title='bbox 451 1469 595 1518; x_wconf 75' lang='grc' dir='ltr'>δυνάμει</span> <span class='ocrx_word' id='word_1_171' title='bbox 622 1467 844 1514; x_wconf 78' lang='grc' dir='ltr'>κατάληπτός</span> <span class='ocrx_word' id='word_1_172' title='bbox 876 1470 968 1505; x_wconf 85' lang='grc' dir='ltr'>ἐστιν</span> <span class='ocrx_word' id='word_1_173' title='bbox 989 1469 1006 1504; x_wconf 85' lang='grc' dir='ltr'>ὁ</span> <span class='ocrx_word' id='word_1_174' title='bbox 1026 1467 1130 1513; x_wconf 82' lang='grc' dir='ltr'>Θεὸς,</span> <span class='ocrx_word' id='word_1_175' title='bbox 1152 1467 1213 1504; x_wconf 87' lang='grc' dir='ltr'>καὶ</span> 
     </span>
     <span class='ocr_line' id='line_1_26' title="bbox 193 1527 1210 1579; baseline -0.003 -12"><span class='ocrx_word' id='word_1_176' title='bbox 193 1532 294 1568; x_wconf 77' lang='grc' dir='ltr'>τοῦτο</span> <span class='ocrx_word' id='word_1_177' title='bbox 324 1528 516 1579; x_wconf 64' lang='grc' dir='ltr'>ἐίουλόμην</span> <span class='ocrx_word' id='word_1_178' title='bbox 545 1529 724 1572; x_wconf 70' lang='grc' dir='ltr'>ἀποδεῖξαι</span> <span class='ocrx_word' id='word_1_179' title='bbox 758 1532 836 1575; x_wconf 76' lang='grc' dir='ltr'>νῦν,</span> <span class='ocrx_word' id='word_1_180' title='bbox 867 1530 944 1565; x_wconf 83' lang='grc' dir='ltr'>ἀλλ’</span> <span class='ocrx_word' id='word_1_181' title='bbox 965 1527 1093 1577; x_wconf 85' lang='grc' dir='ltr'>ἔκαμεν</span> <span class='ocrx_word' id='word_1_182' title='bbox 1127 1532 1210 1577; x_wconf 71' lang='grc' dir='ltr'>ἡμῖν</span> 
     </span>
     <span class='ocr_line' id='line_1_27' title="bbox 194 1589 1212 1641; baseline -0.003 -13"><span class='ocrx_word' id='word_1_183' title='bbox 194 1594 216 1636; x_wconf 75' lang='grc' dir='ltr'>ἡ</span> <span class='ocrx_word' id='word_1_184' title='bbox 237 1590 394 1636; x_wconf 72' lang='grc' dir='ltr'>διάνοια,</span> <span class='ocrx_word' id='word_1_185' title='bbox 413 1591 450 1627; x_wconf 82' lang='grc' dir='ltr'>οὐ</span> <span class='ocrx_word' id='word_1_186' title='bbox 471 1593 520 1641; x_wconf 79' lang='grc' dir='ltr'>τῷ</span> <span class='ocrx_word' id='word_1_187' title='bbox 544 1591 691 1636; x_wconf 75' lang='grc' dir='ltr'>πλήθει,</span> <span class='ocrx_word' id='word_1_188' title='bbox 710 1590 800 1628; x_wconf 78' lang='grc' dir='ltr'>ἀλλὰ</span> <span class='ocrx_word' id='word_1_189' title='bbox 818 1592 861 1639; x_wconf 66' lang='grc' dir='ltr'>τῇ</span> <span class='ocrx_word' id='word_1_190' title='bbox 882 1589 988 1641; x_wconf 75' lang='grc' dir='ltr'>φρίκῃ</span> <span class='ocrx_word' id='word_1_191' title='bbox 1017 1591 1085 1627; x_wconf 83' lang='grc' dir='ltr'>τῶν</span> <span class='ocrx_word' id='word_1_192' title='bbox 1111 1591 1212 1640; x_wconf 82' lang='grc' dir='ltr'>εἰρη-</span> 
     </span>
     <span class='ocr_line' id='line_1_28' title="bbox 196 1649 1213 1703; baseline -0.003 -14"><span class='ocrx_word' id='word_1_193' title='bbox 196 1651 321 1701; x_wconf 80' lang='grc' dir='ltr'>μένων.</span> <span class='ocrx_word' id='word_1_194' title='bbox 342 1651 476 1703; x_wconf 80' lang='grc' dir='ltr'>Τρέμει</span> <span class='ocrx_word' id='word_1_195' title='bbox 510 1650 577 1702; x_wconf 78' lang='grc' dir='ltr'>γὰρ</span> <span class='ocrx_word' id='word_1_196' title='bbox 607 1650 665 1688; x_wconf 78' lang='grc' dir='ltr'>καὶ</span> <span class='ocrx_word' id='word_1_197' title='bbox 698 1650 941 1696; x_wconf 76' lang='grc' dir='ltr'>ἐκπέπληκται</span> <span class='ocrx_word' id='word_1_198' title='bbox 971 1653 992 1696; x_wconf 81' lang='grc' dir='ltr'>ἡ</span> <span class='ocrx_word' id='word_1_199' title='bbox 1027 1649 1122 1700; x_wconf 74' lang='grc' dir='ltr'>ψυχὴ</span> <span class='ocrx_word' id='word_1_200' title='bbox 1156 1649 1213 1687; x_wconf 81' lang='grc' dir='ltr'>ἐπὶ</span> 
     </span>
     <span class='ocr_line' id='line_1_29' title="bbox 194 1710 1214 1762; baseline -0.002 -12"><span class='ocrx_word' id='word_1_201' title='bbox 194 1712 283 1750; x_wconf 82' lang='grc' dir='ltr'>πολὺ</span> <span class='ocrx_word' id='word_1_202' title='bbox 320 1718 397 1754; x_wconf 87' lang='grc' dir='ltr'>ταῖς</span> <span class='ocrx_word' id='word_1_203' title='bbox 430 1712 502 1749; x_wconf 85' lang='grc' dir='ltr'>ἅνω</span> <span class='ocrx_word' id='word_1_204' title='bbox 537 1711 803 1762; x_wconf 69' lang='grc' dir='ltr'>ἐνδιατρίὲουσα</span> <span class='ocrx_word' id='word_1_205' title='bbox 835 1711 1006 1762; x_wconf 86' lang='grc' dir='ltr'>θεωρίαις.</span> <span class='ocrx_word' id='word_1_206' title='bbox 1036 1711 1100 1749; x_wconf 90' lang='grc' dir='ltr'>Διὸ</span> <span class='ocrx_word' id='word_1_207' title='bbox 1132 1710 1214 1762; x_wconf 72' lang='grc' dir='ltr'>φέρε</span> 
     </span>
     <span class='ocr_line' id='line_1_30' title="bbox 195 1772 1216 1824; baseline -0.002 -13"><span class='ocrx_word' id='word_1_208' title='bbox 195 1773 303 1819; x_wconf 78' lang='grc' dir='ltr'>αὐτὴν</span> <span class='ocrx_word' id='word_1_209' title='bbox 335 1775 374 1811; x_wconf 87' lang='grc' dir='ltr'>ἐκ</span> <span class='ocrx_word' id='word_1_210' title='bbox 399 1775 467 1810; x_wconf 81' lang='grc' dir='ltr'>τῶν</span> <span class='ocrx_word' id='word_1_211' title='bbox 504 1774 657 1823; x_wconf 75' lang='grc' dir='ltr'>οὐρανῶν</span> <span class='ocrx_word' id='word_1_212' title='bbox 685 1772 981 1823; x_wconf 65' lang='grc' dir='ltr'>κατανῗιὲάσωμεν</span> <span class='ocrx_word' id='word_1_213' title='bbox 1014 1772 1073 1810; x_wconf 81' lang='grc' dir='ltr'>καὶ</span> <span class='ocrx_word' id='word_1_214' title='bbox 1101 1774 1216 1824; x_wconf 76' lang='grc' dir='ltr'>ψυχα·</span> 
     </span>
     <span class='ocr_line' id='line_1_31' title="bbox 194 1833 1218 1885; baseline -0.002 -12"><span class='ocrx_word' id='word_1_215' title='bbox 194 1834 410 1885; x_wconf 75' lang='grc' dir='ltr'>γωγήσωμεν</span> <span class='ocrx_word' id='word_1_216' title='bbox 439 1833 805 1885; x_wconf 78' lang='grc' dir='ltr'>καταπεπληγμένην,</span> <span class='ocrx_word' id='word_1_217' title='bbox 822 1834 879 1872; x_wconf 80' lang='grc' dir='ltr'>ἐπὶ</span> <span class='ocrx_word' id='word_1_218' title='bbox 903 1833 966 1880; x_wconf 78' lang='grc' dir='ltr'>τὴν</span> <span class='ocrx_word' id='word_1_219' title='bbox 998 1834 1128 1880; x_wconf 71' lang='grc' dir='ltr'>συνήθη</span> <span class='ocrx_word' id='word_1_220' title='bbox 1149 1850 1218 1872; x_wconf 91' lang='grc' dir='ltr'>κα-</span> 
     </span>
     <span class='ocr_line' id='line_1_32' title="bbox 195 1894 1214 1947; baseline 0.001 -15"><span class='ocrx_word' id='word_1_221' title='bbox 195 1895 405 1947; x_wconf 70' lang='grc' dir='ltr'>ταφυγόντες</span> <span class='ocrx_word' id='word_1_222' title='bbox 436 1895 671 1945; x_wconf 80' lang='grc' dir='ltr'>παράκλησιν.</span> <span class='ocrx_word' id='word_1_223' title='bbox 692 1895 757 1938; x_wconf 79' lang='grc' dir='ltr'>Τίς</span> <span class='ocrx_word' id='word_1_224' title='bbox 785 1894 821 1934; x_wconf 76' lang='grc' dir='ltr'>δὲ</span> <span class='ocrx_word' id='word_1_225' title='bbox 849 1895 936 1942; x_wconf 74' lang='grc' dir='ltr'>αὕτη</span> <span class='ocrx_word' id='word_1_226' title='bbox 958 1895 1076 1944; x_wconf 70' lang='grc' dir='ltr'>ἐστίν,</span> <span class='ocrx_word' id='word_1_227' title='bbox 1100 1896 1214 1947; x_wconf 72' lang='grc' dir='ltr'>Εὔχε-</span> 
     </span>
     <span class='ocr_line' id='line_1_33' title="bbox 195 1954 1216 2008; baseline 0.001 -14"><span class='ocrx_word' id='word_1_228' title='bbox 195 1960 276 1994; x_wconf 84' lang='grc' dir='ltr'>σθαι</span> <span class='ocrx_word' id='word_1_229' title='bbox 294 1956 372 2000; x_wconf 71' lang='grc' dir='ltr'>τοὺς</span> <span class='ocrx_word' id='word_1_230' title='bbox 385 1956 430 1994; x_wconf 80' lang='grc' dir='ltr'>τὰ</span> <span class='ocrx_word' id='word_1_231' title='bbox 449 1959 593 1994; x_wconf 71' lang='grc' dir='ltr'>τοιαῦτα</span> <span class='ocrx_word' id='word_1_232' title='bbox 608 1954 791 1999; x_wconf 73' lang='grc' dir='ltr'>νοσοῦντας</span> <span class='ocrx_word' id='word_1_233' title='bbox 809 1956 950 2008; x_wconf 76' lang='grc' dir='ltr'>ὑγιᾶναί</span> <span class='ocrx_word' id='word_1_234' title='bbox 969 1972 1066 1995; x_wconf 83' lang='grc' dir='ltr'>ποτε.</span> <span class='ocrx_word' id='word_1_235' title='bbox 1085 1958 1131 1996; x_wconf 66' lang='lat' dir='ltr'>E}</span> <span class='ocrx_word' id='word_1_236' title='bbox 1149 1957 1216 2008; x_wconf 66' lang='grc' dir='ltr'>γὰρ</span> 
     </span>
     <span class='ocr_line' id='line_1_34' title="bbox 195 2017 1219 2070; baseline 0.002 -15"><span class='ocrx_word' id='word_1_237' title='bbox 195 2017 282 2070; x_wconf 79' lang='grc' dir='ltr'>ὑπὲρ</span> <span class='ocrx_word' id='word_1_238' title='bbox 305 2019 373 2055; x_wconf 81' lang='grc' dir='ltr'>τῶν</span> <span class='ocrx_word' id='word_1_239' title='bbox 402 2020 436 2056; x_wconf 91' lang='grc' dir='ltr'>ἐν</span> <span class='ocrx_word' id='word_1_240' title='bbox 467 2018 595 2064; x_wconf 86' lang='grc' dir='ltr'>νόσοις,</span> <span class='ocrx_word' id='word_1_241' title='bbox 612 2020 647 2056; x_wconf 88' lang='grc' dir='ltr'>ἐν</span> <span class='ocrx_word' id='word_1_242' title='bbox 669 2018 868 2068; x_wconf 74' lang='grc' dir='ltr'>μετάλλοις,</span> <span class='ocrx_word' id='word_1_243' title='bbox 893 2021 926 2056; x_wconf 87' lang='grc' dir='ltr'>ἐν</span> <span class='ocrx_word' id='word_1_244' title='bbox 947 2020 1117 2069; x_wconf 76' lang='grc' dir='ltr'>σκληραῖς</span> <span class='ocrx_word' id='word_1_245' title='bbox 1137 2020 1219 2057; x_wconf 81' lang='grc' dir='ltr'>δου-</span> 
     </span>
     <span class='ocr_line' id='line_1_35' title="bbox 195 2078 1217 2130; baseline 0.002 -14"><span class='ocrx_word' id='word_1_246' title='bbox 195 2078 322 2125; x_wconf 86' lang='grc' dir='ltr'>λείαις,</span> <span class='ocrx_word' id='word_1_247' title='bbox 347 2078 406 2117; x_wconf 83' lang='grc' dir='ltr'>καὶ</span> <span class='ocrx_word' id='word_1_248' title='bbox 427 2078 513 2130; x_wconf 78' lang='grc' dir='ltr'>ὑπὲρ</span> <span class='ocrx_word' id='word_1_249' title='bbox 538 2082 606 2117; x_wconf 81' lang='grc' dir='ltr'>τῶν</span> <span class='ocrx_word' id='word_1_250' title='bbox 636 2079 890 2130; x_wconf 82' lang='grc' dir='ltr'>ἐνεργουμένων</span> <span class='ocrx_word' id='word_1_251' title='bbox 916 2080 1126 2130; x_wconf 85' lang='grc' dir='ltr'>κελευόμεθα</span> <span class='ocrx_word' id='word_1_252' title='bbox 1159 2081 1217 2119; x_wconf 85' lang='grc' dir='ltr'>τὸν</span> 
     </span>
     <span class='ocr_line' id='line_1_36' title="bbox 196 2139 1219 2192; baseline 0.003 -15"><span class='ocrx_word' id='word_1_253' title='bbox 196 2139 286 2178; x_wconf 84' lang='grc' dir='ltr'>Θεὸν</span> <span class='ocrx_word' id='word_1_254' title='bbox 306 2141 544 2190; x_wconf 83' lang='grc' dir='ltr'>παρακαλεῖν,</span> <span class='ocrx_word' id='word_1_255' title='bbox 561 2140 660 2192; x_wconf 83' lang='grc' dir='ltr'>πόσῳ</span> <span class='ocrx_word' id='word_1_256' title='bbox 681 2142 811 2190; x_wconf 80' lang='grc' dir='ltr'>μᾶλλον</span> <span class='ocrx_word' id='word_1_257' title='bbox 834 2140 920 2191; x_wconf 82' lang='grc' dir='ltr'>ὑπὲρ</span> <span class='ocrx_word' id='word_1_258' title='bbox 941 2141 1094 2188; x_wconf 82' lang='grc' dir='ltr'>τούτων;</span> <span class='ocrx_word' id='word_1_259' title='bbox 1115 2141 1219 2180; x_wconf 76' lang='grc' dir='ltr'>Ἐπεὶ</span> 
     </span>
     <span class='ocr_line' id='line_1_37' title="bbox 197 2200 1216 2253; baseline 0 -15"><span class='ocrx_word' id='word_1_260' title='bbox 197 2201 256 2238; x_wconf 78' lang='grc' dir='ltr'>καὶ</span> <span class='ocrx_word' id='word_1_261' title='bbox 291 2200 526 2253; x_wconf 74' lang='grc' dir='ltr'>χαλεπωτέρα</span> <span class='ocrx_word' id='word_1_262' title='bbox 565 2205 625 2239; x_wconf 82' lang='grc' dir='ltr'>τοῦ</span> <span class='ocrx_word' id='word_1_263' title='bbox 665 2201 825 2251; x_wconf 75' lang='grc' dir='ltr'>δαίμονος</span> <span class='ocrx_word' id='word_1_264' title='bbox 853 2205 875 2248; x_wconf 82' lang='grc' dir='ltr'>ἡ</span> <span class='ocrx_word' id='word_1_265' title='bbox 912 2202 1079 2240; x_wconf 71' lang='grc' dir='ltr'>ἀσέίῗεια·</span> <span class='ocrx_word' id='word_1_266' title='bbox 1104 2203 1216 2249; x_wconf 84' lang='grc' dir='ltr'>ἐκείνη</span> 
     </span>
     <span class='ocr_line' id='line_1_38' title="bbox 199 2261 1218 2314; baseline 0.003 -15"><span class='ocrx_word' id='word_1_267' title='bbox 199 2261 261 2310; x_wconf 79' lang='grc' dir='ltr'>μὲν</span> <span class='ocrx_word' id='word_1_268' title='bbox 297 2262 365 2313; x_wconf 80' lang='grc' dir='ltr'>γὰρ</span> <span class='ocrx_word' id='word_1_269' title='bbox 395 2262 468 2314; x_wconf 72' lang='grc' dir='ltr'>ἔχει</span> <span class='ocrx_word' id='word_1_270' title='bbox 497 2261 703 2314; x_wconf 76' lang='grc' dir='ltr'>συγγνώμην</span> <span class='ocrx_word' id='word_1_271' title='bbox 730 2265 752 2308; x_wconf 82' lang='grc' dir='ltr'>ἠ</span> <span class='ocrx_word' id='word_1_272' title='bbox 781 2263 911 2312; x_wconf 86' lang='grc' dir='ltr'>μανία,</span> <span class='ocrx_word' id='word_1_273' title='bbox 938 2263 1025 2309; x_wconf 77' lang='grc' dir='ltr'>αὕτη</span> <span class='ocrx_word' id='word_1_274' title='bbox 1047 2263 1081 2301; x_wconf 70' lang='grc' dir='ltr'>δὲ</span> <span class='ocrx_word' id='word_1_275' title='bbox 1102 2264 1218 2311; x_wconf 77' lang='grc' dir='ltr'>πάσης</span> 
     </span>
     <span class='ocr_line' id='line_1_39' title="bbox 199 2322 1218 2377; baseline 0.003 -17"><span class='ocrx_word' id='word_1_276' title='bbox 199 2322 388 2373; x_wconf 84' lang='grc' dir='ltr'>ἀπολογίας</span> <span class='ocrx_word' id='word_1_277' title='bbox 404 2326 426 2368; x_wconf 74' lang='grc' dir='ltr'>ἢ</span> <span class='ocrx_word' id='word_1_278' title='bbox 448 2322 544 2366; x_wconf 81' lang='grc' dir='ltr'>νόσος</span> <span class='ocrx_word' id='word_1_279' title='bbox 572 2323 768 2373; x_wconf 79' lang='grc' dir='ltr'>ἐστέρηται.</span> <span class='ocrx_word' id='word_1_280' title='bbox 787 2324 878 2362; x_wconf 74' lang='grc' dir='ltr'>Ἀλλ’</span> <span class='ocrx_word' id='word_1_281' title='bbox 899 2324 1020 2370; x_wconf 77' lang='grc' dir='ltr'>ἐπειδὴ</span> <span class='ocrx_word' id='word_1_282' title='bbox 1040 2327 1102 2370; x_wconf 61' lang='grc' dir='ltr'>τ”ἧς</span> <span class='ocrx_word' id='word_1_283' title='bbox 1132 2326 1218 2377; x_wconf 74' lang='grc' dir='ltr'>ὑπὲρ</span> 
     </span>
     <span class='ocr_line' id='line_1_40' title="bbox 199 2383 1218 2436; baseline 0.004 -16"><span class='ocrx_word' id='word_1_284' title='bbox 199 2386 269 2421; x_wconf 88' lang='grc' dir='ltr'>τῶν</span> <span class='ocrx_word' id='word_1_285' title='bbox 312 2383 565 2435; x_wconf 78' lang='grc' dir='ltr'>ἐνεργουμένων</span> <span class='ocrx_word' id='word_1_286' title='bbox 605 2384 781 2434; x_wconf 68' lang='grc' dir='ltr'>ἐμνήσθην</span> <span class='ocrx_word' id='word_1_287' title='bbox 820 2387 951 2436; x_wconf 69' lang='grc' dir='ltr'>εὐχῆς,</span> <span class='ocrx_word' id='word_1_288' title='bbox 985 2385 1153 2436; x_wconf 82' lang='grc' dir='ltr'>βούλομαί</span> <span class='ocrx_word' id='word_1_289' title='bbox 1184 2403 1218 2424; x_wconf 88' lang='grc' dir='ltr'>τι</span> 
     </span>
    </p>
   </div>
   <div class='ocr_carea' id='block_1_9' title="bbox 196 2444 1278 2497">
    <p class='ocr_par' dir='ltr' id='par_1_10' title="bbox 196 2444 1278 2497">
     <span class='ocr_line' id='line_1_41' title="bbox 196 2444 1278 2497; baseline 0.004 -15"><span class='ocrx_word' id='word_1_290' title='bbox 196 2445 282 2495; x_wconf 82' lang='grc' dir='ltr'>πρὸς</span> <span class='ocrx_word' id='word_1_291' title='bbox 299 2445 362 2490; x_wconf 79' lang='grc' dir='ltr'>τὴν</span> <span class='ocrx_word' id='word_1_292' title='bbox 382 2444 549 2496; x_wconf 76' lang='grc' dir='ltr'>ὑμετέραν</span> <span class='ocrx_word' id='word_1_293' title='bbox 575 2446 802 2496; x_wconf 67' lang='grc' dir='ltr'>διαλεχθῆναι</span> <span class='ocrx_word' id='word_1_294' title='bbox 823 2446 981 2497; x_wconf 77' lang='grc' dir='ltr'>ἀγάπην,</span> <span class='ocrx_word' id='word_1_295' title='bbox 1002 2448 1061 2485; x_wconf 76' lang='grc' dir='ltr'>καὶ</span> <span class='ocrx_word' id='word_1_296' title='bbox 1079 2447 1216 2493; x_wconf 73' lang='grc' dir='ltr'>νόσημα</span> <span class='ocrx_word' id='word_1_297' title='bbox 1231 2469 1278 2495; x_wconf 72' lang='lat'>459</span> 
     </span>
    </p>
   </div>
   <div class='ocr_carea' id='block_1_10' title="bbox 195 2504 1217 2744">
    <p class='ocr_par' dir='ltr' id='par_1_11' title="bbox 195 2504 1217 2744">
     <span class='ocr_line' id='line_1_42' title="bbox 196 2504 1216 2560; baseline 0.002 -17"><span class='ocrx_word' id='word_1_298' title='bbox 196 2504 486 2551; x_wconf 79' lang='grc' dir='ltr'>τῆςἜκκλησίας</span> <span class='ocrx_word' id='word_1_299' title='bbox 510 2506 658 2558; x_wconf 67' lang='grc' dir='ltr'>ἐκκόψαι</span> <span class='ocrx_word' id='word_1_300' title='bbox 689 2506 856 2558; x_wconf 74' lang='grc' dir='ltr'>χαλεπόν.</span> <span class='ocrx_word' id='word_1_301' title='bbox 887 2507 957 2545; x_wconf 75' lang='grc' dir='ltr'>Καὶ</span> <span class='ocrx_word' id='word_1_302' title='bbox 988 2507 1057 2560; x_wconf 79' lang='grc' dir='ltr'>γὰρ</span> <span class='ocrx_word' id='word_1_303' title='bbox 1090 2509 1216 2547; x_wconf 74' lang='grc' dir='ltr'>ἄτοπον</span> 
     </span>
     <span class='ocr_line' id='line_1_43' title="bbox 198 2565 1217 2620; baseline 0.004 -16"><span class='ocrx_word' id='word_1_304' title='bbox 198 2567 239 2604; x_wconf 84' lang='grc' dir='ltr'>ἂν</span> <span class='ocrx_word' id='word_1_305' title='bbox 258 2567 312 2612; x_wconf 87' lang='grc' dir='ltr'>εἴη</span> <span class='ocrx_word' id='word_1_306' title='bbox 334 2565 410 2609; x_wconf 77' lang='grc' dir='ltr'>τοὺς</span> <span class='ocrx_word' id='word_1_307' title='bbox 439 2566 560 2610; x_wconf 81' lang='grc' dir='ltr'>ἔξωθεν</span> <span class='ocrx_word' id='word_1_308' title='bbox 581 2566 669 2616; x_wconf 83' lang='grc' dir='ltr'>μετὰ</span> <span class='ocrx_word' id='word_1_309' title='bbox 689 2566 860 2614; x_wconf 80' lang='grc' dir='ltr'>τοσαύτης</span> <span class='ocrx_word' id='word_1_310' title='bbox 888 2568 1106 2620; x_wconf 74' lang='grc' dir='ltr'>ἰατρεύοντας</span> <span class='ocrx_word' id='word_1_311' title='bbox 1139 2571 1217 2608; x_wconf 84' lang='grc' dir='ltr'>ἐπι-</span> 
     </span>
     <span class='ocr_line' id='line_1_44' title="bbox 197 2627 1214 2681; baseline 0.004 -17"><span class='ocrx_word' id='word_1_312' title='bbox 197 2627 336 2677; x_wconf 84' lang='grc' dir='ltr'>μελείας</span> <span class='ocrx_word' id='word_1_313' title='bbox 370 2630 438 2665; x_wconf 79' lang='grc' dir='ltr'>τῶν</span> <span class='ocrx_word' id='word_1_314' title='bbox 470 2627 605 2666; x_wconf 80' lang='grc' dir='ltr'>οἰκείων</span> <span class='ocrx_word' id='word_1_315' title='bbox 644 2634 872 2681; x_wconf 64' lang='grc' dir='ltr'>καταφρονεῖν</span> <span class='ocrx_word' id='word_1_316' title='bbox 906 2631 1035 2678; x_wconf 81' lang='grc' dir='ltr'>μελῶν.</span> <span class='ocrx_word' id='word_1_317' title='bbox 1061 2632 1094 2669; x_wconf 92' lang='grc' dir='ltr'>Τ</span> <span class='ocrx_word' id='word_1_318' title='bbox 1098 2631 1108 2668; x_wconf 90' lang='grc' dir='ltr'>ί</span> <span class='ocrx_word' id='word_1_319' title='bbox 1138 2634 1214 2670; x_wconf 84' lang='grc' dir='ltr'>ποτ’</span> 
     </span>
     <span class='ocr_line' id='line_1_45' title="bbox 195 2681 1215 2744; baseline 0.004 -18"><span class='ocrx_word' id='word_1_320' title='bbox 195 2681 254 2726; x_wconf 70' lang='grc' dir='ltr'>οὖν</span> <span class='ocrx_word' id='word_1_321' title='bbox 290 2689 363 2726; x_wconf 82' lang='grc' dir='ltr'>ἐστι</span> <span class='ocrx_word' id='word_1_322' title='bbox 392 2688 432 2727; x_wconf 89' lang='grc' dir='ltr'>τὸ</span> <span class='ocrx_word' id='word_1_323' title='bbox 465 2689 624 2738; x_wconf 80' lang='grc' dir='ltr'>νόσημα;</span> <span class='ocrx_word' id='word_1_324' title='bbox 644 2688 697 2726; x_wconf 85' lang='grc' dir='ltr'>Τὸ</span> <span class='ocrx_word' id='word_1_325' title='bbox 715 2691 846 2735; x_wconf 68' lang='grc' dir='ltr'>πλῆθος</span> <span class='ocrx_word' id='word_1_326' title='bbox 872 2694 973 2728; x_wconf 75' lang='grc' dir='ltr'>τοῦτο</span> <span class='ocrx_word' id='word_1_327' title='bbox 996 2691 1036 2729; x_wconf 87' lang='grc' dir='ltr'>τὸ</span> <span class='ocrx_word' id='word_1_328' title='bbox 1065 2692 1215 2744; x_wconf 60' lang='grc' dir='ltr'>ἄφατον,</span> 
     </span>
    </p>
   </div>
   <div class='ocr_carea' id='block_1_11' title="bbox 1237 490 2240 1272">
    <p class='ocr_par' dir='ltr' id='par_1_12' title="bbox 1283 490 2240 1150">
     <span class='ocr_line' id='line_1_46' title="bbox 1283 490 2236 543; baseline 0.002 -16"><span class='ocrx_word' id='word_1_329' title='bbox 1283 490 1371 541; x_wconf 89' lang='lat' dir='ltr'>ipsis</span> <span class='ocrx_word' id='word_1_330' title='bbox 1387 491 1600 540; x_wconf 79' lang='lat' dir='ltr'>requiescat,</span> <span class='ocrx_word' id='word_1_331' title='bbox 1617 500 1650 528; x_wconf 89' lang='lat' dir='ltr'>et</span> <span class='ocrx_word' id='word_1_332' title='bbox 1667 491 1760 528; x_wconf 89' lang='lat' dir='ltr'>oculi</span> <span class='ocrx_word' id='word_1_333' title='bbox 1776 491 2099 543; x_wconf 78' lang='lat' dir='ltr'>perspicacitatem,</span> <span class='ocrx_word' id='word_1_334' title='bbox 2116 491 2236 529; x_wconf 69' lang='lat' dir='ltr'>throni</span> 
     </span>
     <span class='ocr_line' id='line_1_47' title="bbox 1285 551 2239 603; baseline 0.003 -16"><span class='ocrx_word' id='word_1_335' title='bbox 1285 551 1533 602; x_wconf 73' lang='lat' dir='ltr'>propinquitas</span> <span class='ocrx_word' id='word_1_336' title='bbox 1561 560 1595 588; x_wconf 88' lang='lat' dir='ltr'>et</span> <span class='ocrx_word' id='word_1_337' title='bbox 1623 552 1748 603; x_wconf 73' lang='lat' dir='ltr'>hymni</span> <span class='ocrx_word' id='word_1_338' title='bbox 1771 552 1933 603; x_wconf 89' lang='lat' dir='ltr'>perpetui</span> <span class='ocrx_word' id='word_1_339' title='bbox 1956 552 2183 603; x_wconf 81' lang='lat' dir='ltr'>vigilantiam</span> <span class='ocrx_word' id='word_1_340' title='bbox 2203 562 2239 590; x_wconf 90' lang='lat' dir='ltr'>et</span> 
     </span>
     <span class='ocr_line' id='line_1_48' title="bbox 1284 610 2236 664; baseline 0.005 -17"><span class='ocrx_word' id='word_1_341' title='bbox 1284 610 1479 648; x_wconf 88' lang='lat' dir='ltr'>insomnia:</span> <span class='ocrx_word' id='word_1_342' title='bbox 1493 611 1543 648; x_wconf 89' lang='lat' dir='ltr'>sic.</span> <span class='ocrx_word' id='word_1_343' title='bbox 1557 612 1700 649; x_wconf 91' lang='lat' dir='ltr'>nomina</span> <span class='ocrx_word' id='word_1_344' title='bbox 1712 612 1842 649; x_wconf 88' lang='lat' dir='ltr'>horum</span> <span class='ocrx_word' id='word_1_345' title='bbox 1854 614 2075 664; x_wconf 82' lang='lat' dir='ltr'>sapientiam,</span> <span class='ocrx_word' id='word_1_346' title='bbox 2089 614 2236 652; x_wconf 88' lang='lat' dir='ltr'>illorum</span> 
     </span>
     <span class='ocr_line' id='line_1_49' title="bbox 1284 671 2239 722; baseline 0.006 -16"><span class='ocrx_word' id='word_1_347' title='bbox 1284 671 1477 722; x_wconf 86' lang='lat' dir='ltr'>puritatem</span> <span class='ocrx_word' id='word_1_348' title='bbox 1497 671 1709 722; x_wconf 82' lang='lat' dir='ltr'>significant.</span> <span class='ocrx_word' id='word_1_349' title='bbox 1728 672 1827 719; x_wconf 87' lang='lat' dir='ltr'>Quid</span> <span class='ocrx_word' id='word_1_350' title='bbox 1846 675 1939 710; x_wconf 89' lang='lat' dir='ltr'>enirn</span> <span class='ocrx_word' id='word_1_351' title='bbox 1959 674 2025 710; x_wconf 90' lang='lat' dir='ltr'>sibi</span> <span class='ocrx_word' id='word_1_352' title='bbox 2047 674 2126 712; x_wconf 72' lang='lat' dir='ltr'>vult</span> <span class='ocrx_word' id='word_1_353' title='bbox 2145 675 2239 712; x_wconf 90' lang='lat' dir='ltr'>Che-</span> 
     </span>
     <span class='ocr_line' id='line_1_50' title="bbox 1284 731 2237 786; baseline 0.005 -18"><span class='ocrx_word' id='word_1_354' title='bbox 1284 731 1431 768; x_wconf 79' lang='lat' dir='ltr'>rubim?</span> <span class='ocrx_word' id='word_1_355' title='bbox 1457 732 1567 769; x_wconf 81' lang='lat' dir='ltr'>Plena</span> <span class='ocrx_word' id='word_1_356' title='bbox 1589 732 1746 770; x_wconf 86' lang='lat' dir='ltr'>scientia.</span> <span class='ocrx_word' id='word_1_357' title='bbox 1767 733 1864 781; x_wconf 86' lang='lat' dir='ltr'>Quid</span> <span class='ocrx_word' id='word_1_358' title='bbox 1885 734 2102 784; x_wconf 70' lang='lat' dir='ltr'>Seraphim?</span> <span class='ocrx_word' id='word_1_359' title='bbox 2120 736 2237 786; x_wconf 85' lang='lat' dir='ltr'>Ignita</span> 
     </span>
     <span class='ocr_line' id='line_1_51' title="bbox 1283 790 2239 846; baseline 0.004 -18"><span class='ocrx_word' id='word_1_360' title='bbox 1283 804 1358 829; x_wconf 87' lang='lat' dir='ltr'>ora.</span> <span class='ocrx_word' id='word_1_361' title='bbox 1390 790 1524 829; x_wconf 82' lang='lat' dir='ltr'>Viden&#39;</span> <span class='ocrx_word' id='word_1_362' title='bbox 1553 805 1625 841; x_wconf 90' lang='lat' dir='ltr'>quo</span> <span class='ocrx_word' id='word_1_363' title='bbox 1647 802 1751 844; x_wconf 86' lang='lat' dir='ltr'>pacto</span> <span class='ocrx_word' id='word_1_364' title='bbox 1770 793 1914 830; x_wconf 86' lang='lat' dir='ltr'>nomina</span> <span class='ocrx_word' id='word_1_365' title='bbox 1934 793 2077 830; x_wconf 82' lang='lat' dir='ltr'>illorum</span> <span class='ocrx_word' id='word_1_366' title='bbox 2097 796 2239 846; x_wconf 84' lang='lat' dir='ltr'>sapien-</span> 
     </span>
     <span class='ocr_line' id='line_1_52' title="bbox 1283 851 2238 904; baseline 0.006 -16"><span class='ocrx_word' id='word_1_367' title='bbox 1283 851 1391 900; x_wconf 82' lang='lat' dir='ltr'>tiam,</span> <span class='ocrx_word' id='word_1_368' title='bbox 1412 851 1544 889; x_wconf 82' lang='lat' dir='ltr'>horum</span> <span class='ocrx_word' id='word_1_369' title='bbox 1561 852 1752 903; x_wconf 89' lang='lat' dir='ltr'>puritatem</span> <span class='ocrx_word' id='word_1_370' title='bbox 1773 853 2002 904; x_wconf 81' lang='lat' dir='ltr'>significent?</span> <span class='ocrx_word' id='word_1_371' title='bbox 2021 855 2060 892; x_wconf 87' lang='lat' dir='ltr'>Si</span> <span class='ocrx_word' id='word_1_372' title='bbox 2077 870 2160 894; x_wconf 78' lang='lat' dir='ltr'>vero</span> <span class='ocrx_word' id='word_1_373' title='bbox 2176 857 2238 894; x_wconf 88' lang='lat' dir='ltr'>uhi</span> 
     </span>
     <span class='ocr_line' id='line_1_53' title="bbox 1283 910 2238 967; baseline 0.006 -17"><span class='ocrx_word' id='word_1_374' title='bbox 1283 914 1388 965; x_wconf 91' lang='lat' dir='ltr'>plena</span> <span class='ocrx_word' id='word_1_375' title='bbox 1404 910 1548 952; x_wconf 89' lang='lat' dir='ltr'>scientia</span> <span class='ocrx_word' id='word_1_376' title='bbox 1565 923 1636 960; x_wconf 84' lang='lat' dir='ltr'>est,</span> <span class='ocrx_word' id='word_1_377' title='bbox 1655 928 1699 952; x_wconf 87' lang='lat' dir='ltr'>ne</span> <span class='ocrx_word' id='word_1_378' title='bbox 1715 924 1989 967; x_wconf 77' lang='lat' dir='ltr'>attemperatum</span> <span class='ocrx_word' id='word_1_379' title='bbox 2007 917 2153 967; x_wconf 89' lang='lat' dir='ltr'>quidem</span> <span class='ocrx_word' id='word_1_380' title='bbox 2170 919 2238 955; x_wconf 89' lang='lat' dir='ltr'>Dei</span> 
     </span>
     <span class='ocr_line' id='line_1_54' title="bbox 1285 973 2240 1030; baseline 0.006 -19"><span class='ocrx_word' id='word_1_381' title='bbox 1285 973 1433 1011; x_wconf 88' lang='lat' dir='ltr'>modum</span> <span class='ocrx_word' id='word_1_382' title='bbox 1456 984 1619 1012; x_wconf 88' lang='lat' dir='ltr'>accurate</span> <span class='ocrx_word' id='word_1_383' title='bbox 1642 975 1768 1013; x_wconf 78' lang='lat' dir='ltr'>videre</span> <span class='ocrx_word' id='word_1_384' title='bbox 1787 986 1936 1027; x_wconf 87' lang='lat' dir='ltr'>possunt</span> <span class='ocrx_word' id='word_1_385' title='bbox 1958 993 1966 1014; x_wconf 92' lang='lat'>:</span> <span class='ocrx_word' id='word_1_386' title='bbox 1990 978 2050 1015; x_wconf 85' lang='lat' dir='ltr'>ubi</span> <span class='ocrx_word' id='word_1_387' title='bbox 2073 992 2118 1016; x_wconf 82' lang='lat' dir='ltr'>ex</span> <span class='ocrx_word' id='word_1_388' title='bbox 2138 988 2240 1030; x_wconf 83' lang='lat' dir='ltr'>parte</span> 
     </span>
     <span class='ocr_line' id='line_1_55' title="bbox 1285 1036 2237 1091; baseline 0.003 -17"><span class='ocrx_word' id='word_1_389' title='bbox 1285 1036 1458 1087; x_wconf 82' lang='lat' dir='ltr'>cognitio,</span> <span class='ocrx_word' id='word_1_390' title='bbox 1476 1045 1515 1073; x_wconf 90' lang='lat' dir='ltr'>ut</span> <span class='ocrx_word' id='word_1_391' title='bbox 1530 1037 1580 1073; x_wconf 89' lang='lat' dir='ltr'>ait</span> <span class='ocrx_word' id='word_1_392' title='bbox 1597 1037 1741 1083; x_wconf 76' lang='lat' dir='ltr'>Paulus,</span> <span class='ocrx_word' id='word_1_393' title='bbox 1757 1039 1822 1074; x_wconf 78' lang='lat' dir='ltr'>Ex</span> <span class='ocrx_word' id='word_1_394' title='bbox 1835 1047 1948 1088; x_wconf 84' lang='lat' dir='ltr'>parte</span> <span class='ocrx_word' id='word_1_395' title='bbox 1960 1041 2237 1091; x_wconf 60' lang='lat' dir='ltr'>cognoscimus,</span> 
     </span>
     <span class='ocr_line' id='line_1_56' title="bbox 1285 1098 2239 1150; baseline 0.003 -15"><span class='ocrx_word' id='word_1_396' title='bbox 1285 1106 1319 1135; x_wconf 88' lang='lat' dir='ltr'>et</span> <span class='ocrx_word' id='word_1_397' title='bbox 1337 1099 1416 1135; x_wconf 84' lang='lat' dir='ltr'>Per</span> <span class='ocrx_word' id='word_1_398' title='bbox 1429 1098 1626 1146; x_wconf 81' lang='lat' dir='ltr'>speculum</span> <span class='ocrx_word' id='word_1_399' title='bbox 1645 1106 1681 1134; x_wconf 79' lang='lat' dir='ltr'>et</span> <span class='ocrx_word' id='word_1_400' title='bbox 1701 1100 1743 1135; x_wconf 87' lang='lat' dir='ltr'>in</span> <span class='ocrx_word' id='word_1_401' title='bbox 1762 1101 1988 1147; x_wconf 77' lang='lat' dir='ltr'>oenigmate,</span> <span class='ocrx_word' id='word_1_402' title='bbox 2004 1110 2144 1150; x_wconf 88' lang='lat' dir='ltr'>quantae</span> <span class='ocrx_word' id='word_1_403' title='bbox 2159 1101 2239 1138; x_wconf 89' lang='lat' dir='ltr'>fue-</span> 
     </span>
    </p>

    <p class='ocr_par' dir='ltr' id='par_1_13' title="bbox 1237 1158 2239 1272">
     <span class='ocr_line' id='line_1_57' title="bbox 1237 1158 2239 1212; baseline 0.004 -17"><span class='ocrx_word' id='word_1_404' title='bbox 1237 1170 1264 1201; x_wconf 83' lang='lat'>1)</span> <span class='ocrx_word' id='word_1_405' title='bbox 1286 1158 1334 1196; x_wconf 87' lang='lat' dir='ltr'>rit</span> <span class='ocrx_word' id='word_1_406' title='bbox 1351 1159 1532 1202; x_wconf 76' lang='lat' dir='ltr'>amentiae,</span> <span class='ocrx_word' id='word_1_407' title='bbox 1549 1172 1588 1196; x_wconf 90' lang='lat' dir='ltr'>ea</span> <span class='ocrx_word' id='word_1_408' title='bbox 1600 1188 1609 1203; x_wconf 84' lang='lat'>‚</span> <span class='ocrx_word' id='word_1_409' title='bbox 1631 1172 1710 1208; x_wconf 85' lang='lat' dir='ltr'>quae</span> <span class='ocrx_word' id='word_1_410' title='bbox 1729 1172 1773 1196; x_wconf 88' lang='lat' dir='ltr'>ne</span> <span class='ocrx_word' id='word_1_411' title='bbox 1791 1159 1844 1196; x_wconf 87' lang='lat' dir='ltr'>illi</span> <span class='ocrx_word' id='word_1_412' title='bbox 1862 1159 2008 1210; x_wconf 90' lang='lat' dir='ltr'>quidem</span> <span class='ocrx_word' id='word_1_413' title='bbox 2024 1170 2173 1212; x_wconf 88' lang='lat' dir='ltr'>possunt</span> <span class='ocrx_word' id='word_1_414' title='bbox 2187 1161 2239 1199; x_wconf 88' lang='lat' dir='ltr'>in·</span> 
     </span>
     <span class='ocr_line' id='line_1_58' title="bbox 1287 1219 2095 1272; baseline 0.001 -15"><span class='ocrx_word' id='word_1_415' title='bbox 1287 1220 1397 1267; x_wconf 89' lang='lat' dir='ltr'>tueri,</span> <span class='ocrx_word' id='word_1_416' title='bbox 1413 1219 1482 1257; x_wconf 88' lang='lat' dir='ltr'>sihi</span> <span class='ocrx_word' id='word_1_417' title='bbox 1501 1229 1583 1257; x_wconf 89' lang='lat' dir='ltr'>nota</span> <span class='ocrx_word' id='word_1_418' title='bbox 1601 1229 1634 1257; x_wconf 91' lang='lat' dir='ltr'>et</span> <span class='ocrx_word' id='word_1_419' title='bbox 1653 1220 1838 1271; x_wconf 88' lang='lat' dir='ltr'>perspicua</span> <span class='ocrx_word' id='word_1_420' title='bbox 1854 1235 1929 1259; x_wconf 89' lang='lat' dir='ltr'>esse</span> <span class='ocrx_word' id='word_1_421' title='bbox 1943 1221 2095 1272; x_wconf 80' lang='lat' dir='ltr'>putare?</span> 
     </span>
    </p>
   </div>
   <div class='ocr_carea' id='block_1_12' title="bbox 1283 1335 2245 1684">
    <p class='ocr_par' dir='ltr' id='par_1_14' title="bbox 1283 1335 2245 1684">
     <span class='ocr_line' id='line_1_59' title="bbox 1339 1335 2241 1389; baseline 0.008 -16"><span class='ocrx_word' id='word_1_422' title='bbox 1339 1335 1378 1374; x_wconf 87' lang='lat'>6.</span> <span class='ocrx_word' id='word_1_423' title='bbox 1402 1336 1510 1384; x_wconf 86' lang='lat' dir='ltr'>Quod</span> <span class='ocrx_word' id='word_1_424' title='bbox 1529 1346 1647 1374; x_wconf 89' lang='lat' dir='ltr'>autem</span> <span class='ocrx_word' id='word_1_425' title='bbox 1666 1351 1734 1375; x_wconf 90' lang='lat' dir='ltr'>non</span> <span class='ocrx_word' id='word_1_426' title='bbox 1756 1337 1844 1389; x_wconf 89' lang='lat' dir='ltr'>ipsis</span> <span class='ocrx_word' id='word_1_427' title='bbox 1861 1338 2060 1378; x_wconf 83' lang='lat' dir='ltr'>Cherubim</span> <span class='ocrx_word' id='word_1_428' title='bbox 2083 1349 2118 1378; x_wconf 91' lang='lat' dir='ltr'>et</span> <span class='ocrx_word' id='word_1_429' title='bbox 2136 1341 2241 1381; x_wconf 87' lang='lat' dir='ltr'>Sera·</span> 
     </span>
     <span class='ocr_line' id='line_1_60' title="bbox 1288 1396 2240 1452; baseline 0.008 -19"><span class='ocrx_word' id='word_1_430' title='bbox 1288 1396 1390 1448; x_wconf 86' lang='lat' dir='ltr'>phim</span> <span class='ocrx_word' id='word_1_431' title='bbox 1409 1406 1561 1446; x_wconf 90' lang='lat' dir='ltr'>tantum,</span> <span class='ocrx_word' id='word_1_432' title='bbox 1583 1397 1645 1435; x_wconf 88' lang='lat' dir='ltr'>sed</span> <span class='ocrx_word' id='word_1_433' title='bbox 1665 1412 1727 1435; x_wconf 91' lang='lat' dir='ltr'>nec</span> <span class='ocrx_word' id='word_1_434' title='bbox 1746 1400 1851 1436; x_wconf 88' lang='lat' dir='ltr'>etiam</span> <span class='ocrx_word' id='word_1_435' title='bbox 1871 1400 2150 1452; x_wconf 78' lang='lat' dir='ltr'>principatibus,</span> <span class='ocrx_word' id='word_1_436' title='bbox 2170 1405 2240 1441; x_wconf 86' lang='lat' dir='ltr'>Po-</span> 
     </span>
     <span class='ocr_line' id='line_1_61' title="bbox 1288 1459 2242 1514; baseline 0.006 -18"><span class='ocrx_word' id='word_1_437' title='bbox 1288 1459 1609 1509; x_wconf 85' lang='lat' dir='ltr'>testatibus,tneque</span> <span class='ocrx_word' id='word_1_438' title='bbox 1620 1459 1680 1496; x_wconf 91' lang='lat' dir='ltr'>alii</span> <span class='ocrx_word' id='word_1_439' title='bbox 1695 1460 1853 1512; x_wconf 89' lang='lat' dir='ltr'>cuipiam</span> <span class='ocrx_word' id='word_1_440' title='bbox 1861 1461 2000 1498; x_wconf 83' lang='lat' dir='ltr'>Virtuti</span> <span class='ocrx_word' id='word_1_441' title='bbox 2015 1464 2242 1514; x_wconf 88' lang='lat' dir='ltr'>comprehen-</span> 
     </span>
     <span class='ocr_line' id='line_1_62' title="bbox 1291 1519 2243 1573; baseline 0.007 -17"><span class='ocrx_word' id='word_1_442' title='bbox 1291 1519 1406 1557; x_wconf 84' lang='lat' dir='ltr'>sibilis</span> <span class='ocrx_word' id='word_1_443' title='bbox 1428 1521 1474 1557; x_wconf 89' lang='lat' dir='ltr'>sit</span> <span class='ocrx_word' id='word_1_444' title='bbox 1501 1521 1620 1567; x_wconf 87' lang='lat' dir='ltr'>Deus,</span> <span class='ocrx_word' id='word_1_445' title='bbox 1648 1519 1686 1558; x_wconf 93' lang='lat' dir='ltr'>id</span> <span class='ocrx_word' id='word_1_446' title='bbox 1707 1522 1784 1572; x_wconf 88' lang='lat' dir='ltr'>jam</span> <span class='ocrx_word' id='word_1_447' title='bbox 1804 1521 1934 1559; x_wconf 71' lang='lat' dir='ltr'>vellem</span> <span class='ocrx_word' id='word_1_448' title='bbox 1955 1523 2159 1573; x_wconf 82' lang='lat' dir='ltr'>ostendere;</span> <span class='ocrx_word' id='word_1_449' title='bbox 2181 1525 2243 1563; x_wconf 87' lang='lat' dir='ltr'>sed</span> 
     </span>
     <span class='ocr_line' id='line_1_63' title="bbox 1283 1580 2245 1632; baseline 0.007 -16"><span class='ocrx_word' id='word_1_450' title='bbox 1283 1582 1358 1631; x_wconf 88' lang='lat' dir='ltr'>jam</span> <span class='ocrx_word' id='word_1_451' title='bbox 1380 1580 1538 1618; x_wconf 84' lang='lat' dir='ltr'>defessus</span> <span class='ocrx_word' id='word_1_452' title='bbox 1557 1581 1698 1619; x_wconf 84' lang='lat' dir='ltr'>animus</span> <span class='ocrx_word' id='word_1_453' title='bbox 1717 1591 1790 1629; x_wconf 89' lang='lat' dir='ltr'>est,</span> <span class='ocrx_word' id='word_1_454' title='bbox 1815 1596 1884 1620; x_wconf 91' lang='lat' dir='ltr'>non</span> <span class='ocrx_word' id='word_1_455' title='bbox 1907 1583 2161 1632; x_wconf 88' lang='lat' dir='ltr'>multitudine,</span> <span class='ocrx_word' id='word_1_456' title='bbox 2182 1585 2245 1623; x_wconf 89' lang='lat' dir='ltr'>sed</span> 
     </span>
     <span class='ocr_line' id='line_1_64' title="bbox 1288 1641 2244 1684; baseline 0.006 -6"><span class='ocrx_word' id='word_1_457' title='bbox 1288 1641 1435 1679; x_wconf 88' lang='lat' dir='ltr'>horrore</span> <span class='ocrx_word' id='word_1_458' title='bbox 1449 1641 1684 1679; x_wconf 86' lang='lat' dir='ltr'>dicendarum</span> <span class='ocrx_word' id='word_1_459' title='bbox 1698 1656 1830 1680; x_wconf 83' lang='lat' dir='ltr'>rerum.</span> <span class='ocrx_word' id='word_1_460' title='bbox 1845 1643 1986 1681; x_wconf 87' lang='lat' dir='ltr'>Tremit</span> <span class='ocrx_word' id='word_1_461' title='bbox 2000 1645 2094 1682; x_wconf 86' lang='lat' dir='ltr'>enim</span> <span class='ocrx_word' id='word_1_462' title='bbox 2108 1655 2142 1683; x_wconf 90' lang='lat' dir='ltr'>et</span> <span class='ocrx_word' id='word_1_463' title='bbox 2156 1646 2244 1684; x_wconf 90' lang='lat' dir='ltr'>hor-</span> 
     </span>
    </p>
   </div>
   <div class='ocr_carea' id='block_1_13' title="bbox 2257 1035 2441 1065">
    <p class='ocr_par' dir='ltr' id='par_1_15' title="bbox 2257 1035 2441 1065">
     <span class='ocr_line' id='line_1_65' title="bbox 2257 1035 2441 1065; baseline 0.011 -4"><span class='ocrx_word' id='word_1_464' title='bbox 2257 1043 2282 1062; x_wconf 89' lang='grc' dir='ltr'>ι.</span> <span class='ocrx_word' id='word_1_465' title='bbox 2304 1035 2374 1064; x_wconf 86' lang='lat' dir='ltr'>Cor.</span> <span class='ocrx_word' id='word_1_466' title='bbox 2393 1035 2441 1065; x_wconf 85' lang='lat'>13.</span> 
     </span>
    </p>
   </div>
   <div class='ocr_carea' id='block_1_14' title="bbox 1289 1702 2295 1756">
    <p class='ocr_par' dir='ltr' id='par_1_16' title="bbox 1289 1702 2295 1756">
     <span class='ocr_line' id='line_1_66' title="bbox 1289 1702 2295 1756; baseline 0.008 -19"><span class='ocrx_word' id='word_1_467' title='bbox 1289 1702 1394 1738; x_wconf 87' lang='lat' dir='ltr'>rescit</span> <span class='ocrx_word' id='word_1_468' title='bbox 1424 1702 1586 1753; x_wconf 88' lang='lat' dir='ltr'>supernis</span> <span class='ocrx_word' id='word_1_469' title='bbox 1614 1702 1686 1739; x_wconf 88' lang='lat' dir='ltr'>illis</span> <span class='ocrx_word' id='word_1_470' title='bbox 1714 1704 2078 1756; x_wconf 82' lang='lat' dir='ltr'>contemplationibus</span> <span class='ocrx_word' id='word_1_471' title='bbox 2106 1705 2244 1745; x_wconf 90' lang='lat' dir='ltr'>diutius</span> <span class='ocrx_word' id='word_1_472' title='bbox 2290 1729 2295 1732; x_wconf 91' lang='lat'><strong>·</strong></span> 
     </span>
    </p>
   </div>
   <div class='ocr_carea' id='block_1_15' title="bbox 1243 1762 2247 2729">
    <p class='ocr_par' dir='ltr' id='par_1_17' title="bbox 1243 1762 2247 2546">
     <span class='ocr_line' id='line_1_67' title="bbox 1290 1762 2242 1808; baseline 0.006 -8"><span class='ocrx_word' id='word_1_473' title='bbox 1290 1763 1496 1800; x_wconf 88' lang='lat' dir='ltr'>immorans.</span> <span class='ocrx_word' id='word_1_474' title='bbox 1524 1762 1766 1808; x_wconf 81' lang='lat' dir='ltr'>Quamobrem</span> <span class='ocrx_word' id='word_1_475' title='bbox 1795 1778 1839 1802; x_wconf 82' lang='lat' dir='ltr'>ex</span> <span class='ocrx_word' id='word_1_476' title='bbox 1861 1766 1957 1803; x_wconf 83' lang='lat' dir='ltr'>caelis</span> <span class='ocrx_word' id='word_1_477' title='bbox 1986 1781 2068 1804; x_wconf 90' lang='lat' dir='ltr'>eum</span> <span class='ocrx_word' id='word_1_478' title='bbox 2088 1766 2242 1806; x_wconf 86' lang='lat' dir='ltr'>reduca—</span> 
     </span>
     <span class='ocr_line' id='line_1_68' title="bbox 1290 1823 2242 1875; baseline 0.006 -15"><span class='ocrx_word' id='word_1_479' title='bbox 1290 1837 1388 1872; x_wconf 86' lang='lat' dir='ltr'>mus,</span> <span class='ocrx_word' id='word_1_480' title='bbox 1406 1823 1680 1875; x_wconf 87' lang='lat' dir='ltr'>perculsumque</span> <span class='ocrx_word' id='word_1_481' title='bbox 1700 1838 1920 1875; x_wconf 64' lang='lat' dir='ltr'>recreemus,</span> <span class='ocrx_word' id='word_1_482' title='bbox 1942 1827 1987 1865; x_wconf 88' lang='lat' dir='ltr'>ad</span> <span class='ocrx_word' id='word_1_483' title='bbox 2006 1827 2146 1865; x_wconf 88' lang='lat' dir='ltr'>solitam</span> <span class='ocrx_word' id='word_1_484' title='bbox 2163 1842 2242 1866; x_wconf 88' lang='lat' dir='ltr'>con·</span> 
     </span>
     <span class='ocr_line' id='line_1_69' title="bbox 1289 1884 2246 1936; baseline 0.005 -14"><span class='ocrx_word' id='word_1_485' title='bbox 1289 1885 1464 1936; x_wconf 83' lang='lat' dir='ltr'>fugientes</span> <span class='ocrx_word' id='word_1_486' title='bbox 1484 1884 1780 1922; x_wconf 84' lang='lat' dir='ltr'>exhortationem.</span> <span class='ocrx_word' id='word_1_487' title='bbox 1805 1887 1979 1934; x_wconf 66' lang='lat' dir='ltr'>Quaenam</span> <span class='ocrx_word' id='word_1_488' title='bbox 2006 1888 2068 1925; x_wconf 87' lang='lat' dir='ltr'>illa</span> <span class='ocrx_word' id='word_1_489' title='bbox 2093 1888 2172 1926; x_wconf 77' lang='lat' dir='ltr'>est?</span> <span class='ocrx_word' id='word_1_490' title='bbox 2196 1890 2246 1928; x_wconf 88' lang='lat' dir='ltr'>Ut</span> 
     </span>
     <span class='ocr_line' id='line_1_70' title="bbox 1293 1946 2246 1998; baseline 0.004 -14"><span class='ocrx_word' id='word_1_491' title='bbox 1293 1960 1479 1998; x_wconf 87' lang='lat' dir='ltr'>precemur</span> <span class='ocrx_word' id='word_1_492' title='bbox 1497 1959 1555 1983; x_wconf 86' lang='lat' dir='ltr'>eos</span> <span class='ocrx_word' id='word_1_493' title='bbox 1573 1946 1635 1996; x_wconf 89' lang='lat' dir='ltr'>qui</span> <span class='ocrx_word' id='word_1_494' title='bbox 1655 1946 1719 1983; x_wconf 86' lang='lat' dir='ltr'>tali</span> <span class='ocrx_word' id='word_1_495' title='bbox 1735 1946 1859 1984; x_wconf 91' lang='lat' dir='ltr'>morbo</span> <span class='ocrx_word' id='word_1_496' title='bbox 1875 1947 2038 1986; x_wconf 86' lang='lat' dir='ltr'>laborant</span> <span class='ocrx_word' id='word_1_497' title='bbox 2053 1949 2098 1986; x_wconf 88' lang='lat' dir='ltr'>ad</span> <span class='ocrx_word' id='word_1_498' title='bbox 2115 1950 2246 1988; x_wconf 85' lang='lat' dir='ltr'>sanita-</span> 
     </span>
     <span class='ocr_line' id='line_1_71' title="bbox 1292 2006 2244 2062; baseline 0.005 -18"><span class='ocrx_word' id='word_1_499' title='bbox 1292 2017 1362 2045; x_wconf 86' lang='lat' dir='ltr'>tem</span> <span class='ocrx_word' id='word_1_500' title='bbox 1382 2006 1554 2046; x_wconf 80' lang='lat' dir='ltr'>revocari.</span> <span class='ocrx_word' id='word_1_501' title='bbox 1575 2008 1668 2045; x_wconf 84' lang='lat' dir='ltr'>Nam</span> <span class='ocrx_word' id='word_1_502' title='bbox 1684 2008 1712 2046; x_wconf 90' lang='lat' dir='ltr'>si</span> <span class='ocrx_word' id='word_1_503' title='bbox 1731 2021 1796 2060; x_wconf 90' lang='lat' dir='ltr'>pro</span> <span class='ocrx_word' id='word_1_504' title='bbox 1817 2009 1978 2059; x_wconf 71' lang='lat' dir='ltr'>aegrofis,</span> <span class='ocrx_word' id='word_1_505' title='bbox 2000 2024 2063 2062; x_wconf 88' lang='lat' dir='ltr'>pro</span> <span class='ocrx_word' id='word_1_506' title='bbox 2077 2010 2244 2049; x_wconf 86' lang='lat' dir='ltr'>laboran-</span> 
     </span>
     <span class='ocr_line' id='line_1_72' title="bbox 1291 2067 2247 2124; baseline 0.006 -19"><span class='ocrx_word' id='word_1_507' title='bbox 1291 2068 1389 2106; x_wconf 86' lang='lat' dir='ltr'>tibus</span> <span class='ocrx_word' id='word_1_508' title='bbox 1402 2067 1447 2106; x_wconf 85' lang='lat' dir='ltr'>ad</span> <span class='ocrx_word' id='word_1_509' title='bbox 1462 2068 1604 2106; x_wconf 86' lang='lat' dir='ltr'>metalla</span> <span class='ocrx_word' id='word_1_510' title='bbox 1617 2099 1626 2117; x_wconf 91' lang='lat'>,</span> <span class='ocrx_word' id='word_1_511' title='bbox 1645 2083 1710 2121; x_wconf 91' lang='lat' dir='ltr'>pro</span> <span class='ocrx_word' id='word_1_512' title='bbox 1726 2068 1814 2108; x_wconf 85' lang='lat' dir='ltr'>dura</span> <span class='ocrx_word' id='word_1_513' title='bbox 1831 2070 2003 2108; x_wconf 82' lang='lat' dir='ltr'>servitute</span> <span class='ocrx_word' id='word_1_514' title='bbox 2017 2073 2164 2123; x_wconf 88' lang='lat' dir='ltr'>pressis,</span> <span class='ocrx_word' id='word_1_515' title='bbox 2182 2087 2247 2124; x_wconf 91' lang='lat' dir='ltr'>pro</span> 
     </span>
     <span class='ocr_line' id='line_1_73' title="bbox 1291 2129 2247 2184; baseline 0.005 -18"><span class='ocrx_word' id='word_1_516' title='bbox 1291 2129 1537 2180; x_wconf 80' lang='lat' dir='ltr'>energumenis</span> <span class='ocrx_word' id='word_1_517' title='bbox 1553 2159 1562 2177; x_wconf 89' lang='lat'>,</span> <span class='ocrx_word' id='word_1_518' title='bbox 1594 2131 1710 2168; x_wconf 92' lang='lat' dir='ltr'>Deum</span> <span class='ocrx_word' id='word_1_519' title='bbox 1740 2144 1865 2183; x_wconf 84' lang='lat' dir='ltr'>rogare</span> <span class='ocrx_word' id='word_1_520' title='bbox 1890 2132 2083 2183; x_wconf 86' lang='lat' dir='ltr'>jubemur,</span> <span class='ocrx_word' id='word_1_521' title='bbox 2114 2142 2247 2184; x_wconf 86' lang='lat' dir='ltr'>quanto</span> 
     </span>
     <span class='ocr_line' id='line_1_74' title="bbox 1292 2190 2247 2246; baseline 0.007 -20"><span class='ocrx_word' id='word_1_522' title='bbox 1292 2190 1408 2241; x_wconf 82' lang='lat' dir='ltr'>magis</span> <span class='ocrx_word' id='word_1_523' title='bbox 1428 2205 1494 2242; x_wconf 90' lang='lat' dir='ltr'>pro</span> <span class='ocrx_word' id='word_1_524' title='bbox 1515 2190 1600 2228; x_wconf 76' lang='lat' dir='ltr'>his?</span> <span class='ocrx_word' id='word_1_525' title='bbox 1627 2192 1796 2244; x_wconf 81' lang='lat' dir='ltr'>Impietas</span> <span class='ocrx_word' id='word_1_526' title='bbox 1827 2193 1960 2246; x_wconf 85' lang='lat' dir='ltr'>quippe</span> <span class='ocrx_word' id='word_1_527' title='bbox 1988 2197 2065 2246; x_wconf 85' lang='lat' dir='ltr'>ipso</span> <span class='ocrx_word' id='word_1_528' title='bbox 2086 2195 2247 2234; x_wconf 73' lang='lat' dir='ltr'>daemone</span> 
     </span>
     <span class='ocr_line' id='line_1_75' title="bbox 1292 2251 2244 2303; baseline 0.007 -16"><span class='ocrx_word' id='word_1_529' title='bbox 1292 2252 1416 2288; x_wconf 89' lang='lat' dir='ltr'>tetrior</span> <span class='ocrx_word' id='word_1_530' title='bbox 1431 2260 1484 2288; x_wconf 86' lang='lat' dir='ltr'>est</span> <span class='ocrx_word' id='word_1_531' title='bbox 1498 2251 1582 2288; x_wconf 85' lang='lat' dir='ltr'>:illa</span> <span class='ocrx_word' id='word_1_532' title='bbox 1601 2266 1753 2303; x_wconf 87' lang='lat' dir='ltr'>namque</span> <span class='ocrx_word' id='word_1_533' title='bbox 1769 2254 1903 2291; x_wconf 89' lang='lat' dir='ltr'>insania</span> <span class='ocrx_word' id='word_1_534' title='bbox 1919 2254 2060 2292; x_wconf 82' lang='lat' dir='ltr'>veniam</span> <span class='ocrx_word' id='word_1_535' title='bbox 2075 2265 2244 2303; x_wconf 86' lang='lat' dir='ltr'>meretur,</span> 
     </span>
     <span class='ocr_line' id='line_1_76' title="bbox 1291 2311 2245 2355; baseline 0.007 -7"><span class='ocrx_word' id='word_1_536' title='bbox 1291 2311 1350 2349; x_wconf 92' lang='lat' dir='ltr'>hic</span> <span class='ocrx_word' id='word_1_537' title='bbox 1371 2325 1455 2349; x_wconf 85' lang='lat' dir='ltr'>vero</span> <span class='ocrx_word' id='word_1_538' title='bbox 1475 2312 1622 2350; x_wconf 88' lang='lat' dir='ltr'>morbus</span> <span class='ocrx_word' id='word_1_539' title='bbox 1642 2313 1777 2351; x_wconf 84' lang='lat' dir='ltr'>nullam</span> <span class='ocrx_word' id='word_1_540' title='bbox 1800 2314 1907 2352; x_wconf 89' lang='lat' dir='ltr'>habet</span> <span class='ocrx_word' id='word_1_541' title='bbox 1926 2315 2177 2355; x_wconf 85' lang='lat' dir='ltr'>defensionem.</span> <span class='ocrx_word' id='word_1_542' title='bbox 2199 2321 2245 2355; x_wconf 77' lang='lat' dir='ltr'>At</span> 
     </span>
     <span class='ocr_line' id='line_1_77' title="bbox 1291 2373 2244 2426; baseline 0.005 -17"><span class='ocrx_word' id='word_1_543' title='bbox 1291 2373 1434 2423; x_wconf 85' lang='lat' dir='ltr'>quando</span> <span class='ocrx_word' id='word_1_544' title='bbox 1449 2373 1495 2410; x_wconf 90' lang='lat' dir='ltr'>de</span> <span class='ocrx_word' id='word_1_545' title='bbox 1510 2373 1668 2410; x_wconf 87' lang='lat' dir='ltr'>oratione</span> <span class='ocrx_word' id='word_1_546' title='bbox 1686 2388 1750 2426; x_wconf 90' lang='lat' dir='ltr'>pro</span> <span class='ocrx_word' id='word_1_547' title='bbox 1770 2376 2015 2425; x_wconf 78' lang='lat' dir='ltr'>energumenis</span> <span class='ocrx_word' id='word_1_548' title='bbox 2032 2377 2244 2415; x_wconf 84' lang='lat' dir='ltr'>mentionem</span> 
     </span>
     <span class='ocr_line' id='line_1_78' title="bbox 1290 2432 2246 2483; baseline 0.006 -14"><span class='ocrx_word' id='word_1_549' title='bbox 1290 2433 1381 2481; x_wconf 88' lang='lat' dir='ltr'>feci,</span> <span class='ocrx_word' id='word_1_550' title='bbox 1403 2432 1542 2483; x_wconf 83' lang='lat' dir='ltr'>aliquid</span> <span class='ocrx_word' id='word_1_551' title='bbox 1569 2448 1607 2471; x_wconf 83' lang='lat' dir='ltr'>ea</span> <span class='ocrx_word' id='word_1_552' title='bbox 1627 2433 1671 2470; x_wconf 89' lang='lat' dir='ltr'>de</span> <span class='ocrx_word' id='word_1_553' title='bbox 1696 2448 1734 2471; x_wconf 89' lang='lat' dir='ltr'>re</span> <span class='ocrx_word' id='word_1_554' title='bbox 1761 2444 1886 2472; x_wconf 72' lang='lat' dir='ltr'>vestrm</span> <span class='ocrx_word' id='word_1_555' title='bbox 1908 2436 2047 2473; x_wconf 86' lang='lat' dir='ltr'>caritati</span> <span class='ocrx_word' id='word_1_556' title='bbox 2073 2436 2246 2475; x_wconf 68' lang='lat' dir='ltr'>disserere</span> 
     </span>
     <span class='ocr_line' id='line_1_79' title="bbox 1243 2494 2244 2546; baseline 0.006 -15"><span class='ocrx_word' id='word_1_557' title='bbox 1243 2510 1266 2535; x_wconf 76' lang='lat' dir='ltr'>A</span> <span class='ocrx_word' id='word_1_558' title='bbox 1290 2494 1431 2532; x_wconf 80' lang='lat' dir='ltr'>animus</span> <span class='ocrx_word' id='word_1_559' title='bbox 1458 2504 1522 2541; x_wconf 84' lang='lat' dir='ltr'>est,</span> <span class='ocrx_word' id='word_1_560' title='bbox 1553 2509 1622 2545; x_wconf 88' lang='lat' dir='ltr'>quo</span> <span class='ocrx_word' id='word_1_561' title='bbox 1651 2509 1796 2546; x_wconf 77' lang='lat' dir='ltr'>gravem</span> <span class='ocrx_word' id='word_1_562' title='bbox 1821 2496 1867 2532; x_wconf 73' lang='lat' dir='ltr'>ab</span> <span class='ocrx_word' id='word_1_563' title='bbox 1894 2496 2052 2535; x_wconf 81' lang='lat' dir='ltr'>Ecclesia</span> <span class='ocrx_word' id='word_1_564' title='bbox 2078 2499 2244 2537; x_wconf 88' lang='lat' dir='ltr'>morbum</span> 
     </span>
    </p>

    <p class='ocr_par' dir='ltr' id='par_1_18' title="bbox 1291 2555 2244 2598">
     <span class='ocr_line' id='line_1_80' title="bbox 1291 2555 2244 2598; baseline 0.005 -5"><span class='ocrx_word' id='word_1_565' title='bbox 1291 2555 1554 2594; x_wconf 79' lang='lat' dir='ltr'>exscindamus.</span> <span class='ocrx_word' id='word_1_566' title='bbox 1573 2555 1711 2593; x_wconf 82' lang='lat' dir='ltr'>Etenim</span> <span class='ocrx_word' id='word_1_567' title='bbox 1729 2557 1926 2595; x_wconf 78' lang='lat' dir='ltr'>absurdum</span> <span class='ocrx_word' id='word_1_568' title='bbox 1940 2567 2027 2596; x_wconf 80' lang='lat' dir='ltr'>esset</span> <span class='ocrx_word' id='word_1_569' title='bbox 2044 2558 2132 2596; x_wconf 88' lang='lat' dir='ltr'>dum</span> <span class='ocrx_word' id='word_1_570' title='bbox 2147 2570 2244 2598; x_wconf 78' lang='lat' dir='ltr'>exte·</span> 
     </span>
    </p>

    <p class='ocr_par' dir='ltr' id='par_1_19' title="bbox 1291 2617 2244 2672">
     <span class='ocr_line' id='line_1_81' title="bbox 1291 2617 2244 2672; baseline 0.005 -18"><span class='ocrx_word' id='word_1_571' title='bbox 1291 2631 1413 2655; x_wconf 89' lang='lat' dir='ltr'>rorum</span> <span class='ocrx_word' id='word_1_572' title='bbox 1433 2617 1567 2655; x_wconf 87' lang='lat' dir='ltr'>morbis</span> <span class='ocrx_word' id='word_1_573' title='bbox 1587 2626 1682 2654; x_wconf 85' lang='lat' dir='ltr'>tanta</span> <span class='ocrx_word' id='word_1_574' title='bbox 1701 2631 1784 2655; x_wconf 87' lang='lat' dir='ltr'>cura</span> <span class='ocrx_word' id='word_1_575' title='bbox 1802 2618 2001 2660; x_wconf 76' lang='lat' dir='ltr'>medemur,</span> <span class='ocrx_word' id='word_1_576' title='bbox 2023 2621 2167 2672; x_wconf 80' lang='lat' dir='ltr'>propria</span> <span class='ocrx_word' id='word_1_577' title='bbox 2183 2635 2244 2658; x_wconf 83' lang='lat' dir='ltr'>ne·</span> 
     </span>
    </p>

    <p class='ocr_par' dir='ltr' id='par_1_20' title="bbox 1289 2678 2242 2729">
     <span class='ocr_line' id='line_1_82' title="bbox 1289 2678 2242 2729; baseline 0.005 -15"><span class='ocrx_word' id='word_1_578' title='bbox 1289 2678 1422 2729; x_wconf 80' lang='lat' dir='ltr'>gligere</span> <span class='ocrx_word' id='word_1_579' title='bbox 1443 2678 1615 2716; x_wconf 80' lang='lat' dir='ltr'>membra.</span> <span class='ocrx_word' id='word_1_580' title='bbox 1639 2678 1745 2724; x_wconf 79' lang='lat' dir='ltr'>Quod</span> <span class='ocrx_word' id='word_1_581' title='bbox 1772 2692 1881 2729; x_wconf 75' lang='lat' dir='ltr'>genus</span> <span class='ocrx_word' id='word_1_582' title='bbox 1913 2680 2027 2717; x_wconf 79' lang='lat' dir='ltr'>morbi</span> <span class='ocrx_word' id='word_1_583' title='bbox 2049 2680 2139 2718; x_wconf 75' lang='lat' dir='ltr'>iilud</span> <span class='ocrx_word' id='word_1_584' title='bbox 2161 2681 2242 2719; x_wconf 77' lang='lat' dir='ltr'>est?</span> 
     </span>
    </p>
   </div>
   <div class='ocr_carea' id='block_1_16' title="bbox 1291 2738 2447 2792">
    <p class='ocr_par' dir='ltr' id='par_1_21' title="bbox 1291 2738 2447 2792">
     <span class='ocr_line' id='line_1_83' title="bbox 1291 2738 2447 2792; baseline 0.002 -16"><span class='ocrx_word' id='word_1_585' title='bbox 1291 2741 1472 2790; x_wconf 79' lang='lat' dir='ltr'>lugentem</span> <span class='ocrx_word' id='word_1_586' title='bbox 1494 2739 1586 2777; x_wconf 82' lang='lat' dir='ltr'>hanc</span> <span class='ocrx_word' id='word_1_587' title='bbox 1606 2740 1729 2792; x_wconf 84' lang='lat' dir='ltr'>populi</span> <span class='ocrx_word' id='word_1_588' title='bbox 1752 2738 2019 2777; x_wconf 82' lang='lat' dir='ltr'>multitudinem</span> <span class='ocrx_word' id='word_1_589' title='bbox 2040 2755 2133 2778; x_wconf 81' lang='lat' dir='ltr'>nune</span> <span class='ocrx_word' id='word_1_590' title='bbox 2161 2756 2241 2780; x_wconf 77' lang='lat' dir='ltr'>cua-</span> <span class='ocrx_word' id='word_1_591' title='bbox 2266 2751 2368 2789; x_wconf 58' lang='lat' dir='ltr'>Argun</span> <span class='ocrx_word' id='word_1_592' title='bbox 2385 2752 2447 2778; x_wconf 74' lang='lat' dir='ltr'>Au-</span> 
     </span>
    </p>
   </div>
   <div class='ocr_carea' id='block_1_17' title="bbox 1289 2794 2447 2871">
    <p class='ocr_par' dir='ltr' id='par_1_22' title="bbox 1289 2794 2447 2871">
     <span class='ocr_line' id='line_1_84' title="bbox 1289 2794 2447 2871; baseline 0.004 -33"><span class='ocrx_word' id='word_1_593' title='bbox 1289 2810 1394 2845; x_wconf 75' lang='lat' dir='ltr'>ctam,</span> <span class='ocrx_word' id='word_1_594' title='bbox 1408 2811 1439 2838; x_wconf 78' lang='lat' dir='ltr'>ct</span> <span class='ocrx_word' id='word_1_595' title='bbox 1454 2810 1550 2838; x_wconf 80' lang='lat' dir='ltr'>tanto</span> <span class='ocrx_word' id='word_1_596' title='bbox 1563 2801 1684 2839; x_wconf 82' lang='lat' dir='ltr'>studio</span> <span class='ocrx_word' id='word_1_597' title='bbox 1698 2802 1968 2844; x_wconf 70' lang='lat' dir='ltr'>auscultantem.</span> <span class='ocrx_word' id='word_1_598' title='bbox 1983 2802 2164 2842; x_wconf 82' lang='lat' dir='ltr'>tremenda</span> <span class='ocrx_word' id='word_1_599' title='bbox 2179 2804 2241 2842; x_wconf 76' lang='lat' dir='ltr'>illa</span> <span class='ocrx_word' id='word_1_600' title='bbox 2257 2794 2447 2871; x_wconf 46' lang='grc' dir='ltr'>Ἷυᾛώῖζᾚζ</span> 
     </span>
    </p>
   </div>
   <div class='ocr_carea' id='block_1_18' title="bbox 1288 2862 2446 2915">
    <p class='ocr_par' dir='ltr' id='par_1_23' title="bbox 1288 2862 2446 2915">
     <span class='ocr_line' id='line_1_85' title="bbox 1288 2862 2446 2915; baseline 0.002 -15"><span class='ocrx_word' id='word_1_601' title='bbox 1288 2863 1373 2900; x_wconf 82' lang='lat' dir='ltr'>hora</span> <span class='ocrx_word' id='word_1_602' title='bbox 1392 2862 1505 2900; x_wconf 85' lang='lat' dir='ltr'>oculis</span> <span class='ocrx_word' id='word_1_603' title='bbox 1521 2863 1743 2913; x_wconf 81' lang='lat' dir='ltr'>perquirens,</span> <span class='ocrx_word' id='word_1_604' title='bbox 1762 2863 1884 2900; x_wconf 77' lang='lat' dir='ltr'>videre</span> <span class='ocrx_word' id='word_1_605' title='bbox 1900 2876 1967 2900; x_wconf 85' lang='lat' dir='ltr'>non</span> <span class='ocrx_word' id='word_1_606' title='bbox 1985 2864 2082 2915; x_wconf 82' lang='lat' dir='ltr'>potui</span> <span class='ocrx_word' id='word_1_607' title='bbox 2095 2880 2102 2900; x_wconf 91' lang='lat'><strong>:</strong></span> <span class='ocrx_word' id='word_1_608' title='bbox 2117 2866 2242 2904; x_wconf 82' lang='lat' dir='ltr'>admo·</span> <span class='ocrx_word' id='word_1_609' title='bbox 2277 2877 2446 2903; x_wconf 64' lang='lat' dir='ltr'>concionem</span> 
     </span>
    </p>
   </div>
   <div class='ocr_carea' id='block_1_19' title="bbox 1288 2923 2447 2988">
    <p class='ocr_par' dir='ltr' id='par_1_24' title="bbox 1288 2923 2447 2988">
     <span class='ocr_line' id='line_1_86' title="bbox 1288 2923 2444 2975; baseline 0.004 -15"><span class='ocrx_word' id='word_1_610' title='bbox 1288 2924 1444 2974; x_wconf 86' lang='lat' dir='ltr'>dumque</span> <span class='ocrx_word' id='word_1_611' title='bbox 1459 2923 1627 2974; x_wconf 77' lang='lat' dir='ltr'>ingemui,</span> <span class='ocrx_word' id='word_1_612' title='bbox 1643 2923 1750 2974; x_wconf 77' lang='lat' dir='ltr'>quod,</span> <span class='ocrx_word' id='word_1_613' title='bbox 1768 2923 1932 2974; x_wconf 71' lang='lat' dir='ltr'>loquente</span> <span class='ocrx_word' id='word_1_614' title='bbox 1945 2924 2090 2975; x_wconf 79' lang='lat' dir='ltr'>quidem</span> <span class='ocrx_word' id='word_1_615' title='bbox 2105 2940 2242 2965; x_wconf 54' lang='lat' dir='ltr'>consen</span> <span class='ocrx_word' id='word_1_616' title='bbox 2256 2929 2269 2946; x_wconf 77' lang='lat'>²</span> <span class='ocrx_word' id='word_1_617' title='bbox 2284 2929 2372 2946; x_wconf 67' lang='lat' dir='ltr'>uem</span> <span class='ocrx_word' id='word_1_618' title='bbox 2386 2928 2444 2955; x_wconf 54' lang='lat'>¹¹⁸3*</span> 
     </span>
     <span class='ocr_line' id='line_1_87' title="bbox 2257 2967 2447 2988; baseline -0.011 0"><span class='ocrx_word' id='word_1_619' title='bbox 2257 2967 2352 2988; x_wconf 70' lang='lat' dir='ltr'>stem·</span> <span class='ocrx_word' id='word_1_620' title='bbox 2369 2970 2447 2987; x_wconf 64' lang='lat' dir='ltr'>«co-</span> 
     </span>
    </p>
   </div>
   <div class='ocr_carea' id='block_1_20' title="bbox 195 2748 1216 2987">
    <p class='ocr_par' dir='ltr' id='par_1_25' title="bbox 195 2748 1216 2987">
     <span class='ocr_line' id='line_1_88' title="bbox 195 2748 1216 2805; baseline 0.005 -19"><span class='ocrx_word' id='word_1_621' title='bbox 195 2748 235 2786; x_wconf 84' lang='grc' dir='ltr'>τὸ</span> <span class='ocrx_word' id='word_1_622' title='bbox 254 2748 572 2802; x_wconf 82' lang='grc' dir='ltr'>συγκεκροτημένον</span> <span class='ocrx_word' id='word_1_623' title='bbox 601 2753 679 2795; x_wconf 79' lang='grc' dir='ltr'>νῦν,</span> <span class='ocrx_word' id='word_1_624' title='bbox 706 2750 764 2788; x_wconf 77' lang='grc' dir='ltr'>καὶ</span> <span class='ocrx_word' id='word_1_625' title='bbox 795 2751 884 2801; x_wconf 76' lang='grc' dir='ltr'>μετὰ</span> <span class='ocrx_word' id='word_1_626' title='bbox 914 2751 1084 2799; x_wconf 81' lang='grc' dir='ltr'>τοσαύτης</span> <span class='ocrx_word' id='word_1_627' title='bbox 1113 2755 1216 2805; x_wconf 85' lang='grc' dir='ltr'>ἀκρι-</span> 
     </span>
     <span class='ocr_line' id='line_1_89' title="bbox 196 2808 1214 2866; baseline 0.005 -19"><span class='ocrx_word' id='word_1_628' title='bbox 196 2808 291 2852; x_wconf 66' lang='lat' dir='ltr'>ceta&lt;</span> <span class='ocrx_word' id='word_1_629' title='bbox 319 2810 493 2862; x_wconf 75' lang='grc' dir='ltr'>προσέχον</span> <span class='ocrx_word' id='word_1_630' title='bbox 526 2815 597 2853; x_wconf 86' lang='grc' dir='ltr'>τοῖς</span> <span class='ocrx_word' id='word_1_631' title='bbox 621 2811 845 2862; x_wconf 83' lang='grc' dir='ltr'>λεγομένοις,</span> <span class='ocrx_word' id='word_1_632' title='bbox 876 2812 967 2851; x_wconf 86' lang='grc' dir='ltr'>κατὰ</span> <span class='ocrx_word' id='word_1_633' title='bbox 997 2813 1060 2860; x_wconf 70' lang='grc' dir='ltr'>τὴν</span> <span class='ocrx_word' id='word_1_634' title='bbox 1085 2830 1214 2866; x_wconf 84' lang='grc' dir='ltr'>φρικω-</span> 
     </span>
     <span class='ocr_line' id='line_1_90' title="bbox 195 2869 1214 2923; baseline 0.007 -16"><span class='ocrx_word' id='word_1_635' title='bbox 195 2869 364 2918; x_wconf 73' lang='grc' dir='ltr'>δεστάτην</span> <span class='ocrx_word' id='word_1_636' title='bbox 389 2869 483 2923; x_wconf 79' lang='grc' dir='ltr'>ὥραν</span> <span class='ocrx_word' id='word_1_637' title='bbox 514 2871 647 2919; x_wconf 84' lang='grc' dir='ltr'>ἐκείνην</span> <span class='ocrx_word' id='word_1_638' title='bbox 682 2872 851 2917; x_wconf 76' lang='grc' dir='ltr'>πολλάκις</span> <span class='ocrx_word' id='word_1_639' title='bbox 884 2874 1099 2921; x_wconf 78' lang='grc' dir='ltr'>ἐπιζητήσας</span> <span class='ocrx_word' id='word_1_640' title='bbox 1133 2877 1214 2914; x_wconf 70' lang='grc' dir='ltr'>ἰδεῖν</span> 
     </span>
     <span class='ocr_line' id='line_1_91' title="bbox 195 2932 1214 2987; baseline 0.005 -17"><span class='ocrx_word' id='word_1_641' title='bbox 195 2933 256 2970; x_wconf 76' lang='grc' dir='ltr'>οὐκ</span> <span class='ocrx_word' id='word_1_642' title='bbox 288 2932 482 2979; x_wconf 78' lang='grc' dir='ltr'>ἠδυνήθην,</span> <span class='ocrx_word' id='word_1_643' title='bbox 511 2932 571 2970; x_wconf 73' lang='grc' dir='ltr'>καὶ</span> <span class='ocrx_word' id='word_1_644' title='bbox 601 2933 732 2986; x_wconf 64' lang='grc' dir='ltr'>σφόδρα</span> <span class='ocrx_word' id='word_1_645' title='bbox 765 2934 948 2981; x_wconf 82' lang='grc' dir='ltr'>ἐστέναξα,</span> <span class='ocrx_word' id='word_1_646' title='bbox 975 2936 1029 2974; x_wconf 78' lang='grc' dir='ltr'>ὅτι</span> <span class='ocrx_word' id='word_1_647' title='bbox 1058 2940 1118 2974; x_wconf 83' lang='grc' dir='ltr'>τοῦ</span> <span class='ocrx_word' id='word_1_648' title='bbox 1152 2938 1214 2987; x_wconf 83' lang='grc' dir='ltr'>μὲν</span> 
     </span>
    </p>
   </div>
   <div class='ocr_carea' id='block_1_21' title="bbox 0 1080 59 3825">
    <p class='ocr_par' dir='ltr' id='par_1_26' title="bbox 0 1080 59 3825">
     <span class='ocr_line' id='line_1_92' title="bbox 0 1080 59 3825; baseline 0 0"><span class='ocrx_word' id='word_1_649' title='bbox 0 1080 59 3825; x_wconf 95' lang='lat' dir='ltr'> </span> 
     </span>
    </p>
   </div>
   <div class='ocr_carea' id='block_1_22' title="bbox 193 2993 1215 3413">
    <p class='ocr_par' dir='ltr' id='par_1_27' title="bbox 193 2993 1215 3413">
     <span class='ocr_line' id='line_1_93' title="bbox 196 2993 1214 3044; baseline 0.004 -14"><span class='ocrx_word' id='word_1_650' title='bbox 196 2993 381 3031; x_wconf 80' lang='grc' dir='ltr'>συνδούλου</span> <span class='ocrx_word' id='word_1_651' title='bbox 415 2994 659 3044; x_wconf 80' lang='grc' dir='ltr'>διαλεγομένου</span> <span class='ocrx_word' id='word_1_652' title='bbox 688 2994 801 3043; x_wconf 82' lang='grc' dir='ltr'>πολλὴ</span> <span class='ocrx_word' id='word_1_653' title='bbox 827 2999 848 3042; x_wconf 80' lang='grc' dir='ltr'>ἡ</span> <span class='ocrx_word' id='word_1_654' title='bbox 881 2997 1033 3042; x_wconf 78' lang='grc' dir='ltr'>σπουδὴ,</span> <span class='ocrx_word' id='word_1_655' title='bbox 1055 3000 1214 3036; x_wconf 72' lang='grc' dir='ltr'>ἐπιτετα·</span> 
     </span>
     <span class='ocr_line' id='line_1_94' title="bbox 195 3054 1215 3106; baseline 0.005 -16"><span class='ocrx_word' id='word_1_656' title='bbox 195 3054 282 3103; x_wconf 86' lang='grc' dir='ltr'>μένη</span> <span class='ocrx_word' id='word_1_657' title='bbox 310 3057 332 3099; x_wconf 85' lang='grc' dir='ltr'>ἠ</span> <span class='ocrx_word' id='word_1_658' title='bbox 361 3054 538 3106; x_wconf 81' lang='grc' dir='ltr'>προθυμία</span> <span class='ocrx_word' id='word_1_659' title='bbox 578 3058 647 3093; x_wconf 82' lang='grc' dir='ltr'>τῶν</span> <span class='ocrx_word' id='word_1_660' title='bbox 679 3056 922 3095; x_wconf 85' lang='grc' dir='ltr'>συνωθούντων</span> <span class='ocrx_word' id='word_1_661' title='bbox 952 3059 1121 3104; x_wconf 81' lang='grc' dir='ltr'>ἀλλήλους</span> <span class='ocrx_word' id='word_1_662' title='bbox 1156 3059 1215 3096; x_wconf 77' lang='grc' dir='ltr'>καὶ</span> 
     </span>
     <span class='ocr_line' id='line_1_95' title="bbox 195 3114 1212 3171; baseline 0.004 -18"><span class='ocrx_word' id='word_1_663' title='bbox 195 3114 300 3166; x_wconf 78' lang='grc' dir='ltr'>μέχρι</span> <span class='ocrx_word' id='word_1_664' title='bbox 327 3114 442 3158; x_wconf 79' lang='grc' dir='ltr'>τέλους</span> <span class='ocrx_word' id='word_1_665' title='bbox 469 3115 762 3168; x_wconf 82' lang='grc' dir='ltr'>παραμενόντων,</span> <span class='ocrx_word' id='word_1_666' title='bbox 781 3122 840 3157; x_wconf 80' lang='grc' dir='ltr'>τοῦ</span> <span class='ocrx_word' id='word_1_667' title='bbox 865 3119 899 3156; x_wconf 76' lang='grc' dir='ltr'>δὲ</span> <span class='ocrx_word' id='word_1_668' title='bbox 923 3119 1073 3169; x_wconf 75' lang='grc' dir='ltr'>Χριστοῦ</span> <span class='ocrx_word' id='word_1_669' title='bbox 1094 3119 1212 3171; x_wconf 80' lang='grc' dir='ltr'>φαίνε-</span> 
     </span>
     <span class='ocr_line' id='line_1_96' title="bbox 193 3175 1211 3231; baseline 0.005 -18"><span class='ocrx_word' id='word_1_670' title='bbox 193 3178 273 3213; x_wconf 83' lang='grc' dir='ltr'>σθαι</span> <span class='ocrx_word' id='word_1_671' title='bbox 291 3175 473 3226; x_wconf 76' lang='grc' dir='ltr'>μέλλοντος</span> <span class='ocrx_word' id='word_1_672' title='bbox 502 3177 560 3214; x_wconf 81' lang='grc' dir='ltr'>ἐπὶ</span> <span class='ocrx_word' id='word_1_673' title='bbox 588 3180 654 3214; x_wconf 79' lang='grc' dir='ltr'>τῶν</span> <span class='ocrx_word' id='word_1_674' title='bbox 678 3180 778 3230; x_wconf 74' lang='grc' dir='ltr'>ἱερῶν</span> <span class='ocrx_word' id='word_1_675' title='bbox 809 3180 1028 3231; x_wconf 76' lang='grc' dir='ltr'>μυστηρίων,</span> <span class='ocrx_word' id='word_1_676' title='bbox 1047 3180 1128 3226; x_wconf 83' lang='grc' dir='ltr'>κενὴ</span> <span class='ocrx_word' id='word_1_677' title='bbox 1152 3180 1211 3219; x_wconf 79' lang='grc' dir='ltr'>καὶ</span> 
     </span>
     <span class='ocr_line' id='line_1_97' title="bbox 194 3235 1212 3294; baseline 0.008 -21"><span class='ocrx_word' id='word_1_678' title='bbox 194 3235 321 3288; x_wconf 73' lang='grc' dir='ltr'>ἔρημος</span> <span class='ocrx_word' id='word_1_679' title='bbox 348 3240 370 3282; x_wconf 79' lang='grc' dir='ltr'>ἡ</span> <span class='ocrx_word' id='word_1_680' title='bbox 404 3237 572 3284; x_wconf 82' lang='grc' dir='ltr'>ἐκκλησία</span> <span class='ocrx_word' id='word_1_681' title='bbox 602 3238 745 3289; x_wconf 81' lang='grc' dir='ltr'>γίνιται.</span> <span class='ocrx_word' id='word_1_682' title='bbox 778 3241 847 3278; x_wconf 72' lang='grc' dir='ltr'>Καὶ</span> <span class='ocrx_word' id='word_1_683' title='bbox 879 3244 946 3278; x_wconf 75' lang='grc' dir='ltr'>ποῦ</span> <span class='ocrx_word' id='word_1_684' title='bbox 991 3244 1101 3280; x_wconf 79' lang='grc' dir='ltr'>ταῦτα</span> <span class='ocrx_word' id='word_1_685' title='bbox 1132 3258 1212 3294; x_wconf 84' lang='grc' dir='ltr'>συγ-</span> 
     </span>
     <span class='ocr_line' id='line_1_98' title="bbox 194 3294 1214 3353; baseline 0.007 -20"><span class='ocrx_word' id='word_1_686' title='bbox 194 3294 336 3346; x_wconf 81' lang='grc' dir='ltr'>γνώμης</span> <span class='ocrx_word' id='word_1_687' title='bbox 361 3295 440 3341; x_wconf 76' lang='grc' dir='ltr'>ἅξια</span> <span class='ocrx_word' id='word_1_688' title='bbox 460 3313 468 3341; x_wconf 89' lang='grc'><strong>;</strong></span> <span class='ocrx_word' id='word_1_689' title='bbox 489 3298 573 3343; x_wconf 80' lang='grc' dir='ltr'>Ἀπὸ</span> <span class='ocrx_word' id='word_1_690' title='bbox 604 3301 666 3345; x_wconf 77' lang='grc' dir='ltr'>τῆς</span> <span class='ocrx_word' id='word_1_691' title='bbox 702 3301 873 3353; x_wconf 58' lang='grc' dir='ltr'>ῥᾳθυμίας</span> <span class='ocrx_word' id='word_1_692' title='bbox 904 3301 1032 3348; x_wconf 78' lang='grc' dir='ltr'>ταύτης</span> <span class='ocrx_word' id='word_1_693' title='bbox 1053 3303 1111 3340; x_wconf 77' lang='grc' dir='ltr'>καὶ</span> <span class='ocrx_word' id='word_1_694' title='bbox 1138 3302 1214 3346; x_wconf 76' lang='grc' dir='ltr'>τοὺς</span> 
     </span>
     <span class='ocr_line' id='line_1_99' title="bbox 196 3355 1209 3413; baseline 0.009 -21"><span class='ocrx_word' id='word_1_695' title='bbox 196 3355 353 3400; x_wconf 68' lang='grc' dir='ltr'>ἐπαίνους</span> <span class='ocrx_word' id='word_1_696' title='bbox 384 3357 460 3401; x_wconf 74' lang='grc' dir='ltr'>τοὺς</span> <span class='ocrx_word' id='word_1_697' title='bbox 489 3359 545 3398; x_wconf 73' lang='grc' dir='ltr'>ἐπὶ</span> <span class='ocrx_word' id='word_1_698' title='bbox 578 3362 620 3410; x_wconf 75' lang='grc' dir='ltr'>τῇ</span> <span class='ocrx_word' id='word_1_699' title='bbox 654 3361 743 3398; x_wconf 56' lang='grc' dir='ltr'>κατὰ</span> <span class='ocrx_word' id='word_1_700' title='bbox 776 3361 839 3406; x_wconf 82' lang='grc' dir='ltr'>τὴν</span> <span class='ocrx_word' id='word_1_701' title='bbox 875 3361 1040 3412; x_wconf 77' lang='grc' dir='ltr'>ἀκρόασιν</span> <span class='ocrx_word' id='word_1_702' title='bbox 1077 3366 1209 3413; x_wconf 73' lang='grc' dir='ltr'>σπουὸἦ</span> 
     </span>
    </p>
   </div>
   <div class='ocr_carea' id='block_1_23' title="bbox 244 3480 872 3525">
    <p class='ocr_par' dir='ltr' id='par_1_28' title="bbox 244 3480 872 3525">
     <span class='ocr_line' id='line_1_100' title="bbox 244 3480 872 3525; baseline 0.011 -13"><span class='ocrx_word' id='word_1_703' title='bbox 244 3491 255 3503; x_wconf 83' lang='grc'><em>·</em></span> <span class='ocrx_word' id='word_1_704' title='bbox 284 3480 340 3511; x_wconf 47' lang='lat' dir='ltr'>v&amp;lut</span> <span class='ocrx_word' id='word_1_705' title='bbox 356 3485 472 3515; x_wconf 51' lang='lat' dir='ltr'>numni</span> <span class='ocrx_word' id='word_1_706' title='bbox 493 3487 558 3517; x_wconf 61' lang='grc' dir='ltr'>ιἰἶιιν</span> <span class='ocrx_word' id='word_1_707' title='bbox 575 3485 641 3525; x_wconf 66' lang='grc' dir='ltr'>μα’</span> <span class='ocrx_word' id='word_1_708' title='bbox 658 3489 754 3522; x_wconf 41' lang='lat' dir='ltr'>othim·</span> <span class='ocrx_word' id='word_1_709' title='bbox 774 3514 779 3523; x_wconf 81' lang='lat'>,</span> <span class='ocrx_word' id='word_1_710' title='bbox 796 3492 872 3518; x_wconf 57' lang='grc' dir='ltr'>αι’ὶι-</span> 
     </span>
    </p>
   </div>
   <div class='ocr_carea' id='block_1_24' title="bbox 1291 2984 2371 3035">
    <p class='ocr_par' dir='ltr' id='par_1_29' title="bbox 1291 2984 2371 3035">
     <span class='ocr_line' id='line_1_101' title="bbox 1291 2984 2371 3035; baseline 0.004 -13"><span class='ocrx_word' id='word_1_711' title='bbox 1291 2999 1349 3030; x_wconf 76' lang='grc' dir='ltr'>νυ,</span> <span class='ocrx_word' id='word_1_712' title='bbox 1370 2985 1492 3035; x_wconf 77' lang='lat' dir='ltr'>ingens</span> <span class='ocrx_word' id='word_1_713' title='bbox 1507 2985 1551 3021; x_wconf 82' lang='lat' dir='ltr'>sit</span> <span class='ocrx_word' id='word_1_714' title='bbox 1569 2984 1742 3027; x_wconf 76' lang='lat' dir='ltr'>studium,</span> <span class='ocrx_word' id='word_1_715' title='bbox 1761 2999 1898 3022; x_wconf 78' lang='lat' dir='ltr'>sumnia</span> <span class='ocrx_word' id='word_1_716' title='bbox 1913 2985 2089 3028; x_wconf 77' lang='lat' dir='ltr'>alacritas.</span> <span class='ocrx_word' id='word_1_717' title='bbox 2105 2988 2241 3026; x_wconf 81' lang='lat' dir='ltr'>cunctis</span> <span class='ocrx_word' id='word_1_718' title='bbox 2255 3002 2371 3030; x_wconf 66' lang='lat' dir='ltr'>dona«.</span> 
     </span>
    </p>
   </div>
   <div class='ocr_carea' id='block_1_25' title="bbox 1243 3045 2245 3409">
    <p class='ocr_par' dir='ltr' id='par_1_30' title="bbox 1243 3045 2245 3409">
     <span class='ocr_line' id='line_1_102' title="bbox 1291 3045 2241 3097; baseline 0.005 -15"><span class='ocrx_word' id='word_1_719' title='bbox 1291 3060 1365 3083; x_wconf 79' lang='lat' dir='ltr'>sese</span> <span class='ocrx_word' id='word_1_720' title='bbox 1380 3053 1503 3082; x_wconf 86' lang='lat' dir='ltr'>mutno</span> <span class='ocrx_word' id='word_1_721' title='bbox 1520 3045 1799 3096; x_wconf 75' lang='lat' dir='ltr'>impellentibus,</span> <span class='ocrx_word' id='word_1_722' title='bbox 1814 3054 1846 3082; x_wconf 77' lang='lat' dir='ltr'>et</span> <span class='ocrx_word' id='word_1_723' title='bbox 1861 3045 1904 3083; x_wconf 83' lang='lat' dir='ltr'>ad</span> <span class='ocrx_word' id='word_1_724' title='bbox 1921 3060 2032 3097; x_wconf 82' lang='lat' dir='ltr'>nsque</span> <span class='ocrx_word' id='word_1_725' title='bbox 2045 3047 2151 3086; x_wconf 82' lang='lat' dir='ltr'>tinem</span> <span class='ocrx_word' id='word_1_726' title='bbox 2167 3063 2241 3087; x_wconf 76' lang='lat' dir='ltr'>nn·</span> 
     </span>
     <span class='ocr_line' id='line_1_103' title="bbox 1292 3104 2244 3159; baseline 0.004 -17"><span class='ocrx_word' id='word_1_727' title='bbox 1292 3104 1470 3147; x_wconf 81' lang='lat' dir='ltr'>uentibus;</span> <span class='ocrx_word' id='word_1_728' title='bbox 1485 3117 1565 3141; x_wconf 85' lang='lat' dir='ltr'>cnm</span> <span class='ocrx_word' id='word_1_729' title='bbox 1580 3113 1696 3141; x_wconf 73' lang='lat' dir='ltr'>autem</span> <span class='ocrx_word' id='word_1_730' title='bbox 1712 3104 1878 3142; x_wconf 74' lang='lat' dir='ltr'>Christus</span> <span class='ocrx_word' id='word_1_731' title='bbox 1891 3104 1925 3143; x_wconf 84' lang='lat' dir='ltr'>in</span> <span class='ocrx_word' id='word_1_732' title='bbox 1942 3105 2052 3144; x_wconf 68' lang='lat' dir='ltr'>sacris</span> <span class='ocrx_word' id='word_1_733' title='bbox 2065 3108 2244 3159; x_wconf 76' lang='lat' dir='ltr'>mysteriis</span> 
     </span>
     <span class='ocr_line' id='line_1_104' title="bbox 1292 3164 2245 3219; baseline 0.003 -16"><span class='ocrx_word' id='word_1_734' title='bbox 1292 3179 1365 3203; x_wconf 84' lang='lat' dir='ltr'>sese</span> <span class='ocrx_word' id='word_1_735' title='bbox 1389 3174 1592 3202; x_wconf 68' lang='lat' dir='ltr'>ostensurus</span> <span class='ocrx_word' id='word_1_736' title='bbox 1613 3174 1685 3209; x_wconf 81' lang='lat' dir='ltr'>est,</span> <span class='ocrx_word' id='word_1_737' title='bbox 1714 3164 1859 3203; x_wconf 70' lang='lat' dir='ltr'>ecelesia</span> <span class='ocrx_word' id='word_1_738' title='bbox 1888 3179 2000 3204; x_wconf 70' lang='lat' dir='ltr'>vacua</span> <span class='ocrx_word' id='word_1_739' title='bbox 2035 3166 2245 3219; x_wconf 71' lang='lat' dir='ltr'>desertaque</span> 
     </span>
     <span class='ocr_line' id='line_1_105' title="bbox 1292 3228 2242 3280; baseline 0.002 -13"><span class='ocrx_word' id='word_1_740' title='bbox 1292 3238 1440 3267; x_wconf 66' lang='lat' dir='ltr'>tuam-at.</span> <span class='ocrx_word' id='word_1_741' title='bbox 1466 3230 1548 3274; x_wconf 83' lang='lat' dir='ltr'>Quo</span> <span class='ocrx_word' id='word_1_742' title='bbox 1574 3237 1676 3280; x_wconf 72' lang='lat' dir='ltr'>parto</span> <span class='ocrx_word' id='word_1_743' title='bbox 1703 3228 1825 3266; x_wconf 64' lang='lat' dir='ltr'>iuba-c</span> <span class='ocrx_word' id='word_1_744' title='bbox 1853 3231 1991 3267; x_wconf 76' lang='lat' dir='ltr'>veniam</span> <span class='ocrx_word' id='word_1_745' title='bbox 2015 3232 2242 3269; x_wconf 56' lang='lat' dir='ltr'>incitantur?</span> 
     </span>
     <span class='ocr_line' id='line_1_106' title="bbox 1290 3293 2243 3350; baseline 0.005 -17"><span class='ocrx_word' id='word_1_746' title='bbox 1290 3293 1372 3333; x_wconf 64' lang='lat' dir='ltr'>&#39;rati</span> <span class='ocrx_word' id='word_1_747' title='bbox 1391 3304 1483 3332; x_wconf 71' lang='lat' dir='ltr'>reru·</span> <span class='ocrx_word' id='word_1_748' title='bbox 1501 3293 1650 3344; x_wconf 76' lang='lat' dir='ltr'>segnitie</span> <span class='ocrx_word' id='word_1_749' title='bbox 1668 3308 1808 3333; x_wconf 77' lang='lat' dir='ltr'>omnem</span> <span class='ocrx_word' id='word_1_750' title='bbox 1827 3295 1936 3334; x_wconf 78' lang='lat' dir='ltr'>studii</span> <span class='ocrx_word' id='word_1_751' title='bbox 1957 3297 1991 3336; x_wconf 89' lang='lat' dir='ltr'>in</span> <span class='ocrx_word' id='word_1_752' title='bbox 2010 3298 2243 3350; x_wconf 70' lang='lat' dir='ltr'>auscultando</span> 
     </span>
     <span class='ocr_line' id='line_1_107' title="bbox 1243 3359 2242 3409; baseline 0.003 -8"><span class='ocrx_word' id='word_1_753' title='bbox 1243 3374 1263 3402; x_wconf 86' lang='lat' dir='ltr'>n</span> <span class='ocrx_word' id='word_1_754' title='bbox 1295 3362 1401 3401; x_wconf 65' lang='lat' dir='ltr'>vestri</span> <span class='ocrx_word' id='word_1_755' title='bbox 1430 3360 1571 3399; x_wconf 73' lang='lat' dir='ltr'>taudem</span> <span class='ocrx_word' id='word_1_756' title='bbox 1596 3359 1770 3399; x_wconf 75' lang='lat' dir='ltr'>minuitis.</span> <span class='ocrx_word' id='word_1_757' title='bbox 1789 3361 1881 3409; x_wconf 81' lang='lat' dir='ltr'>Quis</span> <span class='ocrx_word' id='word_1_758' title='bbox 1896 3362 1988 3402; x_wconf 77' lang='lat' dir='ltr'>enini</span> <span class='ocrx_word' id='word_1_759' title='bbox 2004 3378 2047 3403; x_wconf 73' lang='lat' dir='ltr'>ex</span> <span class='ocrx_word' id='word_1_760' title='bbox 2070 3365 2242 3404; x_wconf 75' lang='lat' dir='ltr'>vobisnon</span> 
     </span>
    </p>
   </div>
  </div>
 </body>
</html>
