2549 3825
607 287 663 316 DE
699 285 1113 317 CONSUBSTANTLffl
1127 306 1140 326 ,

142 370 272 420 δρυμοῦ
286 401 294 417 ‚
315 370 463 421 σκύμνοι
482 369 672 420 ὠρυόμενοι
690 373 748 407 τοῦ
763 369 917 421 ἁρπάσαι
934 370 992 407 καὶ
1012 370 1158 415 ζητῆσαι

141 430 239 483 παρὰ
260 431 344 470 ι’τοῦ
373 433 465 470 Θεοῦ
492 433 622 482 βρῶσιν
642 432 775 472 αὐτοῖς·
795 430 967 468 ἀνέτειλεν
996 433 1014 468 ὃ
1036 430 1132 475 ἥλιος
1147 459 1156 477 ,

142 492 201 529 καὶ
231 491 478 544 συνήχθησαν,
500 490 559 529 καὶ
589 492 637 534 εἷς
661 490 723 533 τὰς
755 490 910 542 μάνδρας
939 492 1052 528 αὐτῶν
1083 505 1159 528 κοι-

140 553 386 599 τασθήσονται.
420 551 565 603 υΩσπερ
592 545 650 588 οῧν
680 553 743 596 τῆς
774 555 911 596 ἀκτῖνος
951 550 1159 603 ἀνισχούσης

142 613 257 652 πάντα
291 613 518 665 φυγαδεύεται
546 612 590 651 τὰ
622 612 744 664 θηρία,
772 614 832 650 καὶ
865 614 950 665 πρὸς
980 612 1056 655 τοὺς
1087 627 1160 663 φω-

142 675 238 719 λεοὺς
267 676 344 720 τοὺς
376 677 506 713 ἑαυτῶν
537 674 774 713 καταδύεται·
808 674 898 712 οὕτω
932 674 973 721 δὴ
1009 677 1072 720 τ’ἧς
1099 675 1160 712 εὖ-

141 738 232 787 χῆς,
263 736 382 788 ὥσπερ
417 736 507 779 τινὸς
540 739 677 778 ἀκτῖνος
706 736 777 774 ἀπὸ
808 739 867 774 τοῦ
899 735 1072 786 στόματος
1101 739 1160 772 τοῦ

141 798 313 847 ἡμετέρου
341 798 398 835 καὶ
426 800 488 842 τῆς
518 796 675 848 γλώττης
698 796 953 848 ἀναφανείσης,
972 794 1159 847 φωτίζεται

142 857 206 906 μὲν
223 861 244 904 ἡ
267 858 419 905 διάνοια,
439 859 556 896 πάντα
572 856 608 896 δὲ
627 857 671 895 τὰ
685 857 797 907 ἄλογα
815 856 876 894 καὶ
891 855 1045 907 θηριώδη
1062 855 1158 899 πάθη

143 919 351 970 δραπετεύει
371 919 429 957 καὶ
456 917 703 970 φυγαδεύεται,
717 918 777 955 καὶ
791 916 897 968 επρὸς
917 916 996 959 τοὺς
1015 915 1159 959 οἰκείους

142 979 355 1017 καταδύεται
387 978 559 1030 φωλεοὺς,
581 978 684 1028 μόνον
718 978 758 1016 ἂν
793 977 882 1028 μετὰ
901 977 1081 1029 ἀκριὸείας
1101 978 1160 1016 εὗ-

141 1041 309 1091 χώμεθα,
331 1040 371 1076 ἂν
407 1041 497 1090 μετὰ
536 1041 652 1091 ψυχῆς
686 1039 956 1091 διεγηγερμένης
995 1039 1056 1077 καὶ
1088 1040 1161 1077 δια-

141 1099 232 1142 νοίας
252 1099 439 1152 νηφούσης.
455 1099 548 1138 Τότε
567 1099 630 1138 κᾶν
659 1099 820 1143 διάὸολος
846 1103 942 1153 παρῇ
970 1100 1159 1153 φυγαδεύε-

141 1177 222 1208 ται,
239 1161 303 1199 κᾶν
324 1161 458 1212 δαίμων
471 1191 482 1209 ,
498 1164 685 1213 ἀναχωρεῖ.
708 1162 753 1199 Εἰ
769 1161 837 1213 γὰρ
854 1161 971 1213 οἰκέτῃ
993 1161 1160 1200 δεσπότου

142 1222 386 1273 διαλεγομένου
400 1252 410 1270 ,
428 1222 538 1266 οὐδεὶς
555 1222 594 1260 ἂν
609 1225 679 1260 τῶν
697 1222 892 1261 συνδούλων
905 1253 914 1270 ,
929 1223 1006 1261 οὔτε
1022 1239 1073 1266 τις
1092 1225 1160 1261 τῶν

141 1283 340 1336 παρρησίαν
362 1283 511 1335 ἐχόντων
541 1285 744 1336 προσελθεῖν
776 1284 963 1333 τολμήσειε
991 1283 1050 1320 καὶ
1069 1284 1162 1321 διεν-

141 1346 310 1396 οχλῆσαι,
330 1346 449 1395 πολλῷ
485 1346 618 1394 μᾶλλον
647 1339 761 1391 οὗτοι,
782 1346 850 1382 τῶν
879 1345 1163 1396 προσκεκρουκό-

141 1422 209 1443 των
241 1405 335 1448 ὄντες
369 1405 430 1443 καὶ
461 1404 783 1457 ἀπαρρησιάστων,
822 1407 883 1443 οὐκ
912 1405 952 1442 ἂν
990 1406 1161 1452 δυνηθεῖεν

142 1471 226 1516 ἡμῖν
259 1468 449 1518 ἐνοχλῆσαι
478 1469 544 1520 τῷ·
574 1467 657 1518 Θεῷ
691 1467 946 1517 διαλεγομένοις
979 1466 1068 1516 μετὰ
1098 1469 1161 1512 τῆς

143 1525 158 1545 ²¹
172 1526 417 1577 προσηκούσης
447 1528 610 1573 σπουδῆς.
634 1526 733 1578 Εὐχὴ
754 1526 1017 1578 χειμαζομένων
1038 1527 1159 1577 λιμὴν,

142 1587 446 1638 κλυδωνιζομένων
487 1588 645 1639 ἄγκυρα,
684 1587 926 1637 σαλευομένων
958 1588 1134 1638 βακτηρία
1147 1618 1159 1637 ,

141 1648 300 1695 πενήτων
339 1647 530 1700 θησαυρὸς,
556 1647 795 1686 πλουτούντων
834 1648 1007 1699 ἀσφάλεια
1023 1679 1032 1695 ,
1059 1664 1160 1694 νοση-

143 1709 262 1758 μάτων
299 1708 475 1761 ἀναίρεσις
494 1738 503 1756 ,
542 1708 671 1760 ὑγιείας
703 1708 855 1759 φυλακή·
895 1707 980 1760 εὐχὴ
1021 1708 1080 1745 καὶ
1119 1708 1164 1745 τὰ

141 1769 255 1820 ἀγαθὰ
272 1772 356 1819 ἡμῖν
387 1769 536 1815 ἀκίνητα
567 1770 740 1818 διατηρεῖ,
765 1768 824 1806 καὶ
854 1768 898 1806 τὰ
929 1769 1023 1807 κακὰ
1057 1784 1163 1819 μετα-

142 1831 265 1869 ὅάλλει
279 1830 432 1882 ταχέως·
451 1830 515 1868 κᾶν
545 1830 739 1881 πειρασμὸς
757 1830 903 1881 ἐπέλθῃ,
927 1830 1054 1882 ῥᾳδίως
1069 1833 1163 1868 ἀπο-

141 1890 322 1943 κρούεται,
343 1891 407 1929 κᾶν
428 1891 539 1941 ζημία
567 1891 784 1942 χρημάτων,
806 1891 870 1928 κᾶν
901 1893 1014 1928 ὁτιοῦν
1046 1891 1162 1944 ἕτερον

140 1955 210 1990 τῶν
224 1952 449 2003 λυπουμένων
465 1955 566 2003 ἡμῶν
582 1952 645 1998 τὴν
665 1951 799 2004 ψυχὴν,
817 1951 956 1989 ἅπαντα
978 1952 1164 1990 ἀπελαύνει

141 2014 297 2066 ταχέως·
325 2015 410 2066 εὐχὴ
437 2013 551 2060 λύπης
581 2014 721 2059 ἁπάσης
751 2013 1044 2064 φυγαδευτῆριον,
1062 2016 1163 2052 εὐθυ-

143 2074 224 2123 μίας
255 2075 435 2122 ὖπόθεσις,
467 2076 644 2122 διηνεκοῦς
673 2075 798 2121 ἡδονῆς
818 2073 983 2125 ἀφορμὴ,
1023 2077 1164 2126 φιλοσο-

143 2135 221 2187 φίας
241 2135 371 2188 μήτηρ.
395 2135 440 2175 Ὁ
462 2135 650 2186 δυνάμενος
670 2135 832 2187 εὔχεσθαι
852 2136 941 2186 μετὰ
958 2135 1138 2187 ἀκριὸείας
1152 2164 1162 2182 ,

143 2197 206 2235 κᾶν
237 2197 400 2235 ἁπάντων
433 2197 637 2247 πενέστερος
654 2191 696 2248 ᾗ,
717 2196 856 2234 πάντων
892 2197 965 2235 ἐστὶ
984 2196 1162 2235 πλουσιώ-

144 2271 256 2310 τερος·
276 2257 396 2309 ὥσπερ
417 2260 436 2295 ὁ
464 2259 527 2303 τῆς
560 2260 664 2309 εὖχῆς
696 2257 803 2295 πάλιν
834 2258 1079 2310 ἐστερημένος,
1101 2258 1163 2296 κᾶν

144 2321 178 2356 ἐν
199 2320 292 2369 αὐτῷ
316 2317 504 2364 καθέζηται
531 2320 582 2368 τῷ
602 2318 712 2369 θρόνῳ
739 2321 789 2370 τῷ
814 2320 1005 2370 βασιλικῷ,
1024 2319 1164 2356 πάντων

146 2379 222 2416 ἐστὶ
241 2378 481 2429 “πενέστερος.
510 2380 591 2430 Οὐχ
623 2382 641 2416 ὃ
670 2378 812 2430 Ἀχαὰὸ
833 2378 996 2429 βασιλεὺς
1026 2373 1087 2426 ἦν,
1107 2381 1165 2417 καὶ

144 2439 286 2491 χρυσίον
315 2434 405 2491 εἶχεν
445 2440 574 2490 ἄφατον
611 2440 670 2477 καὶ
705 2439 887 2492 ἀργύριον;
922 2442 999 2478 ἀλλ’
1044 2442 1164 2487 ἐπειδὴ

145 2499 250 2552 εὐχὴν
266 2501 326 2538 οὐκ
343 2494 415 2552 εἶχε
426 2530 435 2548 ,
448 2500 585 2552 περιῄει
604 2499 729 2538 ‘mim‘
746 2502 878 2547 ζητῶν,
892 2500 1072 2553 ἄνθρωπον
1088 2502 1164 2540 οὐδὲ

145 2560 363 2612 καταγώγιον
384 2561 531 2613 ἔχοντα,
560 2560 634 2599 οὐδὲ
667 2561 806 2612 ἱμάτιον
821 2592 830 2610 ,
848 2564 924 2600 ἀλλ’
946 2562 968 2608 ἢ
998 2563 1163 2612 μηλωτὴν

146 2622 267 2672 μόνην.
289 2623 336 2660 Τί
357 2626 476 2670 τοῦτο,
502 2623 578 2661 εἶπέ
607 2638 684 2673 μοι,
706 2626 724 2661 ὁ
753 2623 925 2666 τοσαύτας
956 2623 1047 2676 ἔχων
1072 2627 1162 2662 ἀπο-

148 2683 258 2731 θήκας
276 2683 335 2722 τὸν
365 2683 460 2722 οὐδὲν
482 2684 607 2736 ἔχοντα
639 2686 769 2732 ζητεῖς;
791 2685 873 2732 Ναὶ,
898 2684 995 2737 φησί.
1031 2685 1077 2723 Τί
1098 2685 1164 2735 γάρ

146 2760 205 2793 μοι
231 2747 300 2782 τῶν
326 2744 480 2796 ταμείων
510 2745 648 2798 ὄφελος,
670 2746 790 2785 τούτου
818 2746 876 2784 τὸν
903 2746 1046 2798 οὐρανὸν
1078 2750 1164 2784 ἀπο-

146 2805 362 2853 κλείσαντος,
382 2806 441 2844 καὶ
467 2806 583 2844 πάντα
604 2807 767 2858 ἄχρηστα
787 2807 1044 2859 ἐργασαμένους
1065 2801 1164 2850 Εἶδες

146 2869 219 2910 πῶς
237 2860 334 2910 οὗτος
361 2867 593 2920 εὐπορώτερος
613 2862 655 2914 ἦν
685 2868 836 2916 ἐκείνου;
856 2869 950 2912 “Et-‚q
978 2869 1045 2922 γὰρ
1067 2863 1163 2911 οὗτος

146 2926 162 2947 ¹³
177 2926 383 2978 ἐφθέγξατο,
404 2930 421 2965 ὁ
439 2928 599 2979 βασιλεὺς
618 2923 659 2975 ἦν
680 2932 715 2968 ἐν
742 2931 843 2982 πενία
864 2933 976 2980 πολλῇ
995 2930 1083 2980 μετὰ
1103 2936 1162 2969 τοῦ

146 2988 378 3040 στρατοπέδου
398 2989 536 3033 παντός.
556 2989 607 3028 Ὢ
628 2994 688 3028 τοῦ
707 2991 904 3041 θαύματος,
929 2991 1004 3030 οὐδὲ
1023 2991 1160 3041 ἱμάτιον

146 3041 218 3100 εἶχε
234 3078 242 3094 ,
267 3048 326 3086 καὶ
354 3049 411 3087 τὸν
433 3050 575 3100 οὐρανὸν
595 3052 794 3090 ἀπέκλεισε.
829 3054 882 3090 Δι’
908 3053 989 3090 αὐτὸ
1010 3051 1073 3102 μὲν
1105 3046 1160 3088 οἶν

145 3112 246 3148 τοῦτο
258 3109 441 3149 ἀπέκλεισε
455 3111 513 3149 τὸν
527 3112 680 3163 οὐρανὸν,
692 3114 811 3160 ἐπειδὴ
827 3114 965 3162 ἱμάτιον
981 3115 1043 3151 οὐκ
1057 3106 1160 3162 εἶχεν·

147 3169 265 3217 ἰπειδὴ
297 3170 394 3210 οὐδὲν
429 3173 575 3210 ἐνταῦθα
610 3173 795 3220 ἐκέκτητο,
822 3175 876 3211 διὰ
909 3176 1010 3212 τοῦτο
1029 3174 1162 3219 πολλὴν

147 3229 209 3276 τὴν
223 3230 366 3282 δύναμιν
389 3231 587 3276 ἐπεδείξατο
599 3247 607 3256 ·
621 3233 756 3278 ἀνοίξας
769 3234 836 3286 γὰρ
853 3234 894 3272 τὰ
912 3235 1012 3285 χείλη
1037 3234 1138 3283 μόνον
1155 3265 1162 3278 ,

195 3351 211 3374 ¹·
236 3349 298 3382 aui
316 3361 356 3394 τῷ
373 3361 448 3395 (aaa.

199 3412 211 3424 ⁸·
235 3400 287 3433 Sic
305 3403 403 3437 Suvil.
417 3411 446 3435 et
461 3404 603 3437 titinium
617 3418 692 3448 pars
707 3407 781 3440 Man.
797 3407 911 3440 Μυῖα-Ι.
928 3420 1003 3440 ier«)
1016 3415 1061 3442 nai
1074 3424 1150 3441 aeznw

153 3468 227 3491 τους.

1175 286 1348 317 CONTRA
1389 285 1625 316 Ammonos
1663 285 1741 316 vn.
2091 270 2148 313 02
2159 287 2181 330 7

1183 375 1206 404 υ
1233 368 1412 406 exoriente
1438 368 1509 406 sole
1534 368 1705 420 propheta
1727 368 1815 423 dicit
1843 367 2053 418 contingere.
2086 367 2183 412 Quid

1232 430 1324 468 illud
1342 430 1421 468 est?
1437 432 1610 468 Posuisti
1625 432 1817 478 tenebras,
1831 430 1993 481 etfacta
2009 438 2064 467 est
2081 444 2157 466 nox
2170 446 2182 469 :

1233 492 1273 529 in
1301 494 1385 538 ipsa
1402 494 1692 543 pertransibunt
1721 504 1848 530 omnes
1874 493 2004 529 bestiae
2029 491 2154 539 sylvoe
2169 508 2183 536 ;

1235 552 1358 589 catuli
1377 553 1532 590 leonum
1549 555 1756 604 rugientes,
1775 561 1816 590 ut
1831 555 2001 603 rapiant,
2017 561 2054 589 et
2073 566 2183 603 quoe-

1233 620 1324 649 rant
1338 626 1364 649 a
1383 613 1466 649 Deo
1483 625 1611 649 escam
1627 614 1712 650 sibi.
1733 614 1848 650 Ortus
1863 621 1920 650 est
1938 613 2010 660 sol,
2032 621 2070 651 et
2090 627 2184 650 con-

1231 676 1383 724 gregati
1397 681 1495 720 sunt,
1511 678 1601 710 etin
1621 673 1811 711 cubilibus
1834 676 1913 711 suis
1934 674 2188 712 collocabun-

1235 741 1308 769 tur.
1335 734 1387 771 Ut
1417 732 1529 783 igitur
1557 732 1667 770 radiis
1706 733 1789 770 solis
1825 733 2066 771 exorientibus
2105 735 2187 772 ferae

1233 806 1354 830 omnes
1372 793 1556 843 fugantur,
1580 793 1665 831 etin
1685 807 1749 830 sua
1769 793 1880 831 lustra
1902 793 2088 832 discedunt
2107 812 2116 833 ι
2139 796 2187 832 ita

1234 852 1405 890 nimirum
1434 852 1495 890 ubi
1517 862 1698 904 tamquam
1728 854 1853 892 radius
1883 854 2030 903 quidam
2053 870 2098 893 ex
2128 870 2188 894 ore

1234 922 1354 950 nostro
1369 913 1565 965 linguaque
1581 914 1693 952 oratio
1708 928 1780 952 sese
1800 914 1979 963 effuderit,
1995 929 2074 953 cum
2092 930 2190 954 mens

1234 973 1469 1020 illuminatur,
1490 984 1567 1012 tum
1593 984 1758 1027 expertes
1778 976 1927 1014 rationis
1955 990 1996 1014 ac
2022 977 2190 1016 helluinae

1234 1035 1518 1087 perturbationes
1537 1036 1726 1086 aufugiunt
1741 1046 1775 1074 et
1794 1037 2005 1089 abiguntur,
2027 1047 2133 1089 atque
2154 1040 2190 1077 in

1235 1110 1317 1133 suos
1344 1110 1469 1147 specus
1496 1097 1708 1144 abscedunt,
1737 1097 1766 1135 si
1794 1098 1901 1136 modo
1929 1098 2133 1150 diligenter,
2161 1103 2192 1138 si

1236 1165 1369 1195 attento
1394 1159 1526 1205 animo,
1556 1158 1584 1196 si
1614 1168 1731 1197 mente
1759 1159 1926 1210 vigilanti
1953 1160 2188 1200 oraverimus.

1237 1219 1333 1256 Tum
1349 1218 1430 1256 licet
1443 1219 1597 1257 adfuerit
1617 1220 1797 1267 diabolus,
1813 1219 1971 1270 abigitur
1987 1236 1995 1256 :
2020 1220 2102 1258 licet
2119 1221 2191 1259 doe-

1238 1292 1336 1327 mon,
1356 1279 1499 1317 recedit.
1524 1281 1614 1317 Nam
1633 1281 1676 1326 si,
1695 1279 1841 1318 domino
1859 1280 2036 1331 colloquia
2055 1292 2192 1320 serente

1237 1354 1319 1377 cum
1338 1354 1452 1387 servo,
1472 1340 1594 1378 nullus
1611 1354 1655 1378 ex
1673 1341 1868 1385 conservis,
1884 1354 1947 1378 nec
1962 1356 2007 1379 ex
2025 1342 2098 1380 illis
2113 1345 2193 1393 qui-

1235 1401 1318 1438 dem
1335 1401 1396 1451 qui
1416 1401 1588 1439 fiduciam
1605 1401 1701 1452 apud
1719 1401 1822 1438 illum
1845 1401 2018 1451 obtinent,
2045 1402 2193 1440 auderet

1236 1461 1415 1510 accedere,
1435 1471 1468 1501 et
1488 1462 1590 1500 illum
1617 1462 1808 1500 obturbare
1834 1478 1840 1497 :
1871 1462 1984 1500 multo
2014 1463 2135 1501 minus
2155 1464 2193 1501 hi

1175 1510 1223 1577 Τ
1235 1539 1280 1563 ex
1299 1538 1422 1562 eorum
1448 1537 1609 1571 numero,
1639 1524 1699 1575 qui
1727 1526 1843 1562 Deum
1869 1524 2105 1573 offenderunt,
2126 1539 2193 1563 ne-

1237 1599 1305 1636 que
1321 1585 1491 1622 fiduciam
1513 1585 1687 1630 obtinent,
1706 1584 1807 1622 nobis
1831 1584 1865 1622 in
1886 1584 2053 1623 divinum
2076 1586 2190 1624 collo-

1236 1645 1362 1696 quium
1383 1645 1549 1683 admissis
1575 1645 1776 1697 obstrepere
1806 1654 1983 1696 poterunt,
2008 1646 2036 1684 si
2063 1660 2190 1684 conve—

1234 1706 1334 1743 niens
1369 1705 1530 1744 studium
1573 1705 1863 1744 adhibuerimus.
1898 1706 2024 1744 Oratio
2066 1717 2192 1759 portus

1234 1776 1443 1818 tempestate
1461 1767 1619 1818 jactatis,
1640 1766 1899 1805 fluctuantibus
1924 1769 2094 1815 anchora,
2120 1769 2191 1806 sci-

1235 1828 1296 1879 pio
1314 1827 1570 1874 titubantibus,
1586 1841 1784 1880 pauperum
1806 1827 2009 1873 thesaurus,
2034 1828 2192 1868 divitum

1235 1889 1418 1936 securitas,
1438 1889 1649 1928 morborum
1665 1889 1817 1937 curatio,
1834 1890 1993 1928 custodia
2017 1891 2192 1930 sanitatis.

1234 1949 1360 1988 Oratio
1387 1950 1495 1988 simul
1519 1960 1553 1988 et
1572 1951 1665 1988 bona
1693 1949 1795 1988 nobis
1824 1950 1970 1988 immota
1992 1963 2192 1998 conservat,

1235 2019 1269 2048 et
1287 2011 1470 2049 confestim
1490 2011 1582 2049 mala
1604 2019 1817 2049 transmutat
1835 2027 1844 2049 .·
1865 2011 1940 2049 sive
1960 2013 2105 2050 tentatio
2132 2015 2189 2051 in-

1238 2072 1382 2119 vaserit,
1419 2072 1521 2110 facile
1559 2072 1790 2124 propulsatur
1816 2088 1824 2108 z
1859 2072 1934 2110 sive
1959 2075 2192 2125 pecuniarum

1192 2145 1212 2174 B
1233 2132 1385 2182 jactura,
1410 2132 1486 2170 sive
1505 2132 1692 2183 quodlibet
1719 2132 1823 2170 aliud
1842 2146 1978 2182 eorum,
2005 2149 2083 2185 quae
2113 2150 2191 2173 mo·

1237 2193 1374 2230 lestiam
1404 2193 1532 2231 animae
1565 2202 1694 2231 nostrae
1726 2194 1896 2241 inurunt,
1927 2206 2054 2234 cuncta
2084 2211 2191 2247 quam

1237 2254 1394 2305 primum
1423 2254 1575 2305 repellit.
1603 2254 1729 2291 Oratio
1759 2255 1919 2292 moeroris
1947 2257 2062 2295 omnis
2093 2259 2186 2295 refu·

1238 2315 1350 2366 gium,
1384 2314 1577 2353 hilaritatis
1605 2326 1874 2366 argumentum,
1903 2320 2040 2356 occasio
2067 2334 2191 2373 perpe-

1238 2384 1307 2412 tuae
1327 2375 1536 2427 voluptatis,
1557 2375 1793 2428 philosophiae
1811 2387 1933 2418 mater.
1951 2380 2020 2426 Qui
2039 2380 2193 2431 diligen·

1238 2445 1290 2473 ter
1309 2445 1420 2487 potest
1438 2450 1552 2485 orare,
1579 2437 1662 2474 licet
1679 2438 1840 2475 omnium
1856 2438 1901 2476 sit
1928 2441 2188 2492 pauperrimus,

1238 2507 1354 2535 tamen
1375 2498 1535 2535 omnium
1555 2506 1606 2534 est
1627 2496 1826 2536 ditissimus
1850 2514 1857 2534 :
1881 2508 1918 2536 ut
1948 2500 2011 2552 qui
2031 2502 2188 2540 oratione

1238 2558 1429 2596 destitutus
1448 2567 1510 2604 est,
1528 2557 1609 2595 licet
1632 2559 1667 2595 in
1689 2558 1765 2610 ipso
1793 2560 1890 2610 regio
1911 2560 2038 2598 throno
2058 2561 2188 2610 sedeat,

1239 2620 1399 2657 omnium
1413 2628 1463 2657 est
1479 2619 1739 2671 pauperrimus.
1753 2621 1876 2658 Nonne
1888 2635 1950 2659 rex
1966 2631 2039 2660 crat
2052 2623 2188 2666 Achab,

1239 2691 1271 2719 et
1291 2681 1363 2719 vim
1386 2681 1464 2718 auri
1484 2680 1692 2731 argentique
1711 2680 1865 2719 habebat
1887 2682 2123 2721 immensam?
2153 2695 2187 2722 at

1239 2742 1407 2793 quoniam
1435 2742 1628 2779 orationem
1654 2755 1722 2779 non
1751 2742 1918 2786 habebat,
1943 2743 2058 2781 Elium
2089 2760 2188 2795 qua·-

1238 2817 1317 2841 rens
1336 2803 1545 2840 circumibat
1564 2832 1572 2848 ,
1597 2802 1775 2840 homiuem
1795 2803 1855 2854 qui
1885 2818 1997 2855 neque
2022 2805 2187 2843 diverso-

1238 2865 1343 2910 rium,
1358 2878 1470 2914 neque
1485 2873 1615 2900 vestem
1634 2863 1799 2906 hahebat,
1818 2865 1876 2902 sed
1894 2865 2042 2903 meloten
2058 2868 2181 2906 solam.

1239 2926 1336 2972 Quid
1364 2926 1428 2962 hoe
1449 2925 1516 2962 sibi
1547 2925 1652 2969 vult,
1674 2925 1821 2975 quaml*
1848 2935 1883 2962 tu
1911 2926 1970 2977 qui
2000 2937 2047 2964 tot
2078 2928 2185 2968 hahm-

1239 2987 1439 3040 apothecas,
1470 3000 1550 3023 eum
1584 2986 1644 3036 qui
1680 2986 1768 3022 nihil
1803 2986 1906 3024 hahet
1945 2990 2074 3039 quwris
2088 2991 2104 3026 ‘2‘
2135 2991 2184 3029 lta

1239 3057 1304 3092 est,
1325 3048 1461 3098 iuquit:
1483 3060 1562 3084 nam
1581 3046 1669 3096 quid
1689 3046 1776 3084 mihi
1794 3047 1933 3085 taudem
1951 3060 2095 3100 prosunt
2113 3052 2186 3088 tm·

1241 3109 1472 3161 promtuaria,
1490 3121 1570 3144 eum
1600 3107 1655 3144 hie
1684 3108 1785 3145 nohis
1802 3109 1926 3146 ext-lum
1955 3110 2132 3156 clauserit,
2153 3124 2185 3152 et

1240 3170 1380 3207 inutilia
1409 3178 1533 3206 cuneta
1566 3167 1790 3205 rutundi-ru?
1815 3169 1936 3215 Vidi-s,
1962 3180 1999 3208 ut
2031 3172 2088 3209 lm·
2123 3175 2185 3211 illu

1241 3232 1343 3270 suerit
1373 3229 1603 3282 opulentior?
1637 3230 1725 3267 Nam
1764 3243 1947 3282 «prorisque
1978 3246 2096 3271 vocem
2129 3235 2185 3272 tm·

1230 3357 1244 3377 Λ
1275 3355 1364 3386 Alina
1388 3367 1585 3395 n..ot=1,1).³¹,0
1604 3361 1699 3393 Yipn'j-

1969 3424 2021 3448 ,ap
2045 3435 2051 3440 .

1514 3463 1694 3496 s;'1⁵,e;«:o.
1712 3456 1813 3487 Mor-rt
1846 3469 2002 3498 numu:

1231 3419 1243 3430 ⁶·
1268 3406 1367 3436 ,ΝιιιιιΙΔ
1394 3414 1425 3436 et
1444 3403 1579 3444 qui-lum
1599 3404 1672 3434 Mu.
1695 3418 1726 3437 m
1749 3414 1880 3449 :sul-05⁴
1898 3412 1944 3438 ni

1232 3461 1246 3482 ὓ
1272 3456 1371 3488 διῑὶίι.
1393 3464 1422 3487 (⁴1
1442 3456 1494 3487 «llll

2079 3408 2110 3449 θ)
2128 3415 2178 3441 ’-Ξ

1912 3512 1973 3550 -tu⁴

2198 438 2274 465 Psal
2316 437 2370 465 103

2196 488 2266 509 20.-
2275 489 2321 508 22.
