2513 3871
326 236 420 300 736

322 334 421 388 quod
452 332 549 372 illius
584 329 767 381 religionis
799 324 980 378 mysteriis
1012 323 1176 361 initiatus
1207 334 1275 360 non

321 395 492 441 fuissem,
515 405 558 430 ac
576 390 650 429 vim
676 385 958 427 circumcisionis
982 385 1199 436 ignorarem,
1223 381 1276 420 id·

321 458 418 496 circo
429 468 484 493 me
493 454 539 491 ab
554 450 719 491 Ecclesia:
731 449 861 488 ritibus
875 448 976 485 illam
992 459 1034 484 ac
1047 444 1278 497 dogmatibus

320 517 500 567 ablegare,
533 515 723 565 Propterea
750 523 877 549 nomen
898 522 1005 547 suum
1023 506 1192 560 apposuit
1204 535 1215 554 ,
1236 519 1276 544 ea

320 589 490 616 revocans
517 574 591 612 illis
619 575 654 612 in
681 572 915 617 memoriam,
945 584 1024 621 quae
1054 568 1144 621 legis
1171 581 1277 606 eausa

320 637 533 691 praestiterat
553 652 560 673 :
580 634 686 687 quasi
702 634 838 673 diceret
856 648 864 669 ε
884 634 962 671 Non
982 630 1065 670 odio
1085 629 1279 669 circumci-

320 699 432 737 sionis
452 696 547 735 istud
571 710 656 748 ago,
673 695 732 734 sed
754 696 788 733 in
806 693 986 745 agnitione
1001 691 1176 730 veritatis.
1200 691 1278 741 Ego

322 759 458 799 Paulus
475 757 543 796 boc
562 757 656 805 dico,
678 755 813 796 Paulus
831 755 906 801 ille,
924 752 1161 793 circumcisus
1179 761 1279 792 octa·

119 833 293 872 Philippa.
325 835 370 860 vo
397 820 476 869 die,
509 828 544 857 et
571 832 697 870 genere
723 817 902 864 israelita,
933 815 1105 853 Hebraeus
1131 827 1175 852 ex
1208 812 1278 850 lle·

122 877 152 906 ⁵'
172 878 203 906 ⁶·
322 882 429 921 braeis
445 909 456 928 ,
488 879 534 918 de
565 881 661 918 tribu
696 877 900 929 Beniamin,
933 875 1131 914 secuudum
1164 873 1276 923 legem

325 943 547 989 Pharisaeus,
567 939 762 979 secundum
785 938 1047 976 :tumulationem
1066 948 1280 988 persequens

120 1021 185 1047 Aa.
203 1016 233 1046 8.
256 1016 287 1046 3.
327 1005 539 1049 Ecclesiam,
554 1002 614 1054 qui
633 999 1030 1055 perdomosintrabam‚
1046 1007 1080 1035 ct
1096 996 1278 1034 tradebam

324 1066 423 1104 viros
447 1079 488 1104 ac
507 1065 691 1109 mulieres,
721 1071 754 1100 et
783 1062 818 1099 in
842 1060 1042 1098 custodiam
1063 1058 1246 1096 trahebam
1266 1071 1276 1094 t

321 1126 457 1177 quibus
471 1125 639 1164 omnibus
653 1124 760 1161 etiam
778 1121 884 1159 valde
895 1120 1052 1172 stupidis
1068 1119 1279 1171 persuadere

323 1200 466 1238 possum
482 1200 539 1224 me
553 1198 622 1223 non
642 1183 726 1221 odio
742 1183 878 1233 aliquo,
900 1182 955 1219 vel
976 1194 1094 1219 rerum
1110 1180 1279 1220 Judaica·

124 1272 304 1303 cat-2153.
322 1260 402 1285 rum
422 1246 645 1298 ignoratione
658 1274 667 1292 ,
687 1243 748 1281 sed
770 1252 916 1295 propter
934 1242 1146 1279 eminentem
1168 1240 1277 1278 scien·

320 1307 407 1345 tiam
426 1308 510 1346 ,lesu
529 1305 663 1344 Christi
680 1304 793 1355 legem
809 1304 901 1341 hanc
919 1302 1055 1340 tulisse.
1082 1301 1274 1353 Teseificor

321 1377 451 1406 autem
471 1379 619 1413 rursus,
640 1365 771 1416 inquit,
789 1366 896 1402 omni
912 1364 1278 1401 homim'circumci-

320 1430 429 1467 denti
450 1442 505 1476 se,
525 1429 711 1480 quoniam
732 1427 883 1464 debitor
901 1433 954 1462 est
975 1426 1166 1462 universae
1184 1424 1280 1473 legis

320 1490 593 1542 adimplemioe.
609 1489 730 1534 Quare
745 1500 815 1525 non
830 1485 939 1534 dixit,
953 1485 1134 1524 Denuntio
1146 1494 1279 1532 autem,

320 1552 392 1598 vel,
402 1550 576 1603 Praecipio
585 1559 715 1597 autem,
724 1557 798 1595 aut,
812 1549 902 1587 Dico
911 1557 1041 1594 autem,
1050 1546 1125 1596 sed,
1135 1547 1167 1585 T
1171 1547 1280 1585 estifi-

321 1613 409 1650 cor?
422 1614 470 1651 Ut
480 1614 546 1650 hoc
555 1612 666 1650 verbo
678 1611 781 1649 nobis
792 1611 953 1649 futurum
963 1609 1146 1661 judicium
1157 1608 1193 1646 in
1207 1622 1280 1647 me-

321 1675 473 1713 moriam
487 1682 669 1712 revocaret
685 1689 692 1710 :
707 1673 768 1710 ubi
782 1673 877 1710 enim
893 1680 996 1710 testes
1009 1679 1106 1716 sunt,
1121 1670 1170 1708 ibi
1180 1671 1281 1722 judi-

320 1736 416 1773 cium
434 1743 468 1774 et
480 1734 664 1773 sententia.
689 1733 898 1772 Auditorem
913 1745 998 1784 ergo
1012 1741 1119 1770 terret
1133 1731 1222 1783 regii
1238 1731 1277 1769 il-

319 1796 392 1834 lius
409 1795 528 1834 throni
549 1795 757 1834 memoriam
779 1794 967 1841 refricans,
985 1802 1019 1831 et
1036 1792 1196 1831 indicans
1215 1791 1280 1829 hos

320 1871 500 1896 sermones
516 1857 571 1895 illi
586 1866 690 1895 testes
704 1856 740 1894 iu
757 1856 818 1894 illa
833 1856 893 1893 die
907 1856 1059 1901 futuros,
1073 1868 1155 1892 cum
1171 1867 1278 1891 unus-

321 1919 476 1970 quisque
486 1931 606 1956 rerum
615 1930 634 1955 a
645 1931 682 1956 se
692 1925 887 1968 gestarum,
900 1925 1071 1954 eteorum
1082 1929 1162 1967 qum
1185 1915 1281 1953 dixit

321 1988 354 2017 et
371 1992 449 2029 quse
463 1979 621 2026 audivit,
640 1979 812 2016 rationem
829 1977 966 2016 reddet.
989 1977 1070 2016 Haec
1087 1977 1280 2016 audiebant

322 2049 399 2077 tum
411 2039 720 2086 Galatoe,audiant
734 2053 818 2078 vero
830 2053 924 2077 nuuc
937 2039 1043 2077 etiam
1055 2039 1118 2090 qui
1135 2039 1280 2076 Galata—

323 2114 405 2139 rum
422 2101 547 2139 morbo
563 2101 738 2148 laborant,
757 2102 819 2139 etsi
839 2115 906 2139 non
923 2101 1076 2148 adsunt;
1098 2110 1280 2138 verumta-

323 2174 403 2200 men
419 2175 483 2214 per
494 2175 557 2200 vos
565 2162 712 2200 audiant
726 2162 874 2200 Paulum
888 2162 1098 2200 clamantem
1111 2175 1153 2199 ac
1163 2161 1280 2200 dicen-

323 2232 411 2270 tem,
432 2225 636 2276 Teseificor
650 2233 783 2262 autem
797 2226 905 2261 omni
918 2225 1064 2262 homini
1081 2226 1280 2262 cIrcumci-

322 2284 432 2322 denti
451 2299 503 2332 se,
529 2287 715 2336 qnoniam
732 2286 885 2323 debitor·
903 2293 959 2322 esc
979 2287 1167 2323 uniuersa?
1187 2285 1281 2337 legis

323 2345 597 2397 adimplendoe.
613 2345 693 2383 b'oli
708 2348 802 2383 enim
817 2345 906 2383 mihi
921 2345 1040 2384 dicei-e
1056 2359 1165 2383 unum
1180 2359 1280 2383 man·

324 2405 449 2444 datum
465 2421 540 2444 esse
552 2407 862 2445 circumcisionem
879 2421 1009 2445 :unum
1027 2407 1120 2445 illud
1136 2410 1281 2445 manda-

152 2497 316 2525 Cneumei-
326 2475 521 2506 tumtotum
533 2467 732 2519 tibijugum
743 2467 1002 2519 legisimponit.
1013 2469 1105 2506 Cum
1113 2468 1206 2506 enim
1221 2481 1282 2520 per

125 2540 168 2583 ,⁸⁵⁰
219 2545 310 2583 '''¹¹¹¹.¹'
328 2542 433 2566 uuam
451 2537 586 2581 partem
600 2529 668 2567 sub
685 2529 857 2567 ditionem
871 2528 958 2579 legis
972 2528 1202 2581 tesubjugas‚
1221 2542 1281 2566 ne·

122 2580 313 2657 {2⁸¹3wa
325 2604 419 2630 cesse
435 2600 486 2628 est
499 2599 537 2628 ut
554 2591 589 2628 in
606 2590 778 2641 relinquis
795 2590 984 2643 imperanti
1003 2603 1135 2628 morem
1150 2604 1250 2641 geras
1267 2606 1277 2627 .-

326 2651 420 2701 quod
440 2652 469 2690 si
500 2665 567 2690 non
587 2651 807 2704 adimpleas,
838 2651 942 2702 plane
962 2651 1198 2689 necessarium
1231 2660 1282 2689 cst

327 2722 366 2750 ut
382 2712 541 2765 puniaris
551 2712 823 2751 etmaledictum
841 2712 905 2749 tibi
916 2726 1086 2751 accersas.
1105 2711 1149 2750 Et
1161 2726 1284 2763 quem-

327 2773 522 2811 admodum
564 2787 646 2811 cum
680 2773 716 2810 in
750 2773 923 2824 laqueum
968 2787 1087 2826 passer
1120 2773 1248 2811 incidit
1267 2803 1278 2820 ,

330 2835 494 2884 quiamvis
516 2835 592 2872 solo
620 2833 711 2887 pede
741 2844 923 2881 teneatur,
959 2843 1071 2873 totum
1102 2835 1281 2886 reliquum

329 2908 457 2946 corpus
469 2896 701 2947 interceptum
714 2904 766 2933 est
781 2910 789 2931 z
805 2895 852 2933 ita
868 2895 931 2946 qui
947 2909 1056 2934 unum
1074 2897 1282 2934 mandatum

330 2955 419 3005 legis
434 2956 571 3008 implet,
588 2957 664 2994 sive
676 2957 983 2995 circumcisionem
1000 2957 1076 2995 sive
1087 2958 1281 3010 jejunium,

331 3025 438 3054 totam
459 3031 557 3054 suain
579 3026 785 3069 potestatem
807 3032 870 3070 per
895 3019 962 3057 hoc
980 3032 1091 3057 unum
1112 3020 1146 3057 in
1167 3019 1280 3069 legem

333 3079 538 3123 transtulit,
574 3092 686 3128 neque
713 3080 832 3127 suge-re
851 3080 1006 3132 poterit,
1033 3079 1206 3131 quamdiu
1228 3080 1280 3119 illi

124 2245 208 2275 und.

334 3139 455 3175 saltem
479 3152 521 3176 cx
543 3148 641 3190 parte
666 3139 819 3177 volucrit
837 3140 997 3180 obedire.
1029 3141 1111 3179 lime
1137 3155 1156 3179 a
1178 3141 1280 3179 nuliis
1295 3142 1342 3167 ⁶⁰³

333 3193 501 3232 dicuntur
514 3225 522 3241 ,
547 3209 614 3232 non
636 3204 674 3233 ut
693 3196 805 3244 legem
825 3212 1030 3238 accusemus
1043 3229 1054 3248 ,
1079 3201 1195 3247 absit,
1218 3201 1279 3240 sed

333 3255 428 3303 quod
447 3256 665 3293 abundantes
691 3259 814 3305 gratim
839 3261 971 3299 Christi
993 3262 1145 3301 divitias
1162 3273 1281 3302 osten·

335 3313 419 3351 dere
442 3316 602 3352 velimus.
626 3318 701 3353 Non
733 3319 827 3357 cuim
856 3322 999 3360 Christo
1024 3325 1201 3363 contraria
1222 3325 1281 3363 lex

338 3383 388 3412 est
410 3377 494 3425 :qui
511 3378 604 3414 enim
627 3386 729 3422 esset,
753 3393 834 3417 cum
851 3381 899 3419 ab
919 3383 995 3434 ipso
1014 3385 1059 3422 sit
1082 3384 1180 3430 daia,
1202 3400 1285 3424 eum

337 3435 380 3474 acl
404 3437 518 3489 ipsum
540 3439 638 3487 ‹pi-ui
665 3441 879 3490 paidagogus
899 3457 961 3480 nos
987 3443 1096 3484 ducat
1111 3447 1129 3484 ἶ)
1159 3447 1219 3486 sed
1238 3449 1286 3487 ob

729 246 768 275 S.
806 241 993 275 solimus
1027 237 1272 271 CRRYSOST·
1313 237 1523 270 ARCfflRP·
1562 239 1922 273 coNs‘ran'nsot’.

1356 321 1434 366 σίας
1469 323 1655 376 δογμάτων
1685 325 1808 372 αὐτ-ἡν.
1831 324 1900 364 Διὰ
1934 326 2036 362 τοῦτο
2065 322 2106 360 τὸ
2136 323 2248 373 ὄνομα
2278 325 2385 364 αὐτοῦ

1352 383 1528 432 τέθεικεν,
1548 385 1596 428 εἰς
1617 385 1760 436 μνήμην
1781 386 1877 437 ἄγων
1897 383 2023 427 αὐτοὺς
2035 378 2084 422 ὧν
2103 383 2270 431 ἐποίησεν
2295 385 2384 437 ὑπὲρ

1352 448 1414 483 τοῦ
1456 445 1585 496 νόμου·
1627 447 1813 499 μονονουχὶ
1846 445 1978 498 λέγων·
2011 446 2074 484 οὐκ
2111 445 2282 498 ἀπεχθείᾳ
2319 447 2385 492 τῆς

1352 509 1547 557 περιτομῆς
1565 510 1668 546 τοῦτο
1686 511 1778 546 ποιῶ
1795 537 1804 551 ,
1826 508 1903 546 ἀλλ’
1926 508 1962 545 ἐν
1982 506 2169 558 ἐπιγνώσει
2201 508 2265 552 τῆς
2293 507 2384 554 ἀλη-

1353 567 1460 612 θείας.
1480 567 1579 619 Ἐγὼ
1599 569 1740 611 Παῦλος
1765 572 1868 607 τοῦτο
1898 568 1992 619 λε’γω
2006 595 2017 614 ,
2042 569 2182 612 Παῦλος
2219 568 2348 612 ἐκεῖνος
2364 570 2384 606 ὁ

1352 630 1388 666 ἐν
1421 632 1596 681 περιτομῇ
1627 629 1866 682 ὀκταήμερος,
1894 632 1912 668 ὁ
1933 631 1972 667 ἐκ
2003 629 2124 680 γένους
2143 627 2382 681 Ἰσραηλίτης,

1352 688 1517 741 Ἐὅραὶος
1539 689 1575 734 ἐξ
1594 688 1796 742 ‘Repetam
1816 692 1856 729 ἐκ
1876 691 1985 741 φυλῆς
2009 689 2191 740 Βενιαμὶν,
2212 688 2304 728 κατὰ
2322 689 2381 729 νό-

1354 766 1419 800 μον
1439 752 1649 802 (Ι)αρισαὶος,
1666 751 1758 790 κατὰ
1778 751 1881 797 ζῆλον
1902 751 2039 789 διώκων
2058 751 2123 797 τὴν
2139 750 2358 797 Ἐκκλησίαν
2370 781 2381 798 ,

1352 815 1371 851 ὁ
1390 814 1675 866 εἰσπορευόμενος
1709 815 1757 857 εἰς
1789 813 1853 857 τὰς
1883 813 1995 857 οἰκίας
2028 813 2089 851 καὶ
2108 812 2222 864 σύρων
2253 813 2383 864 ἄνδρας

1353 875 1414 913 καὶ
1448 880 1639 926 γυναῖκας,
1661 875 1722 914 καὶ
1756 873 1969 926 παραδιδοὺς
2002 875 2052 917 εἷς
2082 873 2261 926 φυλακήν·
2291 874 2383 926 ἅπερ

1317 947 1326 955 “
1353 936 1492 974 ἅπαντα
1523 937 1583 974 καὶ
1618 936 1698 979 τοὺς
1734 936 1868 987 σφόδρα
1899 935 2118 981 ἀναισθήτως
2144 934 2384 984 διακειμέναις

1353 1003 1474 1035 πεῖσαι
1488 998 1620 1044 δύναιτ’
1634 997 1687 1044 ἂν,
1702 999 1749 1040 ὡς
1768 1000 1831 1035 οὐκ
1849 997 1958 1049 ἔχθρα
1972 998 2053 1039 τινἰ,
2070 997 2149 1035 οὐδὲ
2170 995 2293 1049 άγνοία
2312 999 2383 1034 τῶν

1355 1057 1557 1097 Ἰουδαϊκῶν
1574 1088 1582 1102 ,
1602 1060 1679 1097 ἀλλ’
1699 1059 1885 1110 ἐπιγνώσει
1905 1062 1968 1104 τῆς
1987 1058 2151 1104 ἀληθείας
2183 1061 2246 1104 τῆς
2275 1060 2382 1108 ὓπερ·

1354 1120 1502 1171 εχούο-ι,ς
1514 1124 1572 1158 τοῦ
1592 1121 1762 1172 Χριστοῦ,
1775 1123 1895 1158 τοῦτον
1915 1120 2054 1157 τέθεικα
2071 1120 2129 1158 τὸν
2141 1119 2260 1169 νόμον.
2277 1121 2383 1170 Μαρ-

1354 1182 1506 1232 τύρομαι
1529 1181 1564 1219 δὲ
1583 1183 1706 1227 πάλιν,
1727 1181 1832 1231 φησὶ,
1847 1181 1953 1218 παντὶ
1973 1181 2147 1232 ἀνθρώπῳ
2168 1194 2381 1232 περιτεμνο-

1355 1241 1450 1292 μένῳ
1468 1241 1522 1279 ὅτι
1545 1241 1728 1292 ὀφειλέτης
1754 1241 1848 1278 ἐστὶν
1868 1240 1948 1278 ὅλον
1978 1241 2037 1278 τὸν
2056 1241 2162 1290 νόμον
2180 1242 2382 1293 πληρῶσαι.

1355 1301 1424 1339 Διὰ
1445 1301 1477 1339 τί
1495 1303 1556 1339 οὐκ
1590 1296 1687 1339 εἶπε·
1708 1300 1946 1352 παραγγέλλω
1968 1300 2022 1347 δὲ,
2041 1300 2063 1347 ἢ
2090 1301 2298 1351 ἐντέλλομαι
2317 1301 2354 1339 δὲ
2369 1331 2379 1349 ,

1356 1362 1376 1408 ἢ
1397 1362 1489 1413 λέγω
1505 1363 1563 1410 δὲ,
1581 1363 1673 1401 ἀλλὰ
1693 1364 1953 1416 Μαρτύρομαι;
1970 1362 2049 1402 Ἵνα
2072 1363 2130 1402 διὰ
2144 1366 2205 1401 τοῦ
2226 1364 2383 1416 ῥήματος

1354 1423 1477 1462 τούτου
1502 1426 1563 1462 τοῦ
1593 1424 1822 1476 δικαστηρίου
1851 1429 1912 1463 τοῦ
1941 1425 2127 1475 μέλλοντος
2160 1425 2256 1475 ἡμᾶς
2290 1427 2382 1464 ἀνα·

1355 1484 1494 1537 μνήσῃ·
1526 1486 1613 1524 ὅπου
1645 1485 1714 1537 γὰρ
1746 1487 1937 1538 μάρτυρες,
1961 1488 2033 1525 ἐκεῖ
2062 1485 2291 1538 δικαστήριον
2321 1487 2383 1524 καὶ

1353 1548 1483 1599 ψῆφος.
1504 1547 1619 1586 Φοὸεῖ
1650 1547 1763 1586 τοίνυν
1791 1548 1850 1586 τὸν
1881 1547 2082 1600 ἀκροατὴν,
2103 1547 2383 1598 ἀναμιμνήσκων

1354 1612 1414 1647 τοῦ
1435 1610 1619 1659 βασιλικοῦ
1637 1609 1778 1662 θρόνου,
1798 1609 1859 1647 καὶ
1879 1608 2012 1653 δεικνὺς
2034 1609 2089 1648 ὅτι
2115 1603 2210 1648 οὗτοι
2235 1610 2267 1648 οἱ
2285 1609 2383 1661 λόγοι

1356 1669 1530 1722 μάρτυρες
1557 1670 1695 1708 ἔσονται
1730 1671 1824 1722 αὐτῷ
1852 1670 1945 1708 κατὰ
1979 1670 2041 1716 τὴν
2074 1670 2210 1723 ἡμέραν
2231 1671 2381 1718 ἐκείνην,

1353 1731 1437 1770 ὅταν
1457 1732 1603 1775 ἕκαστος
1623 1734 1691 1769 τῶν
1714 1734 1827 1784 ἑαυτῷ
1846 1733 2105 1783 πεπραγμένων
2120 1759 2130 1778 ,
2157 1731 2218 1769 καὶ
2237 1725 2286 1770 ὧν
2305 1726 2382 1770 εἶπε

1354 1791 1415 1829 καὶ
1445 1785 1494 1830 ὧν
1526 1792 1697 1839 ἤκουσεν,
1715 1793 1830 1844 ὑπέχῃ
1862 1793 1976 1843 λόγον.
2002 1794 2129 1831 Ταῦτα
2160 1793 2287 1839 ἤκουον
2318 1793 2383 1843 μὲν

1353 1853 1432 1891 τότε
1462 1854 1637 1900 Γαλάται,
1664 1854 1887 1892 ἀκουέτωσαν
1910 1853 1947 1891 δὲ
1974 1854 2035 1891 καὶ
2061 1858 2120 1892 νῦν
2140 1856 2172 1892 οἱ
2191 1853 2234 1892 τὰ
2257 1855 2380 1893 Γαλα-

1353 1915 1424 1951 τῶν
1455 1920 1652 1962 νοσοῦντες,
1670 1917 1699 1954 εἰ
1727 1915 1788 1954 καὶ
1816 1915 1866 1965 μὴ
1897 1915 2077 1967 πάρεισιν·
2107 1915 2199 1954 ἀλλὰ
2217 1916 2263 1954 δι’
2284 1918 2385 1967 ὑμῶν

1355 1974 1578 2014 ἀκουέτωσαν
1600 1978 1748 2027 βοὶἶιντος
1778 1977 1920 2015 Παύλου
1941 1977 2001 2015 καὶ
2023 1976 2201 2028 λέγοντος·
2231 1976 2384 2029 Μαρτύ·

1356 2051 1459 2088 ρομαι
1481 2039 1517 2075 δὲ
1542 2038 1649 2076 παντὶ
1668 2037 1842 2090 ἀνθρώπῳ
1870 2037 2159 2090 περιτεμνομένῳ
2174 2065 2185 2083 ,
2202 2036 2258 2076 ὅτι
2286 2039 2383 2091 ὄφει·

1354 2097 1458 2144 λε’της
1486 2099 1580 2137 ἐστὶν
1610 2100 1690 2138 ὅλον
1723 2100 1782 2138 τὸν
1809 2099 1916 2149 νόμον
1938 2101 2140 2151 πληρῶσαι.
2156 2098 2217 2146 Μὴ
2236 2099 2303 2152 γάρ
2323 2115 2383 2150 μοι

1355 2159 1456 2211 εἴπῃς
1482 2159 1535 2198 ὅτι
1566 2160 1631 2211 μία
1651 2160 1773 2206 ἐντολή
1804 2162 1899 2198 ἐστιν
1915 2163 1938 2206 ἡ
1957 2162 2151 2212 περιτομή·
2179 2164 2202 2207 ἡ
2227 2160 2295 2211 μία
2326 2162 2384 2199 ἐν·

1353 2221 1440 2267 τολὴ
1468 2222 1585 2268 ἐκείνη
1614 2223 1807 2273 ὁλόκληρον
1837 2221 2017 2269 ἐπιτίθησί
2043 2237 2098 2260 σοι
2117 2227 2177 2262 τοῦ
2201 2223 2308 2274 νόμου
2323 2223 2382 2260 τὸν

1355 2282 1469 2334 ζυγόν.
1483 2282 1601 2322 “Οταν
1621 2283 1690 2337 γὰρ
1710 2284 1767 2322 διὰ
1791 2288 1852 2322 τοῦ
1873 2283 1999 2336 μέρους
2018 2285 2162 2336 εἰσάγῃς
2180 2284 2308 2323 σαυτὸν
2335 2285 2384 2326 εἰς

1354 2345 1419 2392 τὴν
1451 2349 1512 2384 τοῦ
1543 2346 1650 2396 νόμου
1682 2344 1909 2392 δεσποτείαν,
1934 2345 2073 2396 ἀνάγκη
2110 2345 2170 2383 καὶ
2200 2345 2246 2384 τὰ
2275 2345 2383 2384 λοιπὰ

1355 2407 1539 2445 πείθεσθαι
1570 2408 1806 2447 ἐπιτάττοντι·
1842 2406 1891 2457 μὴ
1932 2408 2136 2459 πληροῦντα
2169 2406 2206 2446 δε
2244 2407 2383 2459 ἀνάγκη

1355 2475 1454 2508 πᾶσα
1472 2469 1680 2513 κολάζεσθαι
1702 2469 1763 2508 καὶ
1777 2468 1841 2515 τὴν
1859 2468 1947 2522 ἀρὰν
1975 2469 2101 2508 ἕλκειν.
2124 2469 2195 2508 Καὶ
2223 2468 2383 2521 καθάπερ

1357 2532 1404 2573 εἰς
1431 2531 1565 2582 παγίδα
1593 2531 1807 2581 ἐμπεσόντος
1835 2533 2003 2584 στρουθοῦ
2017 2560 2027 2578 ,
2055 2530 2120 2568 κᾶν
2137 2533 2156 2568 ὗ
2171 2534 2256 2574 ποῦς
2277 2531 2382 2569 κατί-

1356 2607 1464 2644 χηται
1482 2592 1602 2642 μόνον,
1624 2593 1684 2630 καὶ
1705 2592 1745 2630 τὸ
1769 2592 1890 2631 λοιπὸν
1916 2592 2011 2630 ἅπαν
2032 2593 2127 2631 ἑάλω
2147 2594 2272 2641 σῶμα·
2290 2590 2383 2630 οὕτω

1356 2653 1416 2691 καὶ
1432 2656 1450 2691 ὁ
1465 2653 1547 2703 μίαν
1565 2653 1707 2699 ἐντολὴν
1721 2658 1782 2692 τοῦ
1794 2653 1901 2703 νόμου
1917 2653 1988 2698 πλη
1995 2653 2078 2703 ρῶν,
2095 2652 2158 2689 κᾶν
2172 2652 2382 2704 περιτομὴν,

1356 2713 1421 2752 κᾶν
1439 2714 1622 2761 νηστείαν,
1643 2715 1782 2752 ἅπασαν
1816 2716 1941 2752 ἑαυτοῦ
1959 2713 2024 2759 τὴν
2056 2713 2213 2757 ἐξουσίαν
2233 2712 2290 2751 διὰ
2319 2716 2382 2760 τῆς

1357 2781 1440 2825 μιᾶς
1465 2775 1595 2821 ταύτης
1612 2778 1662 2828 τῷ
1686 2777 1784 2827 νόμῳ
1807 2775 1991 2827 παρέδωκε
2006 2804 2015 2820 ,
2032 2774 2092 2813 καὶ
2122 2775 2162 2813 οὗ
2195 2774 2382 2821 δυνήσεται

1356 2838 1548 2889 διαφυγεῖν,
1565 2837 1629 2879 ἕως
1649 2836 1690 2873 ἂν
1711 2838 1806 2888 αὐτῷ
1823 2836 1888 2874 κᾶν
1908 2837 1947 2874 ἐκ
1964 2836 2088 2887 μέρους
2100 2836 2282 2874 πείθεσθαι
2301 2835 2381 2887 βού·

1354 2897 1475 2945 ληται.
1493 2899 1617 2937 Ταῦτα
1639 2898 1678 2935 οὗ
1700 2901 1974 2947 κατηγοροῦντες
1997 2900 2057 2934 τοῦ
2083 2896 2190 2947 νόμου
2212 2895 2382 2948 λίγομεν,

1357 2959 1407 3009 μὴ
1428 2959 1582 3010 γένοιτο,
1599 2958 1690 2997 ἀλλὰ
1711 2959 1770 2996 τὸν
1789 2959 2055 3009 ὓπερῦάλλοντα
2074 2959 2223 2997 πλοῦτον
2241 2960 2305 3005 τῆς
2321 2962 2383 2998 τοῦ

1358 3023 1510 3073 Χριστοῦ
1528 3021 1672 3074 χάριτος
1691 3019 1798 3063 δεῖξαι
1828 3021 2047 3070 βουλόμενοι.
2064 3021 2120 3058 Οὐ
2142 3019 2210 3070 γάρ
2245 3021 2341 3058 ἐστιν
2362 3021 2382 3057 ὁ

1355 3084 1459 3134 νόμος
1495 3082 1648 3125 ε’ναντίος
1682 3085 1733 3135 τῷ
1764 3082 1926 3133 Χριστῷ·
1948 3085 2022 3124 πῶς
2051 3082 2119 3133 γὰρ
2147 3084 2167 3120 ὁ
2194 3083 2254 3120 ὑπ’
2275 3082 2382 3121 αὐτοῦ

1357 3146 1483 3191 δοθεὶς,
1503 3147 1522 3183 ὁ
1541 3144 1626 3196 πρὸς
1650 3144 1753 3182 αὐτὸν
1781 3147 1876 3193 ἡμᾶς
1908 3145 2172 3193 παιδαγωγῶν;
2201 3142 2292 3182 ἀλλὰ
2322 3142 2380 3182 διὰ

1355 3206 1418 3253 τὴν
1437 3206 1581 3257 ἄκαιρον
1601 3204 1815 3257 φιλονεικίιν
1837 3205 1905 3241 τῶν
1926 3205 1989 3241 οὐκ
2010 3205 2058 3246 εἰς
2080 3202 2156 3241 δίον
2176 3204 2272 3256 αὐτῷ
2289 3218 2383 3256 χρω-

1356 3267 1469 3318 μένων
1493 3265 1608 3304 πάντα
1635 3268 1746 3303 ταῦτα
1782 3265 1893 3314 λε’γειν
1928 3264 2209 3315 ἀναγκαζόμεθα.
2228 3263 2380 3304 Ἐκεῖνοι

1355 3326 1424 3378 γάρ
1443 3327 1531 3364 εἰσιν
1545 3328 1576 3364 οἱ
1595 3326 1654 3364 τὸν
1673 3326 1777 3376 νόμον
1796 3324 2005 3377 θερίζοντες,
2019 3325 2050 3362 οἱ
2071 3324 2268 3366 κελεύοντες
2287 3325 2380 3363 ἀπο·

1358 3390 1484 3432 στῆναι
1507 3385 1668 3430 καθάπαξ
1691 3387 1817 3433 αὐτοῦ,
1833 3385 1894 3423 καὶ
1915 3388 1964 3438 τῷ
1987 3386 2131 3437 Χριστῷ
2156 3385 2381 3438 προσελθεῖν,

1359 3449 1418 3487 καὶ
1440 3448 1668 3499 ἀντεχόμενοι
1690 3448 1795 3485 πάλιν
1818 3448 1934 3485 αὐτοῦ.
1954 3446 2054 3486 'Emi
2074 3447 2126 3485 ὅτι
2146 3446 2296 3497 μέγιστα
2314 3444 2379 3494 τὴν
