2513 3871
123 2012 190 2039 Jnc.
217 2009 245 2037 5-
265 2009 312 2045 1⁴.

322 265 413 322 470

321 357 561 412 principatum
577 353 623 392 ad
643 367 679 391 se
703 365 772 391 non
788 358 1006 404 spectantem
1022 347 1092 387 sibi
1111 344 1272 385 vindiea-

321 427 412 466 rent,
423 426 576 454 attamen
591 411 924 464 miramquamdam
935 410 981 449 de
991 409 1056 448 illo
1069 406 1275 461 opinionem

322 477 514 522 habebant,
531 484 570 514 ut
585 488 631 513 ex
644 487 775 526 magno
794 472 892 511 illius
904 469 1081 509 desiderio
1092 468 1209 522 palam
1224 467 1275 506 sa·

321 539 459 577 ciebant
473 536 529 575 :hi
540 549 637 583 vei-0,
647 543 835 588 postquam
847 531 1083 571 sacerdotium
1095 537 1279 582 tantopere

321 609 487 638 ornatum
505 606 577 645 est,
603 605 812 646 tantumque
838 593 973 646 accepit
995 591 1249 630 incrementum
1265 618 1276 637 ‚

320 668 442 698 contra
461 671 570 710 quam
589 657 668 704 illi,
683 655 746 694 scd
763 663 879 693 tamen
895 654 1000 705 longe
1019 651 1184 704 graviora
1199 649 1278 688 ausi

321 729 414 759 sunt.
441 722 565 771 Neque
587 718 682 757 enim
710 731 776 769 par
794 724 845 755 est
864 722 1074 760 contemtus,
1086 724 1158 751 non
1177 724 1280 750 com-

324 790 498 834 petentem
512 780 581 818 sibi
597 779 768 818 bonorem
783 776 933 824 ambire,
946 784 979 814 et
993 782 1089 813 tanta
1107 773 1197 812 bona
1216 772 1279 811 de·

324 843 482 896 spicerc3
499 840 560 880 sed
578 848 674 878 tanto
693 839 839 889 gravius
857 837 926 876 hoc
942 836 1005 875 illo
1024 844 1091 884 est,
1103 844 1279 886 quantum

323 913 374 942 est
388 903 479 942 inter
498 901 682 940 fastidium
696 910 729 938 et
742 899 1013 938 admirationem
1030 896 1276 935 intervallum.

324 966 416 1013 Quis
436 964 483 1001 ita
503 963 609 1001 miser
626 961 748 1007 suet-it,
763 969 800 997 ut
819 968 871 998 tot
890 959 982 997 bona
999 956 1198 1009 despiciat?
1211 957 1278 994 Ne-

325 1025 455 1063 minem
472 1021 719 1070 dixerim,nisi
734 1020 815 1072 quis
829 1019 1007 1058 diabolico
1026 1018 1172 1056 stimulo
1191 1031 1279 1055 con-

323 1085 466 1124 citetur.
490 1086 626 1123 verum
648 1097 688 1121 eo
712 1083 787 1134 jam
807 1080 931 1119 redibo
948 1109 958 1127 ,
978 1078 1072 1117 unde
1096 1078 1280 1129 digressus

323 1160 404 1184 sum
427 1161 435 1182 z
453 1159 565 1196 neque
583 1145 677 1182 enim
692 1144 727 1181 in
745 1140 927 1195 puniendo
946 1140 1079 1187 solum,
1096 1139 1156 1177 sed
1172 1139 1279 1177 etiam

323 1207 359 1245 in
397 1204 648 1244 benefaciendo
680 1207 851 1254 majorem
887 1199 1134 1238 sacerdotibus
1171 1213 1280 1250 quam

321 1266 530 1319 parentibus
549 1273 756 1317 potestatem
775 1261 876 1300 dedit
893 1262 991 1298 Deus
1009 1274 1018 1297 z
1039 1269 1207 1310 tantaque
1228 1267 1279 1297 est

322 1328 414 1365 inter
433 1336 604 1376 utrosque
621 1322 835 1367 differentia,
854 1329 986 1372 quanta
1008 1320 1099 1358 inter
1118 1333 1273 1372 praesen-

322 1398 392 1426 tem
409 1395 441 1425 et
460 1387 617 1424 futuram
633 1384 760 1422 vitam.
784 1382 877 1420 Nam
896 1381 950 1419 illi
969 1379 1116 1432 quidem
1137 1380 1172 1418 in
1188 1379 1280 1418 hanc

323 1448 501 1495 vitam‚lii
524 1449 558 1485 in
581 1447 739 1484 suturam
754 1445 927 1496 gignunt:
943 1451 1047 1494 atquc
1062 1441 1114 1480 illi
1135 1455 1181 1480 ne
1201 1455 1279 1479 cor·

324 1510 482 1563 poralem
500 1507 647 1560 quidem
665 1505 879 1544 interituma
893 1503 1016 1541 liberis
1034 1502 1176 1541 amoliri
1195 1516 1279 1555 pos-

324 1580 418 1619 sunt,
433 1584 502 1608 non
519 1570 740 1621 ingruentem
751 1565 919 1604 morbum
930 1563 1108 1617 depellere
1118 1579 1128 1613 ;
1139 1563 1177 1601 bi
1194 1577 1280 1601 vero

324 1646 456 1685 aegram
474 1640 508 1669 et
527 1644 612 1668 mox
631 1629 855 1667 interituram
875 1625 1029 1664 animam
1051 1639 1143 1677 saepe
1158 1638 1281 1663 serva-

325 1702 407 1732 runt
425 1723 436 1742 ‚
456 1692 536 1730 aliis
554 1689 789 1729 remissiorem
806 1701 947 1740 poenam
964 1686 1172 1732 reddentes,
1191 1685 1281 1723 alios

325 1768 471 1807 prorsus
491 1753 562 1792 labi
590 1765 658 1790 non
683 1750 860 1797 sinentes;
881 1747 988 1799 idque
1011 1761 1081 1785 non
1109 1746 1281 1786 doctrinae

326 1825 463 1853 tantum
481 1824 586 1865 atque
606 1811 858 1856 monitionum,
872 1808 933 1846 sed
949 1808 1057 1846 etiam
1078 1807 1281 1846 orationum

327 1876 477 1915 auxilio.
490 1876 614 1925 Neque
627 1874 721 1911 enim
732 1880 870 1909 tantum
884 1884 964 1907 cum
979 1883 1042 1907 nos
1055 1879 1279 1920 regenerant,

328 1936 388 1974 sed
407 1936 514 1974 etiam
532 1943 610 1988 post
634 1931 933 1984 regenerationem
963 1929 1118 1968 admissa
1141 1939 1284 1983 peccata

329 1998 528 2037 condonare
557 2004 714 2049 possunt.
744 1995 834 2031 Nam
868 1994 1095 2042 infirmatur
1108 2022 1118 2040 ‚
1141 1992 1257 2043 inquit
1273 2023 1282 2038 ,

332 2062 414 2114 quis
435 2061 478 2096 in
493 2058 606 2096 vobis
623 2062 639 2094 Ρ
651 2056 808 2093 advocet
820 2056 1064 2106 presbyteros
1080 2054 1283 2099 Ecclesioe‚

333 2130 370 2159 et
390 2128 498 2158 orent
515 2131 631 2169 super·
643 2130 687 2154 eo
706 2146 716 2163 ‚
734 2124 921 2166 ungentes
947 2127 1032 2152 eum
1064 2114 1148 2152 oleo
1162 2116 1206 2151 in
1222 2128 1288 2152 no-

333 2184 434 2219 mine
447 2181 621 2219 Domini.
639 2178 692 2215 Et
707 2178 834 2213 oratio
844 2175 946 2227 fidei
972 2175 1141 2212 salvabit
1169 2175 1286 2227 infir-

1306 1768 1330 1799 Ε

1303 2223 1350 2250 5³5

723 271 761 300 5.
801 268 987 299 JOANMS
1020 263 1263 296 CHRYSOST.
1303 261 1516 292 Attentsst‘-
1551 260 1909 291 cONSTANTtNOP.

1345 338 1442 395 εἶχον
1479 341 1600 390 δόξαν,
1632 342 1693 381 καὶ
1724 346 1825 381 τοῦτο
1855 344 1906 395 τῷ
1929 340 2017 392 μετὰ
2049 341 2183 386 πολλῆς
2214 339 2369 392 ἐφίεσθαι

1347 405 1501 452 σπουδῆς
1519 403 1670 449 ἔδειξαν·
1700 397 1794 442 οὗτοι
1814 402 1936 450 &istra
1963 401 2021 441 ἐπὶ
2051 400 2092 439 τὸ
2122 405 2279 453 κρεῖττον
2304 401 2374 439 διε-

1349 465 1511 517 κοσμήθη
1533 464 1593 504 καὶ
1610 465 1787 510 τοσαύτην
1807 463 1932 503 ἐλαὸεν
1959 462 2115 501 ἐπίδοσιν
2143 462 2185 501 τὸ
2207 468 2371 513 πρᾶγμα,

1349 528 1428 566 τότε
1464 525 1498 571 ἐξ
1524 526 1682 569 ἐναντίας
1713 525 1776 576 μὲν
1811 524 1969 571 ἐκείνοις,
2007 524 2129 575 πολλῷ
2167 521 2204 561 δὲ
2232 522 2376 561 ἐκείνων

1351 587 1493 639 μείζονα
1525 585 1795 638 τετολμήκασιν.
1824 584 1918 624 θῦδὲ
1940 584 2009 636 γὰρ
2027 583 2100 623 ἴσον
2128 584 2176 627 είς
2199 596 2377 634 καταφρο-

1351 648 1483 695 νήσεως
1513 647 1614 698 λόγον
1644 646 1800 699 ἐφίεσθαι
1821 645 1869 696 μὴ
1900 643 2147 698 προσηκούσης
2164 646 2271 693 τιμῆς
2286 671 2297 691 ,
2317 640 2379 681 καὶ

1351 712 1524 762 ὒπερορᾷν
1555 708 1726 748 τοσούτων
1763 708 1917 759 ἀγαθῶν,
1947 705 2039 745 ἀλλὰ
2073 704 2228 758 τοσούτῳ
2261 705 2378 756 μεῖζον

1353 774 1464 810 ἐκεῖνο
1491 771 1626 816 τούτου,
1644 771 1715 821 ὅσῳ
1733 774 1794 808 τοῦ
1824 767 2001 807 διαπτύειν
2032 767 2092 806 καὶ
2125 766 2316 817 θαυμάζειν
2337 764 2379 803 τὸ

1354 832 1459 882 μέσον
1476 832 1583 871 ἐστίν.
1599 832 1666 876 Τίς
1684 825 1742 869 οἶν
1758 830 1867 873 οὕτως
1887 829 1990 869 ἀθλία
2003 827 2115 882 ψυχὴ,
2134 831 2181 871 ὡς
2202 826 2380 866 τοσούτων

1354 894 1528 945 ὑπεριδεῖν
1546 895 1709 945 ἀγαθῶν;
1726 894 1803 931 Οὐκ
1826 892 1867 930 ἄν
1887 906 1972 929 ποτε
1989 891 2111 929 οὐδένα
2126 888 2233 942 φαίην
2252 887 2376 940 ἔγωγε,

1353 954 1444 1002 πλὴν
1460 956 1489 993 εἰ
1508 955 1557 1005 μή
1579 970 1632 998 τις
1646 947 1783 1005 οἶστρον
1799 952 2017 1001 ὓπομείνειεν
2039 949 2253 1001 δαιμονικόν.
2272 948 2379 988 Ἀλλὰ

1353 1016 1422 1068 γὰρ
1438 1016 1602 1066 ἐπάνειμι
1620 1015 1728 1053 πάλιν
1747 1013 1822 1052 ὅθεν
1843 1012 1963 1059 ἐξέὸην
1981 1027 1989 1035 ·
2008 1014 2046 1050 οὗ
2061 1011 2129 1064 γὰρ
2147 1013 2183 1050 ἐν
2198 1013 2248 1062 τῷ
2266 1009 2379 1048 κολά-

1353 1081 1423 1122 ζειν
1444 1077 1547 1128 μόνον
1561 1107 1570 1123 ,
1590 1076 1679 1113 ἀλλὰ
1699 1075 1759 1114 καὶ
1793 1078 1827 1114 ἐν
1846 1077 1896 1127 τῷ
1916 1079 2028 1113 ποιεῖν
2049 1068 2105 1122 εἶ,
2136 1072 2278 1124 μείζονα
2306 1076 2380 1115 τοῖς

1350 1141 1499 1191 ἱερεῦσιν
1512 1139 1619 1176 ἔδωκε
1639 1137 1786 1187 δύναμιν
1805 1138 1874 1174 τῶν
1903 1139 2057 1188 φυσικῶν
2076 1135 2205 1187 γονέων
2223 1137 2242 1174 ὁ
2266 1134 2378 1178 Θεός·

1351 1199 1410 1236 καὶ
1446 1203 1610 1236 τοσοῦτον
1648 1196 1856 1249 ἀμφοτέρων
1895 1196 1934 1234 τὸ
1968 1196 2131 1247 διάφορον
2155 1223 2165 1241 ,
2199 1194 2278 1233 ὅσον
2315 1196 2380 1240 τῆς

1351 1259 1529 1310 παρούσης
1556 1258 1617 1296 καὶ
1635 1260 1699 1303 τῆς
1719 1256 1912 1308 μελλούσης
1931 1258 2021 1302 ζωῆς
2034 1254 2063 1294 ¹².
2094 1257 2143 1293 Οἱ
2163 1254 2225 1303 μὲν
2242 1255 2312 1307 γὰρ
2331 1258 2380 1299 εἰς

1351 1319 1481 1366 ταύτην
1497 1349 1507 1366 ,
1527 1321 1558 1357 οἱ
1581 1318 1618 1357 δὲ
1640 1320 1688 1360 εἷς
1703 1316 1838 1364 ἐκείνην
1855 1319 2003 1368 γεννῶσι
2019 1332 2028 1340 ·
2041 1317 2196 1355 κάκεῖνοι
2216 1315 2279 1366 μὲν
2301 1315 2378 1355 οὗδῦ

1351 1380 1409 1418 τὸν
1432 1379 1632 1430 σωματικὸν
1654 1379 1768 1422 αὐτοῖς
1789 1378 1941 1416 δύναιντ’
1974 1377 2014 1416 ἂν
2047 1380 2180 1428 ἀμῦναι
2209 1376 2380 1423 θάνατον,

1351 1444 1389 1479 οὐ
1408 1439 1507 1479 νόσον
1539 1442 1784 1491 ἐπενεχθεῖσαν
1806 1438 2119 1490 ἀποκρούσασθαι,
2137 1432 2233 1477 οὗτοι
2252 1436 2290 1477 δὲ
2319 1437 2380 1476 καὶ

1350 1503 1555 1554 κάμνουσαν
1590 1503 1650 1541 καὶ
1686 1503 1905 1541 ἀπόλλυσθαι
1933 1502 2128 1553 μέλλουσαν
2163 1500 2227 1548 τὴν
2262 1500 2381 1554 ψυχὴν

1351 1565 1521 1608 πολλάκις
1548 1564 1697 1612 ἔσωσαν,
1716 1569 1789 1608 τοῖς
1818 1563 1882 1614 μὲν
1909 1563 2108 1617 πραοτέραν
2143 1561 2208 1610 τὴν
2237 1562 2382 1603 κόλασιν

1352 1624 1601 1677 ἐργασάμενοι,
1621 1624 1701 1668 τοὺς
1729 1624 1765 1664 δὲ
1790 1625 1868 1663 οὐδὲ
1890 1624 1989 1677 παρὰ
2008 1624 2072 1671 τὴν
2104 1623 2219 1677 ἀρχὴν
2239 1623 2382 1677 ἀφέντες

1354 1690 1534 1737 ἐμπεσεῖν,
1556 1687 1594 1724 οὗ
1613 1688 1663 1738 τῷ
1680 1685 1856 1724 διδάσκειν
1882 1687 1986 1736 μόνον
2007 1685 2068 1723 καὶ
2082 1690 2272 1733 νουθετεῖν,
2292 1683 2383 1724 ἀλλὰ

1354 1747 1413 1785 καὶ
1446 1750 1497 1800 τῷ
1527 1748 1571 1785 δι’
1594 1748 1705 1799 εὐχῶν
1724 1749 1874 1797 βοηθεῖν.
1894 1748 1948 1785 Οὐ
1976 1746 2046 1798 γὰρ
2073 1746 2156 1784 ὅταν
2184 1749 2279 1796 ἡμᾶς
2297 1747 2383 1784 ἀνα-

1354 1811 1502 1861 γεννῶσι
1524 1809 1627 1859 μόνον
1644 1838 1654 1855 ,
1675 1809 1765 1846 ἀλλὰ
1786 1807 1846 1846 καὶ
1865 1807 1908 1846 τὰ
1931 1808 2019 1859 μετὰ
2039 1812 2149 1846 ταῦτα
2190 1812 2382 1860 συγχωρεῖν

1356 1869 1493 1922 ἔχουσιν
1516 1868 1671 1913 ἐξουσίαν
1692 1868 1945 1920 ἁμαρτήματα.
1973 1868 2123 1907 Ἀσθενεῖ
2141 1868 2209 1920 γάρ
2227 1883 2295 1914 τις,
2315 1882 2385 1919 φη·

1358 1932 1412 1969 σ”.ν
1426 1961 1436 1978 ,
1455 1933 1490 1970 ἐν
1510 1933 1613 1981 ὑμῖν;
1633 1929 1935 1983 προσκαλεσάσθω
1950 1929 2029 1973 τοὺς
2047 1930 2303 1982 πρεσὸυτέρους
2321 1931 2385 1975 τῆς

1357 1991 1588 2040 Ἐκκλησίας,
1607 1991 1666 2030 καὶ
1684 1990 1999 2044 προσευξάσθωσαν
2030 1996 2044 2012 ⁶
2058 1992 2113 2030 ἐπ’
2139 1991 2257 2037 αὐτὸν,
2290 1990 2385 2028 ἀλεί·

1359 2056 1486 2106 ψαντες
1514 2053 1616 2091 αὐτὸν
1646 2052 1754 2106 ἐλαίῳ
1774 2054 1808 2090 ἐν
1829 2055 1880 2105 τῷ
1899 2051 2045 2103 ὀνόματι
2070 2054 2131 2089 τοῦ
2154 2050 2297 2103 Κυρίου.
2315 2050 2385 2090 Καὶ

1359 2118 1381 2161 ἡ
1403 2113 1491 2166 εὐχὴ
1514 2117 1578 2161 τῆς
1604 2113 1756 2158 πίστεως
1773 2114 1879 2152 σώσει
1897 2114 1956 2152 τὸν
1980 2114 2174 2164 κάμνοντα,
2190 2113 2250 2152 καὶ
2274 2115 2386 2165 ἐγερεῖ

1362 2175 1466 2214 αὐτὸν
1487 2178 1504 2213 ὁ
1523 2174 1650 2227 Κύριος
1665 2190 1673 2198 ·
1695 2175 1759 2213 κᾶν
1776 2175 1953 2227 ἁμαρτίας
1972 2169 1995 2226 ᾖ
2015 2174 2237 2222 πεποιηκὼς,
2255 2174 2384 2227 ἀφεθή-

335 2257 439 2281 mum
457 2258 467 2279 .-
485 2250 522 2280 et
548 2239 732 2279 excitabit
749 2251 835 2275 eum
853 2237 1044 2275 Dominus
1061 2253 1075 2276 l
1091 2245 1127 2275 et
1150 2239 1185 2274 si
1197 2251 1290 2288 pcc-
1315 2263 1339 2290 A
1363 2252 1483 2274 σονται
1502 2236 1610 2288 αὐτῷ.
1631 2234 1784 2274 Ἔπειτα
1803 2238 1836 2274 οἱ
1867 2236 1931 2286 μὲν
1951 2235 2090 2286 φυσικοὶ
2110 2241 2244 2286 γονεῖς,
2273 2236 2303 2273 εἰ
2323 2234 2388 2286 μέν

333 2312 424 2343 cata
440 2304 588 2354 fecerit,
607 2302 850 2338 remittentur
874 2301 922 2336 ei.
945 2299 1094 2350 lnsuper
1114 2298 1291 2336 naturales

335 2373 515 2417 parentes,
528 2361 660 2400 siviros
678 2358 850 2411 quosdam
879 2359 1058 2411 principes
1073 2367 1107 2397 ct
1134 2367 1292 2410 potentes

336 2439 459 2463 eorum
473 2422 577 2461 liberi
597 2420 834 2467 offenderint,
850 2434 955 2472 opem
972 2419 1060 2471 ipsis
1078 2419 1214 2458 nullam
1232 2421 1292 2458 as·

337 2487 428 2524 serre
442 2494 602 2538 possunt.
615 2481 823 2522 Sacerdotes
837 2495 920 2519 vero
934 2495 1001 2519 non
1014 2480 1208 2534 principes,
1222 2495 1291 2520 non

340 2561 451 2597 reges,
465 2545 527 2584 sed
545 2545 663 2598 ipsum
681 2545 796 2582 Deum
813 2542 945 2580 iratum
962 2541 1036 2579 illis
1053 2556 1146 2595 saepe
1164 2557 1291 2580 recon-

340 2608 517 2646 ciliarunt.
534 2611 583 2643 An
597 2613 714 2655 postea
725 2602 906 2656 quispiam
922 2602 1017 2640 ausit
1034 2616 1097 2640 nos
1115 2602 1293 2655 superbia:

341 2668 537 2706 accusare?
559 2667 633 2717 Ego
652 2665 747 2703 enim
767 2677 811 2702 ex
835 2664 909 2715 jam
929 2662 1035 2701 dictis
1055 2671 1187 2700 tantam
1210 2672 1296 2715 puto

343 2729 550 2778 religionem
569 2725 776 2764 auditorum
795 2724 934 2761 animos
948 2737 1154 2776 occupasse,
1173 2733 1212 2762 ut
1226 2738 1294 2763 non

346 2790 435 2827 ultra
456 2802 529 2834 cos,
548 2786 609 2838 qui
628 2785 770 2836 fugiunt
787 2814 796 2833 ,
819 2783 880 2822 sed
899 2797 958 2822 eos
971 2785 1032 2835 qui
1054 2793 1179 2837 suopte
1197 2794 1295 2823 motu

345 2850 532 2897 accedunt,
548 2857 580 2886 et
597 2856 735 2885 tanturn
751 2845 820 2883 sibi
841 2845 1005 2883 ambiunt
1028 2845 1214 2893 honorem,
1232 2860 1296 2884 ar-

348 2911 513 2959 rog-antiae
528 2918 560 2947 ct
577 2908 737 2946 audaciae
759 2906 942 2945 damnent.
959 2908 1048 2944 Nam
1068 2906 1096 2944 si
1118 2906 1140 2944 ii
1166 2906 1297 2957 quibus

345 2972 529 3009 civitatum
547 2969 775 3019 magistratus
789 2966 984 3005 concrediti
1005 2975 1112 3013 sunt,
1132 2967 1198 3005 nisi
1228 2967 1298 3005 ad-
1320 2983 1344 3014 B

348 3032 489 3069 modum
528 3029 718 3082 prudentes
746 3043 786 3065 ac
810 3028 998 3079 vigilantes
1032 3028 1186 3073 suerint,
1206 3042 1299 3080 saepe

347 3091 600 3143 rempublicam
620 3089 823 3140 seipsosque
840 3088 948 3126 simul
964 3087 1000 3125 in
1023 3088 1217 3140 perniciem
1233 3089 1297 3127 de-

346 3151 486 3198 ‹lm-unt,
498 3149 559 3200 qui
577 3149 709 3186 Christi
728 3162 893 3200 sponsam
915 3148 1114 3186 ornandam
1129 3149 1298 3203 suscipit,

391 3282 406 3302 l·
434 3279 470 3310 Ιιι
495 3276 692 3319 ‹putat-dnn·
710 3277 787 3309 bles.
818 3285 893 3319 post
923 3284 1000 3317 ζωῆς
1017 3276 1152 3310 additur
1180 3285 1214 3312 τὸ
1245 3287 1346 3320 μέσον.

347 3331 435 3362 lufrn
453 3327 588 3371 quiri-ini
609 3333 784 3369 νμύν-ιτθνι.

387 3393 398 3406 ·
423 3378 568 3421 Quidum
587 3379 662 3411 Mu.
678 3383 750 3422 ὐπἰρ
767 3384 867 3412 αᾲτο).

387 3443 400 3458 ι
425 3433 463 3465 ln
481 3430 676 3474 quiliimlmn
699 3433 749 3463 ’,Ἐς
768 3432 870 3461 alva—st.
890 3432 965 3462 Mox
982 3431 1116 3474 'witlam
1138 3432 1211 3465 Mas.
1233 3438 1346 3476 ἱπχύσι·

1361 2313 1432 2336 τισι
1448 2299 1518 2335 τῶν
1537 2297 1780 2349 ὑπερεχόντων
1811 2297 1871 2335 καὶ
1901 2297 2039 2349 μεγάλα
2058 2302 2073 2318 ⁸
2088 2291 2157 2335 ὧδε
2187 2296 2387 2347 δυναμένων

1363 2358 1641 2411 προσκρούσαιεν
1665 2362 1697 2397 οἱ
1716 2359 1853 2407 παῖδες,
1870 2357 1967 2398 οὐδὲν
1994 2357 2116 2402 αὐτοὺς
2138 2359 2276 2411 ἔχουσιν
2291 2359 2389 2410 ὠφε-

1364 2422 1435 2458 λεῖν
1451 2436 1459 2443 ·
1482 2422 1513 2458 o't
1535 2418 1569 2458 δὲ
1594 2422 1696 2473 ἱερεῖς
1715 2419 1777 2458 οὗκ
1795 2420 1982 2472 ἄρχοντας,
2003 2419 2080 2457 οὐδὲ
2106 2419 2262 2469 βασιλεῖς
2276 2448 2287 2467 ,
2305 2418 2387 2458 ἀλλ’

1366 2481 1467 2520 αὐτὸν
1497 2483 1611 2524 αὐτοῖς
1647 2482 1817 2525 πολλάκις
1849 2480 2055 2534 ὀργισθέντα
2084 2479 2308 2526 κατήλλαξαν
2330 2479 2390 2519 τὸν

1365 2542 1468 2582 Θεόν.
1488 2541 1571 2581 Ἔτι
1594 2536 1652 2581 οὖν
1671 2547 1765 2592 ἡμᾶς
1785 2541 1875 2592 μετὰ
1894 2544 2006 2580 ταῦτα
2031 2541 2200 2592 τολμήσει
2219 2556 2272 2583 τις
2299 2541 2391 2579 ἁπο-

1366 2603 1460 2646 νοίας
1474 2603 1622 2652 κρίνειν;
1638 2602 1736 2653 Ἰἱγὼ
1753 2601 1816 2653 μὲν
1830 2601 1898 2653 γὰρ
1910 2603 1950 2639 ἐκ
1968 2603 2036 2639 τῶν
2053 2600 2244 2652 εἰρημένων
2261 2600 2389 2640 τοσαύ-

1367 2680 1430 2711 την
1452 2665 1636 2703 εὖλάόειαν
1668 2658 1767 2713 οἶμαι
1797 2662 1860 2706 τὰς
1889 2665 1958 2700 τῶν
1984 2662 2180 2700 ἀκουόντων
2199 2668 2389 2715 κατασχεῖν

1367 2725 1505 2778 ψυχὰς,
1530 2729 1577 2768 ὡς
1609 2725 1734 2775 μηκέτι
1762 2723 1841 2767 τοὺς
1878 2723 2065 2776 φεύγοντας
2082 2753 2092 2771 ,
2113 2722 2204 2762 ἀλλὰ
2233 2723 2391 2767 καὶτοὺς

1368 2789 1426 2839 ἀφ’
1459 2788 1592 2824 ἑαυτῶν
1636 2785 1844 2835 προσιόντας
1881 2785 1940 2822 καὶ
1969 2785 2227 2828 σπουδάζοντας
2258 2783 2390 2832 ταύτην

1369 2851 1502 2889 ἑαυτοῖς
1518 2847 1712 2893 κτήσασθαι
1739 2845 1803 2891 τὴν
1822 2844 1944 2895 τιμὴν,
1970 2844 2162 2889 dammim&
2177 2844 2237 2883 καὶ
2257 2845 2391 2896 τόλμης

1368 2910 1510 2960 κρίνειν.
1534 2909 1576 2946 Εἰ
1596 2907 1664 2960 γὰρ
1685 2910 1716 2946 οἱ
1749 2907 1811 2950 τὰς
1846 2910 1913 2944 τῶν
1941 2907 2077 2945 πόλεων
2107 2906 2220 2959 ἀρχὰς
2246 2921 2390 2945 πιστευ·

1368 2969 1506 3015 θέντες,
1535 2968 1617 3007 ὅταν
1639 2967 1688 3019 μὴ
1718 2967 1850 3006 συνετοὶ
1882 2968 1941 3005 καὶ
1975 2968 2054 3005 λίαν
2086 2968 2171 3012 ὀξεῖς
2207 2966 2393 3019 τυγχάνω·-

1369 3047 1422 3070 σιν
1446 3031 1540 3074 ὄντες
1557 3060 1567 3078 ,
1593 3029 1652 3068 καὶ
1684 3028 1745 3071 τὰς
1774 3029 1890 3070 πόλεις
1914 3028 2125 3080 ἀνέτρεψαν,
2155 3027 2215 3065 καὶ
2250 3026 2391 3071 ὶαυτοὺς

1369 3091 1670 3143 προσαπώλεσαν·
1688 3092 1707 3127 ὁ
1727 3092 1787 3127 τοῦ
1820 3090 1973 3140 Χριστοῦ
2004 3089 2068 3134 τὴν
2101 3088 2242 3139 νύμφην
2273 3102 2389 3126 κατα-

1370 3157 1512 3202 κοσμεῖν
1545 3150 1678 3203 λαχὼν,
1696 3151 1808 3196 πόσης
1840 3164 1895 3187 σοι
1928 3150 2019 3188 δοκεῖ
2048 3149 2179 3188 δεῖσθαι
2212 3146 2390 3199 δυνάμεως

1410 3296 1450 3314 σιν
1466 3286 1599 3326 ἀφελεῖν.

1440 3332 1455 3357 ¹¹
1480 3332 1545 3365 Alii
1570 3339 1618 3365 aa}
1642 3337 1753 3373 τέλμης
1774 3336 1947 3377 γράμεθαε.
1972 3337 1994 3363 tl
2013 3335 2081 3374 '1⁷'st-
2114 3330 2188 3362 Mox
2209 3329 2308 3374 aliqui
2338 3337 2392 3375 ἅμ·

1405 3389 1618 3422 mutuorum.
