2253 3830
85 266 134 295 tv
839 259 883 287 D.
923 258 966 286 B·
1004 256 1062 284 DE
1098 255 1406 286 MONTFAUCON

75 348 140 385 bas
153 375 165 397 ,
186 343 476 396 quandoquidem
505 342 587 391 ille,
607 341 669 380 tali
689 338 921 380 concionandi
942 350 1067 390 genere
1095 350 1203 384 nsus,
1224 336 1386 376 omnium
1404 336 1473 375 sibi
1500 336 1706 376 conciliavit
1730 335 2028 375 existimationem
2046 365 2057 385 ,
2079 351 2163 390 gra·

75 421 148 449 tam
167 408 346 448 concionis
364 405 756 451 admurmurationem,
778 404 926 457 plausus
947 409 1161 454 perpetum,
1175 415 1218 439 ac
1237 400 1472 453 plerumque,
1492 410 1532 439 ut
1551 401 1614 439 ille
1632 400 1708 449 ait,
1727 400 1950 452 importunos
1966 415 1978 448 ;
1995 401 2164 452 aureique

75 474 147 511 oris
175 471 254 510 ideo
273 484 400 508 nomen
420 469 567 507 sortitus
586 478 650 507 est,
671 467 765 506 Audi
784 465 936 507 Suidam
955 480 962 500 :
983 481 1002 500 ιι
1021 465 1226 516 Martyrum
1246 464 1432 502 conciones
1463 463 1629 516 expedita
1658 472 1692 501 et
1717 462 1950 515 extemporali
1978 462 2163 501 declama·

73 537 168 574 tione
195 533 390 572 admodum
420 532 536 571 auxit.
558 532 696 584 Lingua
725 531 802 582 ejus
833 528 911 568 Nili
929 526 1108 580 catadupa
1129 527 1327 580 profluente
1347 526 1492 565 dicendi
1514 527 1615 579 copia
1633 525 1834 578 superabat.
1862 527 1975 564 Nemo
2004 540 2164 578 unquam

74 599 181 636 tantis
199 596 409 648 eloquentiae
428 604 462 634 et
482 596 658 634 ubertatis
675 594 816 633 divitiis
833 601 1029 632 exornatus
1049 591 1116 629 suit
1135 604 1145 626 z
1167 591 1263 629 solus
1285 591 1404 642 itaque
1418 604 1566 629 aureum
1585 589 1824 640 divinumque
1843 602 1970 627 nomen
1991 589 2066 627 sine
2083 589 2165 627 labe

72 660 217 698 sortitus
236 667 299 697 est.
315 674 334 693 ι)
351 658 434 696 Haec
450 666 611 696 veterum
632 657 701 694 suit
720 655 884 694 omnium
903 654 1024 707 opinio
1044 669 1053 692 :
1074 652 1320 704 quamobrem,
1346 652 1373 689 si
1396 651 1485 701 quid
1506 651 1595 690 naevi
1623 651 1658 688 in
1693 659 1791 688 tanto
1822 659 1966 701 tamque
1992 651 2164 703 praeclaro

71 731 213 760 oratore
236 721 479 773 reperiamus,
499 719 534 757 id
554 719 670 765 affati,
695 728 733 756 ut
757 717 860 767 dixi,
880 730 949 755 non
967 716 1223 768 Chrysostomo
1243 714 1488 752 tribuendum.
1511 713 1673 752 Sollertis
1689 712 1841 750 oratoris
1864 712 1932 750 suit
1953 713 2163 752 auditorum

72 784 254 836 ingenium
273 783 425 821 feliciter
444 782 647 835 explorasse
663 798 670 818 :
695 796 758 834 per
777 781 838 819 illa
859 779 995 833 placuit
1014 793 1092 830 quae
1109 779 1184 830 jam
1202 777 1325 816 multis
1346 791 1413 815 non
1443 777 1489 814 ita
1510 776 1664 828 placent.
1686 777 1882 827 Lacrymas
1904 776 2017 814 movit
2036 785 2076 814 ut
2093 790 2161 815 vo-

71 847 159 895 luit,
179 847 267 884 vitia
287 845 511 893 emendavit,
527 845 769 884 Christianam
798 843 907 882 fidem
928 842 1029 880 auxit
1045 873 1055 890 ‚
1078 841 1226 880 Jtidaeos
1250 850 1283 878 et
1308 840 1493 878 haereticos
1521 839 1739 892 profligavit.
1774 840 1851 877 Non
1873 838 2047 876 minorem
2067 839 2163 877 enim

71 911 107 948 in
126 909 310 948 dialectica
328 922 436 959 quam
454 909 489 946 in
506 906 659 946 oratoria
678 915 754 945 arte
772 907 944 946 Joannem
965 913 1127 943 nostrum
1142 902 1382 955 comperimus
1399 916 1407 939 :
1428 901 1536 952 idque
1555 900 1797 953 proculdubio
1814 901 1985 939 fatebitur
1997 901 2164 952 quisquis

70 972 258 1011 conciones
278 972 354 1023 ejus
372 980 491 1009 contra
511 974 698 1008 Anomoeos
716 977 751 1007 et
766 978 887 1007 contra
903 967 1050 1007 Judaeos
1069 974 1233 1004 accurate
1250 965 1454 1016 perlegerit,
1474 963 1536 1001 ubi
1554 963 1781 1015 argutissime
1795 962 2011 1015 disputat,et
2026 963 2165 1002 ratioci-

72 1036 218 1074 niorum
238 1034 276 1072 vi
298 1033 520 1072 adversarios
535 1033 582 1071 ita
596 1041 709 1083 urget,
726 1040 766 1069 ut
781 1032 879 1070 nulla
898 1030 1052 1083 supersit
1072 1029 1158 1081 ipsis
1172 1027 1334 1072 elabendi
1351 1028 1424 1065 via.
1439 1028 1528 1065 Rem
1543 1027 1769 1079 epistolarem
1787 1028 1894 1064 etiam
1911 1026 2029 1078 attigit
2042 1026 2164 1079 Chry-

72 1107 249 1136 sostomus
268 1127 277 1143 ,
310 1096 465 1135 maxime
482 1109 564 1133 vero
585 1095 620 1132 in
640 1094 789 1143 exsilio,
823 1093 910 1131 dum
937 1091 1143 1137 calamitas,
1168 1100 1304 1138 metus,
1336 1088 1494 1127 solitudo
1511 1089 1741 1141 prohiberent
1759 1103 1779 1126 a
1807 1088 1911 1127 solito
1930 1087 2163 1127 concionandi

72 1160 192 1198 officio
207 1190 216 1208 ‚
233 1168 266 1197 et
282 1159 435 1196 multum
454 1157 558 1210 spatii
589 1165 678 1195 esset
695 1155 740 1193 ad
758 1153 998 1194 scribendum.
1018 1152 1148 1192 Pulsus
1175 1153 1294 1205 itaque
1322 1151 1404 1191 sede
1435 1151 1576 1190 curavit
1607 1160 1646 1189 ut
1675 1165 1718 1190 ne
1747 1152 1865 1203 ipsum
1883 1149 2029 1203 quidem
2047 1149 2163 1189 otium

72 1231 161 1260 esset
177 1230 344 1260 otiosum.

1079 1350 1152 1396 §i

262 1495 322 1531 De
339 1494 465 1532 variis
487 1491 756 1540 chrysostomi
772 1489 1058 1537 Edititonibus‚
1078 1500 1126 1525 ac
1139 1489 1332 1538 proecipue
1349 1487 1397 1524 de
1416 1487 1577 1525 Henrici
1598 1486 1738 1525 Savilii
1757 1486 1956 1526 Editione.

128 1642 230 1680 Nihil
250 1641 383 1679 mirum
403 1641 432 1678 si
456 1655 475 1677 a
494 1638 705 1692 primordiis
729 1651 840 1689 usque
865 1635 1135 1689 typographicae
1160 1634 1247 1673 artis
1272 1635 1359 1673 tanti
1378 1633 1535 1673 doctoris
1553 1634 1722 1687 operibus
1748 1634 1894 1673 edendis
1920 1635 2026 1673 multi
2049 1634 2161 1675 desu-

79 1705 199 1744 darint
217 1721 224 1741 :
244 1704 439 1742 innumerae
460 1702 564 1741 vario
590 1710 748 1752 tempore
780 1699 1037 1751 opusculorum
1063 1698 1140 1749 ejus
1167 1697 1338 1735 editiones
1369 1695 1531 1749 prodiere
1559 1697 1595 1735 in
1616 1697 1740 1745 Italia,
1762 1697 1907 1745 Gallia,
1934 1698 2158 1748 Germania,
2207 1723 2213 1726 -

73 1767 215 1818 Anglia.
248 1766 316 1803 Alii
333 1763 506 1816 quasdam
543 1776 692 1814 operum
720 1770 836 1813 partes
853 1760 977 1800 Latine
995 1768 1132 1797 tantum
1153 1758 1301 1805 dabant,
1319 1758 1382 1796 alii
1403 1759 1543 1804 Graece,
1565 1758 1728 1796 nonnulli
1753 1768 1902 1810 utraque
1922 1759 2063 1812 lingua.
2079 1763 2159 1800 Non

74 1830 176 1881 pauci
197 1827 394 1866 collectioni
415 1840 563 1879 operum
578 1824 740 1863 omnium
757 1822 972 1861 adornandae
988 1836 1132 1860 manum
1154 1821 1404 1862 admoverunt.
1426 1821 1464 1860 Si
1486 1821 1648 1872 quivero
1668 1831 1748 1859 ante
1766 1822 1947 1860 decimum
1967 1823 2161 1876 septimum

74 1891 245 1930 saeculum
267 1890 303 1928 id
323 1888 479 1941 aggressi
509 1896 590 1925 sunt
605 1917 614 1933 ,
636 1886 659 1923 ii
681 1885 826 1924 Latinas
851 1893 988 1922 tantum
1019 1883 1268 1937 Chrysostomi
1285 1897 1433 1935 operum
1455 1883 1680 1921 collectiones
1699 1883 1892 1922 emiserunt
1911 1898 1952 1922 ac
1973 1884 2085 1922 multa
2104 1899 2163 1924 re-

75 1955 254 2006 liquerunt
271 1953 400 1992 intacta
420 1961 454 1990 et
476 1950 715 1989 inobservata.
740 1949 876 1987 Verum
896 1947 940 1986 de
960 1947 1003 1984 iis
1032 1947 1200 1985 omnibus
1221 1945 1440 1984 editionibus
1472 1946 1565 1984 alius
1598 1955 1650 1984 est
1670 1945 1773 1984 nobis
1802 1946 1847 1985 ad
1866 1946 2059 1986 dicendum
2075 1961 2162 1987 con-

74 2017 222 2055 stitutus
243 2016 355 2054 locus.

126 2082 280 2119 Demum
299 2078 406 2130 paulo
427 2086 506 2129 post
526 2075 668 2113 initium
684 2074 814 2113 decimi
833 2074 977 2127 septimi
996 2073 1116 2112 saeculi
1137 2073 1210 2110 duo
1237 2072 1309 2111 viri
1343 2072 1475 2111 summi
1492 2072 1615 2111 eodem
1633 2073 1743 2112 ferme
1762 2083 1922 2126 tempore
1940 2087 2016 2112 eam
2037 2087 2162 2113 susce-

74 2158 157 2196 pere.
185 2141 432 2195 provinciam,
457 2149 495 2177 ut
512 2139 630 2177 omnia
664 2152 810 2190 prorsus
840 2137 1000 2189 ejusdem
1019 2138 1056 2176 S.
1080 2137 1236 2175 doctoris
1264 2150 1370 2188 opera
1400 2151 1513 2174 unum
1532 2137 1567 2174 in
1587 2150 1717 2189 corpus
1737 2136 1962 2189 redigerent;
1984 2136 2161 2176 Henricus

74 2221 200 2259 nempe
220 2204 378 2244 Sat-ilius
404 2213 437 2241 et
462 2204 595 2242 Fronto
620 2201 784 2240 Duca‘us.
811 2201 913 2239 Prior
933 2217 951 2236 α
972 2201 1110 2252 magnis
1131 2215 1172 2249 ι),
1194 2210 1231 2238 ut
1254 2200 1329 2252 ipse
1354 2200 1424 2247 ait,
1444 2199 1636 2238 sudoribus
1655 2209 1688 2238 et
1706 2201 1887 2239 immensis
1918 2200 2099 2240 sumtibus
2122 2216 2157 2249 »,

25 2297 31 2302 .
75 2269 324 2319 undecumque
351 2268 380 2305 si
414 2281 481 2317 qua
512 2265 660 2303 laterent
683 2264 718 2302 in
739 2263 850 2302 variis
872 2265 1025 2316 Europae
1050 2263 1280 2301 bibliothecis
1307 2262 1544 2316 perquirenda
1564 2263 1870 2314 exscribendaque
1890 2263 2044 2313 curavit,
2067 2262 2160 2301 ami-

73 2346 195 2370 corum
215 2331 508 2380 literatorumque
524 2342 612 2381 pene
631 2327 792 2365 omnium
807 2341 913 2379 opera
936 2341 1019 2365 usus
1036 2336 1070 2364 et
1091 2326 1276 2364 industria.
1289 2343 1307 2362 «
1323 2327 1403 2372 Quo
1421 2326 1455 2363 in
1475 2325 1614 2377 negotio
1627 2342 1662 2372 ν,
1679 2326 1805 2377 inquit,
1829 2326 2039 2378 «egregiam
2055 2326 2160 2365 nobis

72 2404 105 2433 et
126 2404 306 2433 strenuam
326 2407 471 2446 operam
491 2401 668 2429 navarunt
685 2391 752 2429 viri
771 2391 983 2442 amplissimi
1001 2390 1271 2441 doctissimique
1285 2419 1294 2437 ,
1316 2403 1404 2440 quos
1429 2389 1575 2428 honoris
1601 2403 1704 2428 eausa
1727 2393 1872 2428 nomino
1885 2420 1896 2436 ‚
1913 2390 2070 2430 ,Iacobus
2086 2393 2162 2429 Au-

73 2468 200 2509 gustus
220 2459 420 2503 Thuanus,
446 2469 612 2507 magnum
633 2454 751 2492 lumen
787 2453 917 2493 Gallim
933 2483 943 2500 ,
965 2455 1113 2491 Marcus
1147 2455 1318 2491 Yelserus
1336 2454 1370 2490 ll
1390 2452 1446 2489 vir
1477 2455 1727 2500 Augustanus,
1743 2453 1852 2491 Geor.
1883 2452 2040 2492 Michael
2073 2453 2163 2492 Lin-

73 2521 325 2569 getsheimins,
347 2519 508 2559 Andreas
523 2519 706 2563 Schottus‚
726 2518 868 2555 Isaacus
888 2516 1117 2554 Casaubonus
1132 2546 1140 2562 ,
1164 2518 1297 2554 Fronto
1322 2517 1491 2562 Ducaeus,
1511 2517 1625 2554 Janus
1646 2516 1839 2561 Gruterus,
1858 2514 1977 2554 David
1996 2515 2164 2554 Hoescbe-

73 2582 141 2619 lius
160 2612 169 2628 ‚
200 2580 427 2620 Sebastianus
447 2578 653 2630 'l'engnagel
668 2609 677 2624 ,
697 2587 730 2616 et
751 2577 1085 2615 Reverendissimus
1105 2576 1255 2616 Gabriel
1284 2576 1584 2628 Archiepiscopus
1612 2576 1951 2628 philadelphiensis.
1973 2577 2079 2615 Nefas
2108 2586 2160 2616 ta-

73 2658 151 2681 cere
169 2643 213 2681 de
230 2641 453 2682 Serenissimi
474 2640 581 2691 Regis
601 2639 710 2677 nostri
730 2639 827 2691 apud
849 2648 988 2677 exteros
1005 2638 1186 2690 Principes
1209 2637 1416 2676 ‹lai-issimis
1437 2638 1576 2688 legatis,
1596 2637 1728 2688 quibus
1749 2637 1824 2689 ipse
1840 2638 1907 2676 hoc
1929 2637 1966 2676 in
1985 2637 2164 2677 mandatis

73 2707 238 2754 dederat,
271 2715 308 2743 ut
328 2706 423 2743 omni
452 2719 520 2755 qua
538 2712 679 2755 possent
699 2716 804 2754 opera
822 2701 982 2740 studium
1012 2702 1079 2739 hoc
1100 2715 1218 2739 meum
1250 2710 1514 2753 promoverent.
1548 2701 1672 2751 Itaque
1691 2700 1849 2738 librariis
1880 2701 2011 2739 nostris
2041 2700 2162 2740 aditus

77 2770 270 2820 patefactus
284 2768 330 2806 ad
350 2767 602 2805 bibliothecam
625 2765 773 2817 Regiam
796 2765 958 2813 Lutetiae,
982 2764 1202 2811 Palatinam,
1223 2764 1489 2815 Augustanain,
1508 2763 1737 2814 Bavaricam,
1759 2764 1970 2814 Caesaream,
1990 2773 2158 2804 caeteras:

76 2831 207 2881 quihus
227 2830 304 2866 [reti
337 2827 507 2866 subsidiis·
539 2827 633 2865 illud
663 2826 813 2864 domum
840 2826 1036 2864 attulerunt
1067 2825 1346 2863 instrumentum
1364 2855 1374 2874 ,
1394 2825 1492 2863 illam
1523 2825 1802 2877 supellectilem,
1821 2839 1867 2863 ex
1886 2839 1955 2876 qua
1975 2825 2078 2864 nobis
2112 2836 2164 2866 cst

78 2894 150 2930 hwc
167 2893 335 2930 adornata
356 2891 464 2929 editio
487 2907 516 2926 n.
539 2892 618 2936 Qua
639 2890 762 2940 utique
782 2889 938 2927 editione
958 2889 1059 2926 nulla
1079 2899 1160 2927 ante
1174 2919 1183 2933 ,
1206 2888 1302 2939 quod
1322 2903 1450 2940 parum
1470 2897 1521 2926 est
1541 2887 1698 2934 dixisse,
1718 2889 1885 2939 nullaque
1903 2898 2022 2943 postea
2042 2889 2165 2942 copio-

78 2957 148 2993 sior
168 2954 316 3007 prodiit.
338 2954 603 2991 Arent-ationem
627 2967 710 2991 vero
732 2953 765 2990 in
786 2951 1002 3003 castigandis
1030 2952 1168 2989 Graecis
1187 2951 1408 2989 dictionibus
1427 2961 1534 3002 atque
1551 2951 1743 3003 phrasibus
1761 2952 1823 2990 vix
1841 2952 1975 2990 alicubi
1993 2953 2164 3004 majorem

76 3017 332 3069 deprehendas..
353 3015 531 3054 Nimirum
552 3029 691 3052 summo
714 3014 774 3052 ille
789 3013 907 3053 studio
927 3013 1011 3051 solia
1031 3028 1181 3064 quaeque
1196 3012 1327 3065 dispici
1348 3013 1496 3050 curabat
1512 3012 1710 3063 mendaque
1728 3013 1805 3051 tolli
1826 3030 1833 3051 :
1853 3028 1925 3064 quo
1943 3015 2076 3053 sactum
2101 3025 2164 3065 ut,

78 3081 209 3131 siquis
238 3077 494 3127 longitudinem
524 3077 640 3129 operis
670 3075 889 3122 consideret,
927 3085 1018 3113 certe
1038 3089 1149 3128 pauca
1180 3085 1294 3113 errata
1317 3075 1470 3128 reperiat
1498 3075 1532 3113 in
1566 3084 1615 3113 tot
1643 3075 1843 3113 orationum
1865 3076 2166 3130 homiliarumque

78 3143 229 3180 decursu
248 3156 255 3178 :
278 3155 356 3191 qua„=
378 3150 491 3177 tamen
513 3149 626 3177 errata
652 3140 711 3177 ille
741 3140 774 3177 in
803 3140 873 3178 fine
899 3148 1063 3177 notarum
1084 3153 1224 3176 summa
1243 3138 1432 3189 diligentia
1454 3138 1574 3189 colligi
1596 3137 1725 3189 edique
1745 3139 1913 3186 curavit,
1934 3139 1996 3177 ubi
2017 3140 2073 3178 vel
2093 3140 2165 3179 mi-

82 3206 176 3243 nima
197 3218 345 3255 qumque
365 3211 542 3240 notantur.
560 3203 668 3240 Notas
688 3212 805 3240 autem
828 3202 875 3241 ad
895 3202 1055 3254 singulos
1072 3211 1186 3240 tomos
1207 3202 1241 3239 in
1270 3202 1340 3239 sine
1364 3201 1480 3239 octavi
1499 3215 1566 3240 non
1589 3215 1670 3239 suas
1691 3200 1797 3239 modo
1818 3201 1952 3247 edidit,
1974 3201 2037 3240 sed
2056 3203 2162 3241 etiam

80 3267 231 3305 aliorum
250 3265 437 3303 doctorum
459 3264 642 3301 hominum
663 3264 811 3302 ,loannis
829 3264 938 3302 Boisii
958 3294 968 3312 ,
994 3263 1141 3302 Andrca·¹
1170 3263 1320 3300 Dountri
1336 3293 1345 3310 ,
1367 3262 1512 3301 llicardi
1533 3263 1761 3310 Montacutii,
1780 3272 1813 3301 et
1834 3263 1985 3313 llalesii;
2007 3274 2045 3302 ut
2073 3265 2163 3304 alios

81 3338 214 3366 tat-eam
232 3327 293 3378 qui
316 3326 371 3364 vel
393 3325 528 3376 rogati,
551 3325 606 3361 vel
629 3334 753 3377 suopte
770 3325 918 3363 consilio
938 3325 1036 3363 varia
1058 3325 1133 3362 loca
1162 3324 1345 3362 restituere
1376 3324 1516 3370 conati,
1538 3324 1584 3362 ab
1611 3324 1687 3376 ipso
1713 3325 1911 3362 asseruntur
1931 3326 1965 3363 in
1989 3325 2162 3366 medium.

80 3393 177 3429 Inter
209 3390 288 3427 illas
323 3403 406 3426 vero
427 3397 547 3432 notas,
571 3401 647 3424 meu
666 3387 809 3437 quidem
826 3387 964 3439 judicio
980 3419 989 3434 ,
1010 3388 1145 3426 ezcteris
1163 3387 1330 3426 omnibus
1356 3396 1526 3439 prmstant
1550 3387 1660 3439 ipsius
1683 3387 1826 3425 ilenrici
1847 3387 1975 3426 Savilii
1996 3398 2108 3436 notae,
2131 3391 2160 3428 si

82 3454 304 3506 sagacitatem
328 3459 478 3506 spectes,
496 3451 522 3487 si
545 3450 700 3488 criticam
723 3460 831 3488 artem
846 3482 853 3494 ,
871 3452 898 3488 si
916 3461 1039 3490 caetera
1056 3452 1186 3490 omnia.
1217 3452 1372 3489 ⁴iliorum
1397 3451 1530 3503 quippe
1544 3460 1651 3494 notar,
1673 3459 1707 3487 ut
1729 3450 1924 3503 plurimum
1946 3452 2041 3491 leves
2060 3462 2155 3498 sunt,
