2549 3825
40 3404 51 3825 -ῥ--Α-’ἒ
36 3132 43 3401 ⁴——-—-—

888 290 1115 319 ADVERSUS
1152 289 1341 319 JUDAEOS.
1383 289 1427 318 V.

133 373 242 422 λέγων
258 372 355 424 φησὶ,
369 372 439 410 Καὶ
453 371 570 422 γνώσῃ
593 371 652 409 καὶ
664 371 823 417 συνήσεις
838 372 908 409 ἀπὸ
921 371 1035 416 ἐξόδου
1049 372 1151 423 λόγου

132 436 191 472 τοῦ
207 432 516 484 ἀποκριθῆναι,καὶ
531 436 590 470 τοῦ
605 431 1153 485 οἷκοδομῆσαιἹερουσαλὴμ,ἑ’ως

133 495 286 544 Χριστοῦ
306 492 511 543 ἡγουμένου,
531 493 721 543 ἑὸδομάδες
750 492 856 539 ἑπτὰ,
878 493 938 530 καὶ
963 493 1153 543 ἑὸδομάδες

132 553 299 601 ἑξήκοντα
312 553 382 591 δύο.
395 554 566 592 Ἐνταῦθα
581 570 639 604 μοι
654 554 742 603 μετὰ
757 554 937 605 ἀκριδείας
950 555 1153 606 προσέχετε·

132 614 172 652 τὸ
189 615 258 664 γὰρ
277 622 348 652 πᾶν
366 614 506 664 ζήτημα
521 613 667 652 ἐνταῦθά
685 615 790 652 ἐστιν.
815 614 1032 665 Ἑὸδομοίδες
1050 614 1154 659 ἑπτὰ,

132 673 193 711 καὶ
214 674 402 723 ἑὸδομάδες
421 674 586 721 ἐξήκοντα
610 674 670 712 δύο
691 674 903 727 τετρακόσια
921 676 1157 725 ὀγδοηκοντα-

132 734 212 785 τρία
262 735 322 781 ἔτη
339 750 347 757 ·
381 735 579 785 ἑὸδομάδας
615 734 682 786 γὰρ
721 738 868 773 ἐνταῦθα
905 737 968 786 οὐχ
1011 737 1156 784 ἡμερῶν

133 811 236 847 φησιν
249 823 258 841 ,
277 795 352 834 οὐδὲ
376 800 515 846 μηνῶν,
534 797 612 834 ἀλλ’
633 796 831 846 {semotam
850 797 1027 833 ἐνιαυτῶν.
1046 792 1063 815 ¹²
1075 794 1159 833 Ἀπὸ

133 857 200 910 γὰρ
221 857 333 910 Κύρου
352 859 410 896 ἐπὶ
425 858 601 910 Ἀντίοχον
613 857 672 894 τὸν
686 858 864 908 Ἐπιφανῆ
877 856 935 894 καὶ
946 856 1008 902 τὴν
1021 858 1083 908 αἰχ
1087 872 1112 906 μ
1121 872 1159 894 α·
1182 867 1205 896 Β

131 918 263 958 λωσίαν
283 918 432 966 ἐκείνην,
453 917 639 970 τριακόσια
656 918 865 962 ἐνενήκοντα
884 917 1039 968 τέσσαρά
1065 919 1159 955 ἐστιν

133 980 207 1026 ἔτη.
235 981 360 1025 Δηλῶν
385 978 580 1025 τοίνυν,ὅτι
605 981 666 1016 οὐκ
696 977 832 1023 ἐκείνην
859 976 954 1028 λέγει
976 977 1039 1023 τὴν
1075 977 1158 1029 ἐρή-

135 1056 247 1090 μωσιν
267 1044 327 1078 τοῦ
344 1043 442 1085 ναοῦ,
458 1038 548 1077 ἀλλὰ
563 1038 626 1085 τὴν
645 1039 720 1089 μετ’
740 1038 888 1085 ἐκείνην,
906 1036 970 1084 τὴν
986 1037 1045 1076 ἐπὶ
1061 1039 1161 1088 Πομ-

133 1101 259 1149 πηίου,
287 1100 346 1138 καὶ
381 1101 672 1149 Οὐεσπασιανοῦ,
703 1100 763 1138 καὶ
796 1099 933 1149 Τίτου,
965 1100 1160 1152 περαιτέρω

132 1162 298 1213 προάγων
328 1161 386 1199 τὸν
416 1160 556 1212 χρόνον.
590 1153 681 1199 Εἶτα
707 1160 880 1199 διδάσκων
918 1165 1014 1211 ἡμᾶς
1055 1161 1158 1199 πόθεν

133 1221 292 1272 ἀριθμεῖν
313 1219 381 1272 χρὴ
395 1248 404 1264 ,
429 1219 599 1258 δείκνυσιν
619 1219 672 1257 ὅτι
701 1221 762 1258 οὒκ
779 1219 848 1258 ἀπὸ
866 1221 929 1264 τῆς
945 1220 1080 1271 ἡμέρας
1099 1223 1161 1266 τῆς

133 1281 300 1320 ἐπανόδου
312 1296 320 1304 ·
340 1279 432 1319 ἀλλὰ
449 1280 576 1326 πόθεν;
597 1280 681 1318 Ἀπὸ
700 1279 816 1324 ἐξόδου
834 1279 938 1330 λόγου
950 1309 960 1327 ,
990 1285 1050 1318 τοῦ
1072 1283 1163 1318 ἀπο-

131 1346 309 1394 κριθῆναι,
332 1341 392 1380 καὶ
415 1347 475 1380 τοῦ
495 1342 725 1391 οἰκοδομῆσαι
743 1340 988 1392 Ἰερουσαλήμ.
1010 1343 1087 1380 Οὐκ
1104 1342 1161 1380 ἐπὶ

132 1402 248 1456 Κύρου
267 1403 303 1440 δὲ
334 1401 558 1454 ᾠκοδομήθη,
591 1403 669 1440 ἀλλ’
688 1402 749 1440 ἐπὶ
773 1405 833 1440 τοῦ
860 1401 1082 1454 Ἀρταξέρξου
1100 1407 1160 1441 τοῦ

132 1462 388 1516 Μακρόχειρος.
433 1461 535 1500 Μετὰ
571 1462 640 1514 γὰρ
685 1462 747 1509 τὴν
793 1462 939 1501 κάθοδον
988 1465 1162 1510 ἐπανῆλθε

133 1524 350 1574 Καμὸύσης,
370 1516 445 1562 εἶτα
465 1526 496 1562 οἱ
514 1524 634 1574 μοίγοι,
654 1523 713 1561 καὶ
740 1526 815 1574 μετ’
844 1524 995 1568 ἐκείνους
1016 1527 1162 1577 Δαρεῖος

2085 280 2173 338 787

1226 371 1385 409 Postbaec
1401 372 1558 409 exactius
1577 372 1682 409 etiam
1699 372 1743 410 de
1762 373 1816 410 his
1838 374 2004 424 loquens,
2025 374 2074 410 ait
2093 390 2102 411 ε
2127 375 2178 411 Et
2195 391 2316 426 Da„,9,
2330 391 2379 419 25.

1227 446 1427 485 cognosces
1446 441 1482 470 et
1497 433 1690 483 intelliges
1710 436 1758 471 ab
1780 438 1885 472 exitu
1899 437 2086 472 sermonis
2107 464 2116 481 ‚
2137 442 2179 472 ut

1227 495 1507 545 respondeatur
1520 524 1532 540 ,
1556 503 1674 546 utque
1692 496 1909 548 aedificetur
1925 496 2148 534 Jerusalem
2163 526 2174 541 ‚

1229 567 1348 605 usque
1369 555 1422 591 ad
1442 555 1639 592 Christum
1659 556 1795 592 ducem
1817 586 1826 603 ‚
1843 557 2103 594 hebdomades
2121 570 2179 594 se·

1224 621 1330 664 ptem
1353 643 1362 657 ‚
1385 623 1421 650 et
1449 615 1710 652 hebdomades
1747 619 1958 667 sexaginta
1987 618 2089 655 duoe.
2113 617 2181 655 Hie

1229 673 1316 710 mihi
1336 673 1528 724 diligenter
1545 675 1764 723 auscultate3
1785 690 1868 713 nam
1886 686 1936 714 est
1958 678 2065 716 totius
2081 693 2180 728 quae-

1229 733 1353 771 stionis
1362 733 1484 771 cardo.
1496 734 1745 772 Hebdomades
1753 746 1886 787 septem
1899 747 1931 774 et
1941 737 2181 777 hebdomades
2220 753 2387 788 Expticauo

1229 793 1413 844 sexaginta
1443 794 1525 831 duae
1556 794 1750 832 conficiunt
1771 810 1880 833 annos
1903 797 2182 848 quadringentos
2198 794 2387 862 dss'ssbg‘a’fflzj

1231 854 1406 904 octoginta
1425 863 1517 891 tres:
1535 867 1598 892 nec
1618 854 1712 892 euim
1739 855 1799 892 hic
1826 855 1915 893 dicit
1943 857 2245 903 hebdomadasm,

1230 914 1372 952 dierum
1387 924 1449 952 aut
1468 915 1658 961 mensium,
1678 915 1740 953 sed
1755 930 1940 954 annorum.
1954 919 2072 955 Nama
2087 920 2186 970 Cyro

1233 989 1344 1025 usque
1355 975 1403 1013 ad
1418 975 1635 1013 Antiochum
1646 975 1873 1028 Epiphanem
1888 987 1921 1015 et
1941 979 2186 1029 captivitatem

1232 1035 1331 1072 illam
1348 1045 1429 1073 sunt
1447 1037 1533 1074 anni
1559 1036 1700 1074 trecenti
1716 1038 1908 1089 nonaginta
1928 1049 2091 1089 quatuor.
2113 1041 2188 1077 Ita-

1232 1110 1300 1146 que
1317 1095 1502 1135 declarans
1522 1112 1559 1135 se
1587 1111 1657 1135 non
1680 1099 1725 1136 de
1744 1098 1806 1135 illa
1827 1100 1951 1151 templi
1971 1100 2188 1139 desolatione

1231 1156 1347 1207 loqui,
1369 1157 1431 1195 sed
1451 1171 1504 1205 ea,
1518 1172 1598 1209 quae
1616 1158 1684 1196 fuit
1705 1167 1784 1210 post
1804 1159 1904 1197 illam
1919 1161 1986 1198 sub
2005 1162 2187 1214 PompeiO,

1232 1218 1452 1270 Vespasiano
1479 1228 1513 1256 et
1546 1219 1650 1268 Tito,
1670 1220 1820 1258 ulterius
1855 1221 1991 1272 profert
2018 1231 2183 1274 tempus,

1232 1293 1387 1330 moxque
1402 1279 1530 1318 docens
1551 1295 1614 1320 nos
1631 1311 1640 1329 ,
1659 1281 1755 1319 unde
1783 1291 1943 1333 oporteat
1963 1293 2158 1335 supputare
2174 1314 2184 1332 ,

1232 1338 1452 1378 demonstrat
1467 1355 1537 1378 non
1555 1355 1628 1380 esse
1647 1341 1909 1380 numerandum
1931 1357 1950 1380 a
1967 1343 2027 1381 die
2039 1344 2186 1383 reditus.

1232 1400 1302 1438 Sed
1322 1400 1417 1439 unde
1436 1401 1575 1439 tandem
1592 1402 1609 1439 Ξ)
1628 1402 1694 1439 ΑΙ)
1715 1405 1820 1440 exitu
1841 1410 2026 1443 sermonis
2042 1435 2052 1451 ,
2073 1414 2113 1443 ut
2131 1420 2189 1443 re·

1231 1461 1467 1509 spondeatur
1486 1491 1496 1510 ,
1515 1472 1550 1499 et
1569 1463 1780 1514 aedificetur
1798 1464 2034 1503 Jerusalem.
2055 1470 2101 1503 At
2119 1481 2189 1505 non

1231 1521 1301 1558 fuit
1320 1532 1499 1560 exstructa
1520 1523 1590 1560 sub
1609 1525 1720 1575 Cym,
1742 1524 1804 1561 sed
1823 1525 1890 1561 sub
1911 1529 2111 1565 Artaxerxe
2133 1542 2192 1566 co-

133 1584 369 1624 ὃὙστάσπου
382 1614 393 1632 ,
415 1578 489 1623 εἶτα
508 1583 643 1636 Ξέρξης
662 1587 680 1622 ὃ
699 1584 868 1637 Δαρείου,
886 1585 946 1623 καὶ
969 1585 1058 1635 μετὰ
1078 1589 1162 1623 τοῦ-
1184 1599 1209 1630 c
1234 1593 1424 1633 gnomento
1463 1584 1700 1635 Longimano.
1735 1585 1819 1622 Post
1854 1585 2061 1624 descensum
2097 1590 2191 1627 enim

132 1662 190 1684 τον
206 1645 437 1698 Ἀρταὸάνης·
456 1638 532 1683 εἶτα
557 1645 646 1695 μετὰ
670 1644 887 1698 Ἀρταὸάνην
904 1645 1130 1698 Ἀρταξέρξης
1145 1649 1162 1684 ὃ

134 1706 360 1758 Μακρόχειρ,
378 1705 414 1748 ὃς
442 1705 646 1744 ἐδασίλευσε
664 1708 726 1752 τῆς
746 1705 938 1756 Περσίδος·
956 1706 1017 1743 καὶ
1042 1706 1163 1744 τούτου

136 1767 376 1818 βασιλεύοντος
388 1796 398 1813 ,
414 1768 570 1804 εἰκοστοῦ
605 1766 700 1809 ἔτους
729 1769 792 1813 τῆς
823 1766 1006 1817 βασιλείας
1036 1769 1162 1815 αὐτοῦ,

135 1827 290 1878 Νεεμίας
310 1826 484 1872 ἀνελθὼν,
508 1826 572 1873 τὴν
602 1827 702 1866 πόλιν
729 1828 932 1874 ἀνέστησεν.
955 1828 1024 1866 Καὶ
1051 1833 1164 1867 ταῦτα

137 1893 155 1927 δ
172 1888 328 1941 Ἔσδρας
345 1892 431 1939 ἡμῖν
452 1888 605 1940 ἀκριὸῶς
636 1888 845 1940 διηγήσατο.
872 1888 932 1927 Ἂν
968 1888 1082 1928 τοίνυν
1104 1892 1164 1927 ἐν-

135 1954 252 1989 τεῦθεν
271 1950 481 2002 τετρακόσια
499 1950 558 1988 καὶ
585 1949 798 2001 ὀγδοήκοντα
817 1950 898 2002 τρία
924 1950 984 1995 ἔτη
1006 1952 1165 2002 ἀριθμή-

136 2027 268 2062 σωμεν,
281 2012 420 2055 πάντως
434 2010 561 2061 ἥξομεν
590 2011 648 2050 ἐπὶ
667 2011 731 2058 τὴν
758 2012 991 2065 κατασκαφὴν
1013 2012 1159 2059 ταύτην.

136 2072 205 2112 Διὰ
219 2072 320 2112 τοῦτό
339 2087 457 2124 φησιν,
475 2073 806 2123 Οἷκοδομηθήσεται
821 2075 972 2112 πλατεῖα
992 2073 1051 2111 καὶ
1068 2074 1166 2125 περί-

134 2148 262 2186 τειχος.
285 2132 455 2171 Ἐπειδὰν
472 2127 547 2182 οῦν,
568 2133 688 2184 φησὶν,
706 2135 857 2185 ἀναστῇ,
877 2134 938 2172 καὶ
966 2133 1006 2172 τὸ
1038 2135 1163 2172 οἰκεῖον

134 2194 314 2246 ῧάπολάὸῃ
339 2196 408 2246 0χῆ
414 2209 478 2242 μα,
490 2195 551 2232 ἀπ’
563 2193 694 2232 ἐκείνου
709 2193 770 2237 τὰς
782 2193 980 2244 ἑὸδομάδας
990 2195 1053 2238 τὰς
1065 2195 1163 2234 3660-

137 2254 185 2304 μή
199 2270 305 2294 κοντα
327 2255 482 2307 ἀρίθμει,
502 2255 563 2294 καὶ
584 2256 661 2307 ὄψει
681 2255 746 2302 τὴν
767 2257 1016 2307 αἰχμαλωσίαν
1033 2259 1164 2304 ταύτην

135 2318 196 2354 οὐκ
214 2316 266 2354 ἔτι
281 2317 377 2359 τέλος
392 2316 625 2368 ἔχουσανΚαὶ
637 2321 738 2355 τοῦτο
751 2316 787 2355 δὲ
808 2317 890 2354 αὐτὸ
914 2319 1028 2362 δηλῶν
1052 2318 1164 2371 σαφέ-

137 2392 256 2428 στερον
271 2408 280 2425 ,
301 2377 431 2429 ὅτιούχ
443 2377 510 2420 ἕξει
530 2376 608 2414 τινὰ
629 2377 728 2415 λύσιν
754 2377 798 2415 τὰ
819 2378 1015 2430 κατέχοντα
1041 2379 1165 2422 αὐτοὺς

139 2437 246 2485 κακὰ,
265 2437 354 2475 οὕτω
368 2438 468 2490 φησί·
492 2438 594 2475 Μετὰ
615 2438 677 2481 τὰς
697 2438 894 2489 ἑὸδομάδας
920 2439 982 2482 τὰς
1006 2440 1164 2490 ἑὸδομή·

137 2514 243 2537 κοντα
261 2498 583 2551 ἐξολοθρευθήσεται
599 2505 754 2552 χρῖσμα,
772 2499 831 2537 καὶ
851 2500 961 2551 κρίμα
983 2502 1044 2538 οὐκ
1065 2501 1163 2539 ἔσται

138 2561 173 2597 ἐν
190 2560 296 2611 αὐτῇ,
311 2559 370 2597 καὶ
388 2560 450 2606 τὴν
465 2560 565 2598 πόλιν
591 2559 626 2598 δὲ
641 2560 699 2598 καὶ
716 2560 756 2598 τὸ
775 2561 871 2611 ἅγιον
888 2560 903 2580 ¹¹
915 2563 1164 2614 συνδιαφθαρεῐ

138 2618 198 2657 σὺν
216 2622 266 2672 τῷ
295 2620 477 2674 ἡγουμένῳ
501 2623 551 2672 τῷ
575 2620 778 2673 ἐρχομένῳ,
794 2621 853 2658 καὶ
877 2622 1162 2672 συγκοπήσονται

137 2683 184 2724 ὡς
199 2683 234 2720 ἐν
254 2682 494 2733 κατακλυσμῷ
509 2696 516 2702 ·
535 2682 610 2720 οὐδὲ
632 2682 793 2734 λείψανον
814 2682 910 2720 ἔσται
933 2684 1158 2729 λοιπὸν,οὐδὲ

139 2741 216 2793 ῥίζα
235 2742 340 2780 πάλιν
361 2741 673 2781 ἀναὸλαστάνουσα
684 2773 693 2789 ,
708 2743 767 2781 καὶ
782 2743 847 2786 ἕως
862 2744 980 2786 τέλους
999 2744 1156 2794 πολέμου

139 2803 420 2853 συντετμημένου
439 2805 662 2854 ἀφανισμοῖς.
685 2803 753 2841 Καὶ
766 2804 872 2842 πάλιν
893 2805 1002 2857 λέγων
1024 2806 1087 2853 τὴν
1111 2808 1161 2843 αἱ·

138 2863 348 2914 χμαλωσίαν
369 2863 498 2910 ταύτην
519 2864 622 2916 φησίν
641 2881 648 2888 ·
669 2865 874 2916 ἈρΟήσεται
908 2867 1069 2917 Ουμίαμα
1104 2867 1162 2904 καὶ

139 2923 283 2970 σπονδή·
295 2924 354 2961 καὶ
369 2924 427 2962 ἐπὶ
442 2924 574 2969 τούτοις
591 2926 647 2964 ἐπὶ
664 2927 702 2964 τὸ
715 2926 804 2978 ἱερὸν
818 2927 996 2978 βδέλυγμα
1010 2930 1071 2973 τῆς
1085 2929 1162 2979 ἐρη-

140 2983 299 3033 μώσεως,
317 2983 377 3022 καὶ
392 2984 455 3029 ἕως
469 2986 667 3030 συντελείας
681 2991 804 3040 καιροῦ
825 2989 1004 3026 συντέλεια
1023 2989 1163 3035 δοθήσε-

139 3061 197 3083 ται
217 3046 273 3084 ἐπὶ
295 3045 357 3092 τὴν
377 3046 568 3098 ἐρήμωσιν.
589 3047 705 3087 <Όταν
726 3049 761 3087 δὲ
780 3049 943 3101 ἀκούσῃς,
959 3043 987 3086 ὦ
1002 3050 1163 3093 Ἰουδαῑε,

142 3107 356 3156 συντέλειαν,
370 3107 404 3144 τί
419 3108 540 3146 λοιπὸν
557 3108 610 3146 ἕτε
619 3126 673 3160 ρον
690 3112 905 3164 προσδοκᾷς;
924 3111 993 3149 Καὶ
1009 3111 1066 3148 ἐπὶ
1082 3111 1164 3148 τού-

143 3168 277 3212 τοις.Τί
294 3168 330 3206 δέ
350 3171 456 3217 ἐστιν,
473 3170 559 3209 Ἐπὶ
571 3170 721 3219 τούτοις,
737 3172 924 3219 Τουτέστι,
937 3171 1022 3223 πρὸς
1036 3173 1166 3215 τούτοις

189 3307 205 3330 b
230 3308 307 3338 usuc
332 3319 494 3340 uunorum
523 3311 717 3353 supputatio
733 3324 751 3343 u
774 3313 864 3355 (lym
882 3311 924 3343 nd
949 3311 1149 3343 Antiochum

147 3357 352 3400 Epiphunem
379 3362 506 3401 magnis
526 3371 574 3394 cst
597 3362 853 3395 difficultatibus
870 3363 1028 3401 obnoxiu,
1048 3372 1083 3395 ut
1101 3366 1149 3396 vi-

146 3409 225 3442 «toan
241 3411 327 3453 upud
342 3410 564 3456 chronologos
586 3423 797 3455 recvuttorffl,
818 3417 1034 3459 Sculigvrmn.
1054 3419 1149 3450 Pem—

151 3464 253 3502 vium,
272 3464 453 3496 Uitruuium.

1234 1645 1333 1681 venit
1355 1645 1564 1697 Cambyses,
1585 1645 1713 1683 deinde
1734 1647 1854 1697 magi,
1876 1657 1956 1699 post
1976 1648 2041 1686 hos
2059 1650 2192 1687 Darius

1235 1702 1422 1755 Hystaspae
1441 1704 1538 1741 filius
1556 1735 1565 1752 ,
1587 1704 1754 1757 deinceps
1774 1706 1912 1744 Xerxes
1940 1708 2042 1745 Darii
2062 1708 2160 1746 filius
2181 1739 2190 1756 ,

1236 1772 1316 1815 post
1333 1764 1429 1802 hunc
1442 1765 1666 1803 Artabanus:
1682 1776 1764 1818 post
1780 1768 2002 1806 Artabanum
2020 1772 2191 1807 Artaxer-

1236 1838 1298 1862 xes
1318 1824 1561 1876 Longimanus
1581 1827 1772 1878 imperavit
1789 1827 1942 1866 Persidi.
1964 1828 2011 1867 Et
2024 1830 2112 1868 dum
2132 1830 2191 1868 hic

1236 1899 1385 1937 regnum
1402 1886 1602 1935 obtineret,
1619 1902 1710 1926 anno
1732 1888 1905 1939 vigesimo
1936 1891 2035 1942 regni
2066 1891 2164 1929 illius
2178 1922 2191 1939 ,

1237 1948 1400 1986 Neemias
1423 1962 1589 1987 reversus
1609 1949 1790 1988 civitatem
1807 1950 2034 1991 instauravit.
2050 1954 2097 1992 Et
2115 1955 2192 1992 haec
2211 1971 2228 1992 2
2245 1962 2348 1992 Estlrae
2365 1973 2394 1992 2.

1238 2008 1374 2046 Esdras
1393 2009 1496 2047 nobis
1513 2019 1675 2048 accurate
1689 2010 1887 2064 descripsit.
1899 2014 1971 2051 Nos
1986 2014 2095 2064 igitur
2113 2014 2194 2054 hinc

1236 2068 1517 2121 quadringentos
1533 2073 1713 2123 octoginta
1730 2082 1799 2111 tres
1813 2087 1922 2111 annos
1942 2075 1970 2112 si
1987 2089 2196 2115 numerave-

1236 2129 1349 2168 rimus
1366 2160 1376 2178 ‚
1398 2131 1494 2168 haud
1514 2132 1622 2170 dubie
1641 2134 1823 2171 veniemus
1844 2134 1889 2172 ad
1922 2135 2012 2173 hanc
2040 2138 2195 2176 subver-

1237 2192 1383 2230 sionem.
1396 2191 1479 2230 Ideo
1493 2191 1582 2230 dicit
1600 2207 1609 2230 :
1630 2194 2048 2247 AEdificabiturplatea
2062 2207 2097 2235 et
2112 2213 2195 2237 rnu-

1236 2266 1366 2290 rorum
1397 2256 1578 2291 ambitus.
1600 2255 1690 2292 Cum
1718 2255 1853 2304 igitur,
1873 2266 1911 2294 ut
1938 2257 2010 2301 ait,
2032 2261 2192 2298 restituta

1236 2313 1355 2360 fuerit,
1372 2328 1548 2364 suumque
1571 2323 1702 2352 statum
1718 2317 1887 2367 receperit
1905 2347 1912 2358 ‚
1930 2332 1975 2355 ex
2007 2318 2073 2357 hoc
2103 2334 2192 2372 sup-

1187 2385 1212 2414 n
1238 2383 1323 2424 puta
1343 2373 1583 2411 hebdomades
1600 2376 1821 2426 septuaginta
1843 2405 1853 2422 ‚
1873 2377 2084 2428 videbisque
2102 2381 2194 2418 banc

1238 2434 1481 2485 captivitatem
1499 2435 1656 2472 nondum
1674 2436 1830 2473 sortitam
1851 2438 1956 2474 tinem
1972 2453 2060 2476 esse.
2076 2444 2194 2492 Atque

1239 2496 1306 2533 hoc
1323 2496 1440 2548 ipsum
1454 2495 1656 2534 evidentius
1670 2497 1775 2534 etiam
1789 2499 1963 2549 aperiens,
1981 2501 2075 2549 quod
2098 2503 2189 2539 mala

1237 2558 1368 2608 quibus
1388 2572 1482 2595 nunc
1504 2567 1682 2600 tenentur,
1700 2573 1767 2595 non
1786 2560 1854 2596 siut
1876 2559 2042 2598 habitura
2065 2562 2188 2606 finem,

1237 2619 1282 2658 ad
1304 2620 1397 2657 hunc
1425 2620 1573 2657 modum
1595 2620 1753 2670 loquitur
1773 2636 1781 2657 :
1805 2622 1899 2658 Post
1931 2623 2190 2663 hebdomades
2208 2648 2395 2683 l).1n.0.³⁶.

1239 2689 1368 2718 aulem
1388 2684 1636 2732 septuaginta
1664 2680 1880 2718 abolebitur
1896 2687 2026 2719 unctio
2045 2713 2054 2729 ,
2075 2694 2110 2722 ee
2121 2688 2191 2735 ju-

1238 2744 1381 2779 dicium
1415 2756 1490 2778 non
1526 2744 1596 2778 eri!
1628 2744 1668 2778 in
1699 2755 1756 2783 ea,
1776 2751 1811 2779 et
1831 2746 2025 2780 civitatem
2044 2753 2079 2781 et
2100 2759 2191 2783 san-

1237 2812 1340 2840 ctum
1358 2804 1505 2854 perdet,
1535 2816 1621 2839 cum
1657 2803 1771 2840 Dure
1802 2813 2033 2845 ¹1·‹·n!111·(›.‹‘!
2065 2810 2191 2843 conci-

1236 2865 1378 2902 dentur
1391 2872 1590 2914 tamquam
1610 2865 1649 2898 in
1670 2863 1829 2904 dilus-io,
1848 2878 1960 2912 neque
1981 2878 2192 2917 supeirrunt

1238 2925 1395 2976 reliquiar.
1409 2955 1418 2969 ,
1436 2939 1547 2975 noque
1568 2924 1671 2961 mdix
1689 2938 1767 2974 qua·
1789 2926 1978 2976 repullulet
1993 2957 2002 2969 ,
2020 2937 2055 2964 ct
2072 2942 2194 2980 usque

1190 2996 1212 3024 12
1238 2989 1291 3025 ml
1317 2989 1433 3037 linem
1472 2988 1562 3024 belli
1600 2988 1812 3023 abbreviati
1846 2991 2187 3029 interneciom'bus.

1241 3050 1377 3085 Rursus
1396 3047 1599 3098 loquvusde
1615 3047 1678 3083 luu-
1704 3047 1910 3099 captivitati·
1932 3079 1940 3092 ,
1961 3049 2046 3087 dicit
2070 3067 2076 3086 :
2104 3052 2191 3089 Tol-

1241 3112 1342 3148 letur
1357 3114 1555 3146 incensam
1570 3117 1606 3144 et
1623 3109 1804 3150 lihamen,
1820 3123 1866 3145 m·
1879 3120 2062 3160 paru-ren
2082 3125 2196 3162 super

1242 3172 1420 3222 templum
1442 3170 1681 3208 aboniinutio
1713 3170 1965 3209 desolationis
1983 3202 1991 3214 .
2015 3182 2050 3210 el
2072 3186 2194 3224 usque

1230 3320 1240 3330 '
1267 3311 1325 3342 Alii
1355 3316 1505 3347 ῑὶηολσιῗῃ,
1523 3310 1577 3353 {Et
1597 3311 1641 3340 sii·
1661 3310 1865 3343 Stthlonts,
1889 3312 1989 3356 hcm]

1230 3365 1246 3388 «Ι
1271 3363 1418 3404 Quidum
1435 3364 1509 3394 Mss,
1538 3366 1698 3406 ἷωιῆεΓ-εῑ.
1728 3362 1819 3394 lust-i
1848 3363 1962 3396 Murci.
1982 3370 2114 3407 πολέμου
2131 3383 2193 3400 συν-

1190 3424 1379 3459 ττῐμι;,υἱνου
1397 3422 1583 3457 ὰῑκνισμοῑῆ.
1602 3415 1704 3446 de‘ii.
1723 3420 1855 3458 πολέμου
1873 3426 2095 3462 ουντστμη-υίυ
2116 3428 2154 3463 ,ἐρ
2167 3438 2194 3452 ι-

1194 3486 1313 3512 mlum,
1331 3476 1473 3511 quinum·
1489 3467 1565 3498 Mss.
1583 3476 1751 3513 αἶῃωμφ,

1917 3518 1968 3553 50
