2549 3825
633 260 861 292 ADVERSUS
895 258 1248 290 OPPUGNATORES
1283 257 1397 288 VlTAE
1432 256 1630 287 MONAST.
1670 257 1757 287 Lm.
1796 255 1863 285 111.
2168 238 2256 283 123

213 350 317 388 αὑτοῦ
336 350 394 385 νῦν
423 343 485 395 μὲν
511 345 668 395 θαῤῥεῖν,
691 342 752 380 καὶ
777 343 807 379 εἷ
835 342 870 378 ἐν
899 346 971 383 τοῖς
1001 343 1178 391 βιωτικοῖς
1206 335 1230 391 ᾗ

213 408 415 461 πράγμασιν
441 404 759 454 ἐνδεδεμένος,“ιῖ)ς
785 404 934 448 δυνατῆς
957 400 1017 439 καὶ
1046 400 1136 439 οὕτω
1169 403 1232 446 τῆς

212 466 386 518 σωτηρίας
402 465 506 512 οὔσης
517 480 524 488 ·
539 467 598 502 νῦν
615 463 665 511 δὲ,
677 462 742 501 κᾶν
755 462 896 501 πάντων
909 460 1180 511 ἀπηλλαγμένος
1195 455 1231 512 ἦ,

211 526 350 579 τρέμειν
370 526 431 564 καὶ
459 524 659 573 δεδοικέναι,
680 527 728 566 ὡς
747 523 823 562 οὐδὲ
850 522 980 561 τούτων
999 521 1107 574 χωρὶς
1134 522 1233 559 εὗδο-

211 591 361 639 κιμῆσαι
381 586 467 624 ἐνόν.
488 588 533 625 Εἰ
549 585 617 638 γὰρ
634 585 736 624 πόλιν
755 586 859 622 οἰκῶν
879 583 1029 630 ἠδύνατο
1048 582 1230 628 σώζεσθαι,
1258 593 1283 622 Ε

211 651 258 692 ὡς
283 647 386 699 ἔφης,
413 649 534 699 πολλῷ
569 647 700 697 μᾶλλον
730 645 794 693 τὴν
825 643 975 696 ἐρημίαν
1003 642 1228 682 καταλαὸών.

211 711 296 753 Πῶς
315 703 372 748 οῧν
395 710 435 748 τὸ
454 709 620 748 ἀδύνατον
639 710 787 746 ἐνταῦθα
809 707 984 753 δέδοικας,
1006 708 1077 744 ἐκεῖ
1096 704 1145 756 μὴ
1166 720 1231 757 φο-

214 770 332 818 ὅηθεὶς
350 769 430 809 ἔνθα
450 772 580 822 μᾶλλον
601 771 730 822 ἐχρῆν;

266 1443 320 1481 Οὔ
332 1441 400 1494 γάρ
420 1444 506 1488 ἐστι,
519 1440 636 1493 φησὶν,
648 1440 722 1478 ἴσον
737 1439 898 1491 βιωτικὸν
912 1439 995 1478 ὄντα
1013 1440 1231 1490 διαμαρτεῖν,

213 1503 272 1541 καὶ
297 1502 459 1546 καθάπαξ
485 1502 655 1541 ἀναθέντα
682 1501 804 1540 ἑαυτὸν
826 1504 877 1552 τῷ
896 1503 998 1553 Θεῷ·
1021 1503 1058 1539 οὔ
1077 1500 1144 1552 γὰρ
1163 1500 1233 1538 ἀπὸ

1309 348 1490 386 eventum,
1507 339 1568 377 sed
1589 340 1694 378 finem
1714 348 1853 377 tantum
1872 336 2065 389 respiciens
2087 351 2095 372 ε
2116 334 2176 374 hic
2195 350 2259 373 au-

1310 408 1381 436 tem
1397 413 1478 437 cum
1501 400 1656 438 nondum
1672 399 1719 438 ad
1736 397 1954 437 vestibulum
1974 410 2062 449 puer
2080 396 2259 447 ingressus

1310 460 1367 506 sit,
1388 474 1498 510 neque
1512 460 1604 498 hanc
1619 460 1899 513 pulcherrimam
1922 456 2189 510 philosophiam
2207 464 2261 494 at-

1309 521 1442 571 tigerit,
1459 523 1579 559 statim
1599 523 1702 560 times
1723 531 1757 559 et
1775 520 1948 572 trepidas,
1964 521 2041 571 jam
2058 519 2261 570 desperatas

1310 582 1539 631 cogitationes
1555 582 1740 620 admittis.⁰
1757 582 1865 632 Atqui
1882 582 1958 632 ipse
1979 580 2086 632 paulo
2109 589 2190 617 ante
2205 579 2263 617 di·-

1311 643 1414 680 cebas
1434 660 1440 679 :
1470 642 1568 691 Quid
1593 643 1713 681 enim?
1740 643 1829 690 isne,
1851 642 1914 692 qui
1938 641 2062 678 urbem
2086 640 2209 677 incolit
2227 648 2263 677 et

1311 701 1474 752 domum,
1501 703 1652 741 salutem
1671 702 1839 753 consequi
1864 715 1934 739 non
1953 700 2094 753 potest?
2112 701 2210 751 Ergo
2232 700 2264 738 si

1311 776 1393 801 cum
1412 763 1514 811 urbe,
1534 764 1640 802 domo
1657 773 1690 802 et
1712 777 1826 801 uxore
1843 762 1995 800 salutem
2012 761 2178 811 consequi
2197 775 2264 812 po—

1311 832 1378 871 tes,
1401 824 1514 861 multo
1535 825 1650 876 magis
1669 825 1743 862 sine
1760 837 1873 861 uxore
1893 831 1929 860 et
1943 821 2024 859 aliis
2039 820 2261 872 hujusmodi.

1309 885 1432 935 Neque
1450 884 1546 922 enim
1573 894 1625 922 est
1644 884 1806 936 ejusdem
1827 883 1984 921 hominis
2002 895 2097 919 nunc
2118 881 2267 931 quidem

1308 946 1500 993 confidere,
1527 946 1668 984 etiamsi
1688 945 1918 984 saecularibus
1934 943 2087 995 negotiis
2106 942 2266 993 illigatus

1306 1007 1476 1053 suerit‚ac
1489 1008 1519 1045 si
1528 1008 1596 1046 hoc
1611 1022 1750 1059 quoque
1762 1006 1869 1046 modo
1879 1006 1975 1044 salus
1989 1005 2126 1055 acquiri
2135 1005 2266 1055 possit:

1309 1082 1404 1106 nunc
1419 1083 1521 1115 vero,
1551 1068 1616 1106 etsi
1637 1068 1683 1106 ab
1705 1068 1873 1106 omnibus
1892 1067 1984 1105 liber
2003 1065 2171 1113 evaserit,
2190 1073 2269 1102 tre-

1307 1144 1402 1168 mere
1423 1143 1465 1168 ac
1499 1139 1668 1178 metuere,
1693 1129 1794 1180 quasi
1818 1128 1894 1166 sine
1919 1128 1993 1166 illis
2012 1127 2123 1180 probe
2148 1126 2269 1165 vivere

1309 1205 1380 1229 non
1404 1191 1525 1244 possit.
1547 1191 1641 1229 Nam
1656 1191 1685 1229 si
1702 1190 1746 1238 is,
1769 1190 1832 1241 qui
1851 1190 1978 1228 urbem
1997 1189 2134 1236 incolit,
2151 1197 2269 1241 posset

1307 1252 1462 1290 salutem
1482 1252 1655 1301 nancisci,
1684 1260 1725 1289 ut
1750 1250 1853 1300 dicis,
1872 1250 1986 1290 multo
2011 1249 2126 1301 magis
2143 1250 2206 1300 qui
2230 1249 2268 1287 in

1307 1313 1500 1351 solitudine
1513 1312 1622 1363 degit.
1635 1312 1736 1361 Quid
1756 1312 1868 1363 igitur
1881 1311 1940 1349 hic
1954 1324 2023 1349 non
2038 1324 2139 1363 posse
2151 1310 2268 1357 times,

1308 1389 1390 1413 cum
1406 1374 1482 1412 illic
1495 1388 1566 1412 non
1583 1374 1721 1422 timeas,
1732 1373 1794 1410 ubi
1807 1372 1927 1425 potius
1941 1371 2140 1410 timendum
2155 1370 2269 1409 esset?

1363 1436 1426 1474 14.
1447 1437 1507 1481 At,
1530 1435 1684 1486 inquies,
1710 1448 1781 1472 non
1804 1448 1869 1486 par
1889 1433 2022 1471 crimen
2047 1441 2099 1470 est
2118 1431 2268 1470 saecula-

1310 1511 1384 1534 rem
1404 1509 1563 1547 peccare,
1583 1504 1616 1533 et
1635 1509 1715 1532 eum
1733 1494 1794 1546 qui
1811 1493 1918 1532 semel
1937 1507 1974 1531 se
1991 1494 2069 1530 Deo
2088 1506 2268 1531 consecra-

212 1568 272 1603 τοῦ
292 1565 396 1602 αὐτοῦ
418 1563 522 1615 ὕψους
540 1562 730 1615 ἀμφότεροι
749 1561 1042 1607 καταπίπτουσιν,
1066 1562 1140 1598 ὅθεν
1157 1561 1232 1599 οὐδὲ
1248 1593 1295 1618 101
1312 1558 1402 1595 verit
1424 1573 1431 1593 :
1471 1571 1584 1607 neque
1609 1557 1704 1594 enim
1729 1555 1834 1592 ambo
1861 1554 1907 1592 ab
1931 1554 2053 1592 eadem
2079 1552 2269 1591 altitudine

211 1624 256 1662 τὰ
275 1622 462 1675 τραύματα
483 1625 600 1666 αὐτοῖς
620 1623 688 1661 ἴσα.
708 1624 852 1675 Σφόδρα
871 1625 1008 1674 ἀπατᾷς
1027 1622 1152 1660 σαυτὸν
1175 1623 1235 1660 καὶ
1261 1631 1286 1658 A
1312 1619 1465 1665 cadunt;
1483 1631 1591 1668 quare
1610 1630 1734 1654 eorum
1751 1615 1900 1653 vulnera
1916 1629 1986 1652 non
2002 1613 2154 1665 aequalia
2171 1623 2267 1651 sunt.

212 1685 394 1738 σφάλλεις,
427 1685 457 1722 εἷ
476 1685 568 1722 ἄλλα
599 1684 660 1735 μὲν
690 1685 755 1722 οἴει
773 1685 830 1722 τὸν
863 1684 1048 1734 βιωτικὸν,
1075 1682 1178 1736 ἕτερα
1198 1683 1235 1721 δὲ

212 1748 436 1784 ἀπαιτεῖσθαι
461 1745 520 1783 τὸν
543 1745 712 1797 μοναχόν·
733 1748 755 1792 ἡ
774 1745 841 1796 γὰρ
864 1744 1012 1796 διαφορὰ
1039 1744 1172 1787 τούτοις
1199 1746 1234 1782 ἐν

211 1809 261 1859 τῷ
280 1809 440 1858 γαμῆσαι
460 1807 520 1845 καί
541 1806 609 1857 μὴ,
629 1809 698 1844 τῶν
718 1807 753 1844 δὲ
782 1806 897 1844 ἄλλων
924 1805 1037 1844 ἕνεκεν
1069 1805 1234 1844 ἁπάντων

212 1867 328 1911 κοινὰς
346 1867 516 1920 ὑπέχουσι
540 1867 602 1910 τὰς
627 1866 781 1910 εὐθύνας.
806 1867 877 1905 Καὶ
893 1866 961 1920 γὰρ
978 1870 996 1905 ὃ
1015 1867 1236 1920 ὀργιζόμενος

211 1932 260 1982 τῷ
285 1931 422 1982 ἀδελφῷ
444 1931 546 1967 αὐτοῦ
569 1930 658 1981 εἰκῇ,
678 1929 743 1967 κᾶν
762 1944 801 1966 τε
819 1929 1000 1980 βιωτικὸς,
1023 1929 1087 1967 κάν
1108 1945 1146 1967 τε
1167 1944 1235 1979 μο-

212 1991 315 2043 ναχὸς
334 1985 357 2043 ᾗ
369 2020 379 2037 ,
400 1993 451 2043 τῷ
477 1993 559 2043 Θεῷ
583 1990 838 2042 προσέκρουσεν
858 1989 1005 2040 ὁμοίως·
1033 1990 1092 2028 καὶ
1111 1994 1129 2029 ὃ
1151 1990 1235 2041 βλέ-

211 2067 286 2098 πων
310 2058 456 2103 γυναῖκα
475 2053 560 2105 πρὸς
579 2052 618 2090 τὸ
640 2053 856 2103 ἐπιθυμῆσαι
876 2054 996 2098 αὐτῆς,
1017 2052 1060 2090 ἄν
1079 2068 1116 2090 τε
1134 2055 1235 2091 τοῦτο

212 2113 253 2151 ἄν
271 2129 309 2152 τε
327 2115 437 2152 ἐκεῖνο
462 2113 640 2166 τυγχάνῃ,
660 2113 787 2164 ὁμοίως
805 2112 893 2164 ὑπὲρ
912 2116 974 2159 τῆς
996 2113 1156 2165 μοιχείας
1177 2130 1234 2152 τι-

212 2174 461 2226 μωρηθήσεται
489 2174 628 2222 ταύτης.
661 2175 706 2212 Εἰ
735 2173 770 2212 δὲ
794 2173 864 2226 χρὴ
886 2174 946 2212 καὶ
974 2174 1042 2212 ἀπὸ
1067 2176 1235 2225 λογισμοῦ

211 2238 422 2286 προσθεῖναι,
433 2238 449 2273 ὃ
462 2235 623 2286 βιωτικὸς
639 2235 964 2286 ἀσυγγνωστότερος
979 2238 1079 2272 τοῦτο
1093 2235 1214 2273 παθών
1225 2248 1233 2256 ·

210 2295 248 2333 οὐ
267 2295 334 2346 γάρ
355 2298 447 2334 ἐστιν
466 2296 538 2334 ἴσον
560 2298 707 2347 γυναῖκα
726 2296 864 2347 ἔχοντα,
881 2295 941 2332 καὶ
956 2294 1128 2342 τοσαύτης
1151 2299 1235 2333 ἀπο-

209 2355 360 2394 λαύοντα
379 2356 625 2407 παραμυθίας,
652 2355 774 2393 κάλλει
797 2362 1037 2407 προσπταῖσαι
1058 2357 1233 2406 γυναικὸς,

211 2416 271 2454 καὶ
290 2416 428 2463 ἁπάσης
447 2416 577 2462 ταύτης
595 2416 876 2468 ἀπεστερημένον
893 2419 955 2462 τῆς
970 2417 1129 2467 βοηθείας
1149 2419 1235 2455 ἁλῶ-

210 2494 266 2516 ναι
284 2480 335 2529 τῷ
354 2479 468 2531 δεινῷ.
486 2478 602 2516 Πάλιν
616 2481 634 2516 ὁ
649 2477 766 2529 ὀμνὺς,
783 2478 824 2516 ἄν
840 2493 877 2516 τε
896 2481 998 2516 τοῦτο
1014 2478 1054 2515 ἄν
1069 2495 1107 2517 τε
1125 2482 1235 2517 ἐκεῖνο

210 2533 252 2591 ᾗ,
278 2539 405 2589 ὁμοίως
433 2539 717 2584 καταδικάζεται.
743 2538 836 2578 Οὐδὲ
857 2539 924 2591 γὰρ
944 2542 961 2577 ὁ
988 2540 1154 2590 Χριστὸς,
1177 2540 1232 2578 ὅτε

209 2600 289 2650 περὶ
308 2599 438 2638 τούτων
458 2599 659 2639 διετάσσετο
676 2600 735 2637 καὶ
759 2600 966 2650 ἐνομοθέτει,
986 2604 1104 2638 τοῦτον
1119 2601 1236 2647 ἐποιή·

210 2676 296 2699 σατο
316 2661 375 2700 τὸν
403 2662 604 2714 διορισμὸν,
628 2661 703 2701 οὐδὲ
729 2655 840 2700 εἶπεν·
869 2662 929 2700 ἐὰν
957 2662 1019 2712 μὲν
1043 2664 1195 2715 μοναχὸς
1217 2667 1234 2702 ὁ

211 2721 346 2772 ὀμνύων
360 2717 396 2774 ᾗ,
413 2724 452 2760 ἐκ
467 2726 526 2760 τοῦ
543 2726 694 2774 πονηροῦ
706 2725 724 2761 ὁ
738 2722 854 2774 ὅρκος·
874 2723 933 2761 ἐὰν
949 2725 984 2762 δὲ
1004 2724 1052 2774 μὴ
1071 2724 1234 2776 μοναχὸς,

211 2782 325 2821 οὐκέτι
336 2795 343 2802 “
362 2783 441 2821 ἀλλ’
455 2783 574 2826 ἁπλῶς
591 2782 650 2820 καὶ
666 2782 829 2826 καθάπαξ
844 2783 973 2821 ἅπασιν
989 2783 1104 2834 ἔλεγεν
1115 2797 1122 2804 ·
1139 2783 1235 2835 Ἰζγὼ

212 2841 352 2894 δὲλέγω
363 2845 457 2893 ὑμῖν,
471 2842 521 2892 μὴ
536 2842 664 2894 ὀμόσαι
677 2842 777 2886 ὅλως.
793 2844 862 2883 Καὶ
875 2843 980 2882 πάλιν
999 2844 1119 2888 εἰπὼν,
1141 2846 1234 2883 Οὐαὶ

211 2908 283 2947 τοῖς
295 2905 456 2955 γελῶσιν,
471 2904 508 2942 οὐ
522 2904 717 2955 προσέθηκε
728 2904 806 2948 τοὺς
822 2905 1008 2957 μοναχοὺς,
1022 2907 1100 2943 ἀλλ’
1116 2907 1235 2949 ἁπλῶς

213 2964 460 3015 ἐνομοθέτησεν
498 2964 629 3003 ἅπασιν
665 2965 776 3003 οὕτω·
805 2966 864 3006 καὶ
890 2968 924 3004 ἐν
953 2972 1024 3009 τοῖς
1051 2968 1167 3010 ἄλλοις
1198 2968 1233 3005 δὲ

213 3025 341 3065 ἅπασιν
365 3025 473 3069 οὕτως
493 3025 637 3072 ἐποίησε
660 3033 732 3069 τοῖς
753 3028 917 3077 μεγάλοις
942 3028 1000 3066 καὶ
1022 3032 1234 3079 θαυμαστοῖς

212 3086 495 3138 παραγγέλμασι.
514 3087 582 3124 Καὶ
596 3085 662 3138 γὰρ
678 3086 736 3126 ὅτε
753 3087 864 3138 λέγει·
887 3087 1064 3139 Μακάριοι
1085 3092 1115 3127 οἱ
1136 3105 1233 3127 πτω-

212 3146 270 3198 χοὶ
287 3149 336 3200 τῷ
355 3146 550 3197 πνεύματι,
570 3151 601 3186 οἱ
628 3152 850 3195 πενθοῦντες,
870 3152 901 3187 οἱ
926 3156 1067 3201 πραεῖς,
1096 3152 1126 3188 οἱ
1152 3167 1232 3188 πει-

213 3208 335 3252 νῶντες
353 3208 410 3247 καὶ
431 3209 596 3260 διψῶντες
615 3209 678 3256 τὴν
699 3210 920 3257 δικαιοσύνην
937 3241 945 3255 ‚
973 3214 1003 3249 οἱ
1023 3212 1207 3261 ἐλεήμονες
1222 3242 1230 3255 ,

215 3269 246 3307 οἱ
263 3270 406 3323 καθαροὶ
425 3272 468 3322 τῇ
489 3269 632 3321 καρδίᾳ,
651 3271 682 3309 οἱ
703 3272 932 3323 ιίρηνοποιοὶ,
952 3276 982 3311 οἱ
1005 3272 1230 3323 δεδιωγμένοι

1314 1678 1488 1730 Teipsum
1506 1692 1650 1729 prorsus
1664 1677 1773 1723 fallis,
1797 1677 1825 1713 si
1844 1676 1913 1713 alia
1931 1685 2035 1728 putas
2052 1690 2071 1713 a
2087 1675 2266 1724 saeculari,

1311 1741 1382 1778 alia
1409 1754 1429 1778 a
1458 1739 1633 1778 monacho
1661 1740 1771 1790 exigi.
1794 1738 1995 1777 Discriinen
2024 1738 2159 1790 quippe
2178 1740 2270 1776 inter

1313 1802 1393 1839 illos
1411 1801 1480 1839 hoc
1496 1809 1560 1848 est,
1573 1799 1669 1851 quod
1689 1800 1781 1837 alius
1793 1799 1899 1837 ducat
1914 1813 2076 1845 uxorem,
2089 1799 2182 1836 alius
2196 1813 2266 1837 non

1311 1863 1434 1908 ducat,
1454 1876 1518 1914 pro
1538 1862 1621 1900 aliis
1638 1876 1720 1899 vero
1738 1861 1904 1898 omnibus
1920 1874 2146 1898 communem
2160 1860 2267 1899 ambo

1312 1924 1487 1962 rationem
1503 1923 1679 1963 reddituri
1694 1931 1788 1960 sunt.
1800 1923 1892 1960 Nam
1907 1922 1970 1972 qui
1985 1921 2152 1959 irascitur
2165 1922 2265 1960 fratri

1312 1998 1377 2022 suo
1391 1985 1466 2022 sine
1481 1999 1598 2032 causa,
1613 1985 1691 2022 sive
1706 1983 1885 2021 saecularis
1900 1983 1976 2020 sive
1995 1982 2192 2020 monachus
2205 1983 2249 2020 sit

1311 2049 1428 2086 Deum
1450 2046 1613 2085 similiter
1633 2044 1784 2084 offendit
1808 2060 1815 2080 :
1838 2053 1872 2082 et
1895 2044 1955 2095 qui
1975 2043 2118 2095 respicit
2138 2043 2266 2081 mulie-

1312 2122 1387 2146 rem
1403 2108 1448 2147 ad
1465 2105 1788 2159 concupiscendum
1807 2119 1899 2151 eam,
1922 2105 2092 2143 utrolibet
2112 2104 2148 2142 in
2171 2114 2266 2143 statu

1311 2172 1368 2217 sit,
1386 2170 1509 2209 eadem
1526 2168 1695 2207 adulterii
1713 2168 1887 2219 plectetur
1900 2181 2026 2219 poena3
2046 2166 2119 2204 imo
2132 2180 2216 2204 vero
2237 2167 2266 2204 si

1313 2231 1402 2282 quid
1422 2229 1668 2270 ratiocinando
1688 2228 1819 2266 addere
1840 2228 1892 2265 fas
1917 2228 1978 2273 sit,
1999 2227 2182 2266 saecularis
2202 2226 2269 2264 hoc

1311 2307 1418 2344 agens
1438 2292 1556 2330 minus
1577 2290 1678 2328 venia
1696 2289 1828 2340 dignus
1847 2297 1910 2326 est.
1929 2289 2009 2326 Non
2027 2288 2122 2325 enim
2140 2302 2205 2339 par
2220 2288 2270 2325 sa-

1312 2354 1412 2392 cinus
1427 2363 1477 2391 est
1493 2366 1590 2397 enm,
1611 2351 1671 2402 qui
1689 2363 1838 2387 uxorem
1857 2349 1978 2395 habet,
2000 2359 2032 2386 et
2055 2349 2123 2386 hac
2139 2362 2270 2386 conso-

1311 2415 1442 2452 latione
1460 2414 1606 2459 fruitur,
1636 2411 1798 2449 mulieris
1821 2410 2093 2462 pulchritudine
2115 2409 2270 2454 abduci,

1311 2476 1369 2513 vel
1380 2489 1459 2513 eum
1474 2475 1535 2524 qni
1548 2474 1615 2511 hoc
1629 2487 1774 2525 prorsus
1788 2472 1996 2510 destituitur
2009 2471 2158 2514 auxilio.
2170 2471 2217 2508 ab
2229 2471 2271 2508 il-

1311 2537 1346 2575 lo
1361 2536 1456 2574 vinci
1480 2535 1584 2572 malo.
1605 2536 1744 2572 Rursus
1762 2533 1823 2581 qui
1841 2533 1955 2582 jurat,
1984 2531 2018 2568 in
2042 2544 2271 2581 quocumque

1312 2607 1403 2637 statu
1422 2607 1593 2642 versetur,
1606 2596 1682 2648 pari
1699 2594 1806 2632 modo
1821 2593 2023 2631 damn-nur.
2040 2594 2163 2643 Neque
2174 2593 2268 2630 enim

1313 2659 1478 2697 Christus
1497 2672 1577 2695 cum
1600 2658 1664 2694 line
1687 2655 1732 2693 de
1757 2669 1793 2692 re
1812 2663 1980 2692 statueret
2002 2654 2186 2704 legemque
2208 2667 2269 2706 po·

1313 2730 1423 2766 neret,
1445 2720 1535 2757 lianc
1557 2717 1821 2756 distinctionem
1842 2715 1940 2758 fecit,
1958 2728 2070 2765 neque
2090 2714 2201 2758 dixit,
2227 2714 2268 2752 Si

1314 2783 1343 2819 is
1358 2782 1419 2832 qni
1433 2782 1529 2832 jurat
1553 2778 1747 2817 inonachus
1763 2777 1823 2820 sit,
1842 2790 1885 2814 ex
1904 2775 2061 2826 maligno
2077 2784 2127 2812 est
2143 2776 2268 2826 jusju-

2281 2095 2347 2123 bus.

1313 2843 1484 2886 1·andnni;
1505 2842 1533 2878 si
1555 2855 1622 2878 non
1648 2839 1857 2880 inonachus,
1885 2852 1953 2875 non
1976 2838 2079 2875 item:
2103 2836 2163 2874 sed
2180 2837 2268 2874 sim-

1315 2903 1454 2956 pliciter
1474 2901 1654 2950 semelque
1684 2898 1851 2936 omnibns
1880 2897 1972 2935 dixit
1994 2913 2001 2935 :
2027 2899 2111 2947 Ego
2137 2906 2265 2934 autc-m
2286 2921 2398 2949 ,huh—
2417 2920 2447 2950 5'

1312 2968 1398 3003 dico
1431 2966 1558 3005 voltis,
1590 2976 1664 2998 rwn
1692 2963 1827 3010 ''m-are
1859 2961 2027 2996 υιηιιίιω.
2061 2958 2264 3008 iterumque
2287 2967 2332 3002 ¹4-

1312 3040 1393 3063 enni
1409 3025 1468 3067 nit.
1488 3026 1551 3060 1⁷ae
1563 3023 1778 3060 ridentibus
1791 3050 1799 3063 .
1816 3034 1883 3057 non
1899 3019 2052 3060 addidit.
2067 3019 2265 3064 :nouat-his,
2283 3040 2352 3068 Luc.
2366 3040 2397 3070 5·
2420 3038 2472 3068 ,5⁸

1277 3091 1283 3117 '-
1311 3087 1371 3125 sed
1388 3085 1599 3137 simpliciter
1615 3083 1664 3120 >ic
1684 3081 1850 3119 onmibus
1875 3081 1988 3131 legent
2013 3080 2107 3118 tulit.
2133 3080 2266 3131 Sieque
2458 3076 2462 3080 ”

1311 3149 1390 3186 feeit
1407 3148 1512 3185 ctiam
1533 3148 1565 3183 in
1583 3145 1663 3182 aliis.
1681 3143 1847 3181 omuibus
1865 3143 2002 3192 magnis
2018 3142 2264 3180 mirabilibus·

1311 3224 1378 3260 qne
1408 3206 1605 3260 praeceptis.
1637 3207 1728 3242 (inin
1748 3205 1840 3241 enini
1868 3205 1930 3245 ait.
1966 3203 2060 3241 Beati
2092 3218 2264 3256 pauperes
2284 3227 2396 3255 nauh.
2418 3227 2446 3254 ἃ

1313 3270 1457 3322 spiritu,
1489 3269 1660 3317 lugentes.
1691 3266 1805 3309 mites,
1835 3265 2028 3302 esurientes
2052 3274 2084 3302 et
2109 3265 2265 3303 sitientes
2281 3273 2382 3302 3.-12.

261 3417 273 3429 ⁴³
295 3407 395 3440 Sffi‘ss·
413 3416 446 3440 0²
463 3421 544 3440 ¹¹¹¹¹¹³
560 3414 597 3447 ὡς
609 3412 731 3448 δυνατῆς
745 3437 752 3451 ,
765 3410 877 3442 Mon-l.
895 3419 926 3443 et
941 3411 1022 3442 atius
1038 3418 1069 3446 ο)
1083 3416 1217 3450 siquenm.
1255 3410 1368 3443 Movet.
1389 3418 1440 3442 μ’,
1459 3415 1578 3444 rojam.
1600 3408 1700 3441 Panlo
1721 3417 1794 3450 pust
1815 3420 1894 3440 unm
1911 3407 2023 3439 (lodex
2048 3409 2265 3444 sjs,01:a,„,2.

223 3456 309 3491 lustu
327 3458 424 3492 iidem
444 3466 496 3493 ae't'v
512 3467 629 3495 πάντων
642 3489 648 3499 ,
667 3470 700 3493 et
717 3463 763 3493 sia:
782 3462 855 3503 tegit
872 3464 1037 3506 interpres
1069 3464 1169 3496 sinn.
1187 3472 1219 3496 vt
1256 3480 1290 3496 aa
1323 3470 1342 3495 :i
1364 3479 1414 3506 μς.

2326 1928 2473 1967 Praeeepu

2285 1970 2385 1998 eadem
2411 1980 2472 1998 mo-

2254 2014 2264 2029 ’
2315 2012 2415 2038 meliis
2443 2019 2471 2040 et

2329 2054 2473 2081 saeculari-
