2549 3825
600 288 656 320 nn
692 288 1131 330 οοΝευΒεΤιΝΤιΑιι,
1173 285 1347 316 CONTRA
1387 284 1622 316 moriones
1660 278 1744 316 vu:

160 370 288 425 Πατὴρ
307 372 432 425 ἐγείρει
448 387 526 416 τους
545 371 682 424 νεκρους
701 387 760 410 και
784 375 957 418 ζωοποιεῖ,
976 371 1065 409 οὕτω
1090 385 1148 407 και
1164 371 1182 406 ὁ

162 435 219 472 Υ
197 450 244 477 ιος
261 433 318 477 οὒς
337 434 429 472 θέλει
449 435 622 478 ζωοποιει,
634 449 694 471 και
712 433 778 471 οσα
799 432 903 484 ἕτερα
931 426 1047 478 εἷπον,
1066 447 1124 470 και
1143 429 1183 468 τὸ

161 494 266 533 πάλιν
284 495 460 546 εὔχεσθαι,
477 494 585 541 ἡνίκα
605 493 645 531 ἂν
661 493 720 545 δέη
743 509 845 531 τουτο
859 500 993 541 ποιεῖν,
1009 492 1181 531 ἐναντίον·

162 555 240 592 ἀλλ’
257 554 316 592 ἐὰν
331 554 393 597 τὰς
412 554 526 597 αἰτίας
537 554 636 602 εἴπω,
647 560 745 591 πᾶσα
756 553 1094 605 ἀνῃρηταιλοιπον
1076 568 1182 603 αμιοι·
1207 557 1231 587 C

163 615 347 662 σὸήτησις.
366 615 470 659 Τίνες
481 609 539 654 οἶν
557 616 642 653 εἰσιν
663 618 698 653 αἱ
713 615 822 653 αἰτίαι
836 619 896 652 τοῦ
911 613 1059 652 ταπεινὰ
1069 591 1182 651 πολλὰ

162 676 222 713 καὶ
243 676 344 714 αὐτὸν
360 676 420 714 καὶ
438 675 514 719 τοὺς
531 675 745 720 ἀποστόλους
766 675 942 726 εἰρηκέναι
961 674 1040 725 περὶ
1058 674 1180 720 αὐτοῦ,

163 736 295 788 Πρώτη
321 735 384 786 μὲν
412 731 470 775 οῧν
490 736 585 775 αἰτία
604 738 663 775 καὶ
683 737 830 788 μεγίστη
849 766 858 781 ,
887 737 927 774 τὸ
948 736 1061 787 σάρκα
1082 733 1182 772 αὐτὸν

164 797 461 849 περιὸεὸλῆσθαι,
499 799 558 836 καὶ
593 798 777 848 βούλεσθαι
805 798 866 836 καὶ
892 797 972 839 τοὺς
1006 796 1085 834 τότε
1123 795 1182 833 καὶ

166 858 244 902 τοὺς
265 858 354 909 μετὰ
384 863 493 897 ταῦτα
523 857 768 896 πιστώσασθαι
795 859 950 904 πάντας,
965 856 1019 894 ὅτι
1041 859 1080 894 οὐ
1101 857 1184 895 σκιά

165 920 217 963 τίς
242 921 357 968 ἐστιν,
381 919 458 958 οὐδὲ
488 922 611 970 σχῆμα
651 919 771 962 ἁπλῶς
813 919 853 956 τὸ
882 917 1078 969 ὁρώμενον,
1106 920 1183 956 ἀλλ’

167 980 312 1027 ἀλήθεια
329 979 474 1031 φύσεως.
495 980 539 1016 Εἰ
557 980 624 1030 γὰρ
643 983 796 1017 τοσαῦτα
810 979 958 1016 ταπεινὰ
973 978 1031 1016 καὶ
1050 978 1184 1032 ἀνθρώ-

165 1056 249 1079 πινα
269 1041 350 1093 περὶ
369 1043 472 1078 αὐτοῦ
489 1040 548 1078 καὶ
566 1043 634 1078 τῶν
665 1039 869 1078 ἀποστόλων
896 1040 1105 1093 εἰρηκότων,
1126 1042 1185 1078 καὶ

164 1103 268 1140 αὐτοῦ
288 1101 369 1152 περὶ
385 1103 508 1139 ἑαυτοῦ
522 1131 531 1149 ,
550 1101 646 1152 ὅμως
667 1103 809 1152 ἴσχυσεν
837 1104 854 1139 ὃ
883 1101 1042 1145 διάῧολος
1066 1101 1187 1139 πεῖσαί

163 1177 259 1206 τινας
282 1165 350 1200 τῶν
379 1160 508 1200 ἀθλίων
527 1161 587 1199 καὶ
606 1161 840 1214 ταλαιπώρων
860 1161 1053 1214 ἀνθρώπων
1079 1162 1186 1214 ἀρνή-

163 1227 289 1262 σασθαι
309 1225 370 1270 τῆς
398 1223 597 1273 οἰκονομίας
621 1223 679 1261 τὸν
704 1222 834 1300 λόγον,
856 1223 914 1261 και
934 1225 1110 1274 τολαῆσαι
1142 1227 1188 1262 εἰ·
1213 1239 1236 1268 ι)

161 1290 253 1330 πεῖν,
267 1284 321 1322 ὅτι
339 1285 456 1337 σάρκα
474 1285 535 1323 οὐκ
539 1284 665 1333 ἔλαὸε,
682 1300 742 1322 και
763 1284 824 1331 τὴν
845 1291 962 1323 πασαν
984 1301 1046 1331 της
1062 1287 1185 1337 φιλαν-

162 1345 318 1398 θρωπίας
333 1345 493 1384 ὑπόθεσιν
517 1347 670 1383 ἀνελεῖν·
685 1348 714 1384 εἰ
731 1345 839 1395 μηδὲν
858 1345 988 1384 τούτων
1005 1350 1105 1393 εἰπε,
1118 1348 1185 1386 πό-

161 1422 215 1444 σοι
246 1408 308 1444 οὐκ
333 1406 372 1444 ἂν
399 1408 445 1450 εἰς
479 1405 518 1443 τὸ
541 1405 712 1457 βάραθρον
741 1411 842 1445 τοῦτο
871 1406 1089 1456 κατέπεσονς
1109 1409 1186 1447 Οὐκ

163 1467 299 1511 ἀκούεις
314 1466 366 1505 ἔτι
382 1467 441 1506 καὶ
460 1470 518 1504 νῦν
536 1467 744 1520 Μαρκίωνος
764 1467 976 1519 ἀρνουμένου
998 1468 1060 1516 τὴν
1086 1471 1181 1508 οἷκο·

161 1528 304 1580 νομίαν,
323 1528 382 1567 καὶ
405 1528 604 1580 Μανιχαίου
619 1558 629 1576 ,
650 1529 711 1566 καὶ
739 1528 991 1577 Οὐαλεντίνου,
1011 1530 1071 1568 καὶ
1101 1532 1185 1569 πολ-

161 1591 230 1628 λῶν
261 1590 409 1641 ἑτέρων;
427 1589 495 1627 Διὰ
526 1593 628 1627 τοῦτο
657 1589 772 1628 πολλὰ
804 1590 1003 1641 ἀνθρώπινα
1033 1592 1094 1629 καὶ
1120 1608 1185 1630 τα-

161 1650 262 1688 πεινὰ
287 1650 492 1702 φθέγγεται,
518 1649 578 1688 καὶ
609 1651 671 1695 τ’ῆς
699 1649 816 1692 οὗσίας
837 1649 971 1696 ἐκείνης
988 1654 1050 1697 τῆς
1076 1654 1184 1704 ἀποῤ-

162 1711 268 1761 ῥήτου
302 1710 519 1758 ἀποδέοντα,
551 1710 608 1748 ἵνα
638 1709 861 1756 πιστώσηται
889 1713 952 1757 τῆς
984 1713 1184 1763 οἰκονομίας

159 1771 218 1810 τὸν
241 1771 355 1824 λόγον.
387 1771 457 1810 Καὶ
486 1770 553 1822 γὰρ
585 1771 717 1824 σφόδρα
747 1771 960 1810 ἐσπούδακεν
979 1774 997 1810 ὁ
1025 1771 1184 1818 διοίὸολος

159 1832 289 1880 ταύτην
319 1835 357 1872 ἐκ
375 1835 445 1871 τῶν
473 1831 665 1886 ἀνθρώπων
686 1831 748 1880 τὴν
769 1832 886 1870 πίστιν
907 1835 1060 1879 ἀνελεῖν,
1085 1833 1183 1878 εἰδὼς
1208 1842 1233 1872 Ε

159 1893 212 1932 ὅτι
237 1897 301 1942 τῆς
320 1894 517 1944 οἰκονομίας
537 1893 595 1933 ἐὰν
622 1893 727 1945 ἀνέλῃ
751 1892 816 1941 τὴν
842 1893 982 1941 πίστιν,
1010 1895 1049 1933 τὸ
1076 1895 1181 1934 πλέον

986 1954 1092 1995 Ἔστι
1122 1957 1182 1995 καὶ

159 2016 262 2067 ἑτέρα
280 2016 368 2066 μετὰ
383 2015 514 2063 ταύτην
534 2015 644 2062 αἰτία,
661 2019 683 2062 ἡ
705 2016 863 2054 ἀσθένεια
883 2017 953 2053 τῶν
969 2017 1181 2064 ἀκουόντων,

158 1957 227 1994 τῶν
271 1957 350 1994 καθ’
382 1959 478 2006 ἡμᾶς
508 1955 691 2007 οἰχήσεται
730 1955 961 2006 πραγμάτων.

159 2077 219 2116 καὶ
241 2078 280 2116 τὸ
298 2077 346 2128 μὴ
364 2077 530 2116 δύνασθαι
548 2076 626 2114 τότε
653 2078 791 2127 πρῶτον
818 2076 921 2115 αὐτὸν
947 2077 1082 2121 ἰδόντας
1095 2109 1105 2126 ,
1125 2078 1184 2116 καὶ

158 2137 237 2176 τότε
255 2140 393 2189 πρῶτον
407 2137 610 2182 ἀκούοντας,
629 2136 704 2181 τοὺς
717 2137 948 2189 ὑψηλοτέρους
965 2141 1033 2176 τῶν
1049 2139 1184 2190 δογμά-

159 2215 228 2238 των
249 2198 412 2243 δέξασθαι
428 2198 564 2249 λόγους.
588 2198 658 2236 Καὶ
683 2197 736 2235 ὅτι
755 2199 793 2235 οὐ
812 2199 1010 2250 στοχασμὸς
1027 2200 1066 2238 τὸ
1082 2200 1184 2251 λεγό-

161 2275 263 2310 μενον
279 2290 288 2307 ,
311 2261 372 2299 ἀπ’
389 2262 501 2298 αὐτῶν
523 2275 577 2298 σοι
601 2261 830 2311 παραστῆσαι
851 2264 950 2298 τοῦτο
970 2261 1185 2312 πειράσομαι

159 2322 268 2358 τῶνῙ
272 2321 388 2372 ραφῶν
407 2335 466 2358 και
481 2319 600 2364 δεῖξαι,
617 2319 670 2357 ὅτι
685 2319 717 2357 εἴ
729 2319 814 2358 ποτέ
823 2336 856 2357 τι
873 2319 964 2370 μέγα
980 2321 1039 2358 καὶ
1054 2322 1183 2373 ὑψηλὸν

159 2396 219 2419 και
237 2383 300 2426 τ’ἧς
321 2382 423 2419 αυτοῦ
446 2380 543 2427 δόξης
564 2380 658 2424 ἄξιον
677 2379 864 2431 ἐφθέγξατο
886 2395 892 2402 ·
914 2380 947 2418 τί
975 2380 1066 2432 λέγω
1095 2382 1186 2433 μέγα

160 2443 218 2480 καὶ
239 2442 392 2494 υψηλὸν,
412 2442 472 2480 καὶ
499 2445 562 2489 τῆς
584 2444 688 2480 αὐτοῦ
718 2441 817 2488 δόξης
844 2440 956 2491 ἀξιον;
977 2442 1010 2480 εἴ
1037 2444 1122 2482 ποτέ
1149 2461 1183 2482 τι

158 2506 220 2549 τῆς
249 2502 467 2555 ἀνθρωπίνης
486 2503 620 2554 φύσεως
649 2495 725 2540 εἶπε
744 2502 864 2550 πλέον,
882 2504 1106 2555 ἐθορυὸοῧντο
1124 2505 1182 2543 καὶ
1198 2540 1244 2564 505

157 2565 463 2608 ἐσκανδαλίζοντο·
489 2566 517 2602 εἷ
537 2565 573 2602 δέ
593 2563 678 2602 ποτέ
699 2580 732 2602 τι
747 2564 910 2602 ταπεινὸν
934 2565 993 2602 καὶ
1010 2566 1182 2618 ἀνθρώπι-
1209 2579 1231 2606 A

159 2641 235 2675 νον,
255 2624 488 2678 προσέτρεχον
516 2625 576 2662 καὶ
605 2625 663 2662 τὸν
694 2624 795 2675 λόγον
825 2625 995 2676 ἐδέχοντο.
1019 2627 1088 2664 Καὶ
1115 2631 1182 2665 ποῦ

157 2689 259 2724 τοῦτο
283 2685 375 2724 ἐστὶν
399 2686 502 2731 ἰδεῖν,
519 2685 626 2737 φησί,
651 2685 756 2737 Παρὰ
782 2687 831 2736 τῷ
850 2686 996 2738 Ἰωάννῃ
1016 2687 1182 2737 μάλιστα·

159 2746 313 2790 εἰπόντος
338 2745 405 2797 γὰρ
434 2748 560 2794 αὐτοῦ,
581 2746 741 2797 Ἀίραὰμ
768 2749 785 2784 ὃ
811 2746 929 2799 πατὴρ
955 2750 1052 2797 ὑμῶν
1072 2751 1183 2799 τ’,γαλ-

157 2809 324 2856 λιάσατο,
342 2807 399 2846 ἵνα
419 2808 474 2860 ἴδῃ
491 2807 556 2855 τὴν
576 2808 710 2859 ἡμέραν
732 2807 794 2855 τὴν
814 2808 902 2858 ἐμὴν
917 2839 926 2855 ,
951 2809 1010 2846 καὶ
1030 2803 1098 2847 εἶδε
1125 2810 1183 2847 καὶ

159 2870 293 2921 ἐχάρη,
314 2869 470 2920 λέγουσι·
491 2869 753 2922 τεσσαράκοντα
778 2869 838 2916 ἔτη
873 2869 969 2907 οὔπω
993 2870 1101 2922 ἔχεις,
1125 2872 1183 2908 καὶ

159 2929 318 2981 ’Λῧραὰμ
337 2928 514 2980 ἑώρακας,
531 2928 639 2982 Ἱ)ρᾷς
656 2930 710 2968 ὅτι
737 2932 783 2972 ὡς
808 2930 889 2978 περὶ
913 2930 1095 2983 ἀνθρώπου
1121 2934 1182 2983 ψι-

158 2992 218 3028 λοῦ
248 2989 436 3036 διέκειντο,
457 2989 504 3028 Τί
531 2983 588 3028 οὖν
609 2990 709 3033 αὐτός
726 3006 734 3037 ;
754 2991 830 3043 Πρὸ
849 2996 908 3030 τοῦ
934 2991 991 3029 τὸν
1024 2992 1182 3044 Ἁδραὰμ

155 3051 328 3102 γενέσθαι,
344 3050 463 3102 φησὶν,
486 3049 554 3101 ἐγώ
576 3053 658 3100 εἶμι.
681 3051 750 3089 Καὶ
765 3046 852 3104 ἦραν
873 3051 1002 3095 λίθους,
1024 3052 1079 3090 ἵνα
1101 3053 1182 3103 βάλ-

157 3114 264 3150 λωσιν
291 3114 345 3150 ἐπ’
372 3110 486 3149 αὐτόν.
515 3111 583 3149 Καὶ
609 3111 666 3150 ὅτε
686 3112 765 3163 περὶ
791 3128 859 3149 των
883 3113 1082 3165 μυστηρίων
1114 3131 1181 3164 μα-

158 3188 258 3225 κρους
273 3171 423 3211 ἐπέτεινε
441 3171 716 3224 λόγους,λέγων,
738 3173 837 3211 Καὶ*
826 3189 842 3211 ο
862 3173 963 3225 ἄρτος
986 3173 1019 3211 δὲ
1008 3204 1037 3221 .,
1059 3174 1127 3212 ὃν
1113 3174 1181 3224 εγὼ

159 3232 260 3270 δώσω
286 3233 372 3284 ὑπὲρ
390 3249 451 3279 της
470 3248 528 3270 του
552 3232 685 3284 κόσμου
705 3236 845 3280 ζωῆς,
830 3249 850 3280 η
872 3234 957 3284 σάρξ
980 3251 1044 3280 μου
1070 3236 1177 3281 ἐστὶν,

161 3290 295 3341 ἔλεγον,
309 3291 464 3345 Σκληρός
485 3295 577 3331 ἐστιν
598 3296 615 3331 ὃ
640 3294 739 3344 λόγος
756 3288 869 3337 οὗτος·
891 3294 941 3336 τίς
959 3295 1102 3333 δύναται
1123 3299 1181 3333 αὖ·
1205 3320 1227 3348 13

161 3354 220 3388 τοῦ
237 3351 370 3390 ἀκούειν
381 3369 389 3399 ·,
401 3353 470 3391 Καὶ
486 3354 525 3391 ἐκ
533 3354 654 3392 τούτου
670 3355 792 3393 πολλοὶ
808 3358 875 3393 τῶν
892 3360 1058 3405 μαθητῶν
1074 3359 1177 3396 αὐτοῦ

163 3413 317 3458 ἀπῆλθον
333 3415 379 3456 εἰς
396 3413 437 3450 τὰ
458 3414 583 3460 ὀπίσω,
604 3416 660 3452 καὶ
677 3416 791 3454 οὐκέτι
803 3416 880 3464 μετ’
896 3417 999 3452 αὐτοῦ
1016 3419 1162 3468 παραγ-,α’

164 3488 251 3510 τουν.
265 3466 378 3511 Τίοῧν
393 3474 459 3513 ἔδει
476 3481 604 3526 ποιεῖν,
623 3476 696 3514 ιίπὶ
712 3492 784 3527 μοις
804 3477 1106 3527 r12t<b·lar,>.ot5'1au,
1127 3481 1173 3516 ἰν-

2109 269 2200 332 6¹7

1254 367 1405 417 habeat,
1429 382 1551 420 pugna
1579 368 1644 406 erit
1665 378 1697 407 et
1725 377 1899 407 certamen
1931 367 1968 405 iu
1996 367 2207 418 Scripturis.

1254 429 1347 465 Nam
1368 428 1462 478 quod
1485 429 1559 476 ait,
1579 429 1685 466 Sicut
1703 431 1826 467 Pater
1854 431 2014 467 suscitat
2042 438 2210 468 mortuos
2227 442 2319 470 Joan.
2360 442 2392 472 5.

1255 497 1291 526 et
1307 489 1486 537 vivificat
1498 519 1509 537 ,
1527 491 1582 526 sic
1597 498 1633 527 et
1649 490 1777 527 Filius
1794 503 1889 541 quos
1904 489 1991 527 vult
2005 490 2187 544 vivificat
2200 519 2209 537 ‚
2229 490 2278 510 ²¹·

1255 557 1288 586 et
1307 563 1542 599 quaecumque
1561 549 1628 586 alia
1649 549 1752 599 dixi,
1775 559 1808 587 et
1837 549 1935 600 quod
1960 563 2083 588 rursus
2110 559 2208 599 oret,

1255 623 1335 647 eum
1358 609 1450 647 illud
1473 610 1503 647 ei
1533 610 1639 648 suerit
1659 610 1859 661 agendum,
1887 611 2104 649 contrarium
2131 621 2206 650 est:

1256 668 1317 706 sed
1329 669 1356 706 si
1371 683 1492 707 causas
1507 684 1675 721 aperuero
1688 700 1697 718 ‚
1713 671 1854 708 sublata
1867 672 1981 709 omnis
1994 672 2059 709 erit
2073 674 2210 710 occasio

1258 728 1460 766 dubitandi.
1484 732 1659 776 Quaenam
1676 731 1786 781 igitur
1799 740 1883 768 sunt
1900 745 2032 778 causae,
2051 745 2114 769 cur
2129 747 2211 770 cum
2291 738 2350 766 Cur
2380 740 2417 767 de

1258 791 1355 842 ipse,
1379 800 1458 828 tum
1477 791 1629 841 apostoli
1649 789 1693 827 de
1711 790 1787 841 ipso
1807 791 1958 829 humilia
1985 792 2095 829 multa
2115 792 2212 831 dixe·
2227 779 2417 848 fflssmdlffi

1258 850 1356 888 rint?
1372 849 1492 887 Prima
1508 850 1654 900 quidem
1670 864 1773 888 eausa
1789 860 1819 888 et
1834 851 2011 899 maxima,
2027 852 2122 902 quod
2136 853 2211 904 ipse
2227 860 2348 888 suerint.

1259 924 1362 948 earne
1381 910 1527 948 indutus
1540 911 1645 948 fuerit
1658 941 1668 959 ‚
1685 925 1725 949 ac
1737 920 1813 948 tum
1835 912 1906 949 illis
1921 912 1981 962 qui
1998 921 2081 950 tunc
2096 922 2208 961 erant,

1259 976 1338 1005 tum
1351 968 1567 1019 quicumque
1579 978 1658 1020 post
1673 969 1783 1007 futuri
1797 979 1913 1019 erant,
1927 971 2092 1009 omnibus
2104 972 2213 1010 fidem

1259 1031 1373 1068 facere
1391 1031 1521 1077 vellet,
1544 1045 1612 1068 non
1635 1032 1799 1069 umbram
1817 1032 1976 1083 aliquam
1991 1047 2083 1081 esse,
2102 1048 2215 1084 neque

1260 1093 1415 1143 figuram
1443 1101 1581 1130 tantum
1602 1092 1638 1130 id
1658 1092 1753 1143 quod
1778 1093 2000 1139 cernebatur,
2027 1094 2088 1132 sed
2118 1095 2214 1133 veri-

1260 1162 1369 1190 tatem
1395 1163 1541 1191 naturae.
1571 1153 1608 1191 Si
1628 1154 1723 1191 enim
1743 1167 1824 1191 cum
1852 1163 1903 1192 tot
1921 1154 2073 1192 humilia
2093 1164 2127 1193 et
2144 1156 2215 1192 hu-

1262 1228 1366 1251 mana
1382 1213 1540 1252 dixerint
1554 1215 1728 1266 apostoli,
1748 1224 1781 1252 et
1796 1215 1871 1266 ipse
1886 1214 1930 1253 de
1946 1216 2083 1268 seipso,
2101 1216 2215 1268 potuit

1262 1283 1379 1312 tamen
1412 1274 1578 1313 diabolus
1609 1275 1746 1313 miseris
1781 1275 1918 1325 aliquot
1947 1277 2152 1315 bominibus
2181 1287 2215 1315 et

1261 1335 1468 1372 aerumnosis
1494 1335 1727 1386 persuadere,
1757 1344 1796 1373 ut
1815 1336 2088 1388 dispensationis
2106 1338 2215 1376 ratio-

1261 1409 1341 1433 nem
1368 1404 1553 1446 negarent,
1585 1404 1617 1433 et
1646 1410 1727 1433 eum
1752 1410 1893 1434 carnem
1924 1411 1992 1435 non
2023 1399 2215 1450 suscepisse

1261 1456 1377 1494 dicere
1394 1456 1584 1506 auderent,
1601 1466 1704 1508 atque
1720 1471 1823 1495 omne
1839 1458 2072 1496 humanitatis
2087 1459 2216 1497 funda-

1260 1526 1420 1555 mentum
1457 1518 1619 1556 tollerent
1636 1533 1644 1555 ε
1660 1519 1689 1556 si
1728 1519 1821 1556 nihil
1856 1520 2006 1557 istorum
2042 1520 2210 1566 dixisset,

1259 1592 1365 1629 quam
1382 1579 1486 1630 pauci
1505 1579 1674 1626 fuissent,
1693 1580 1754 1629 qui
1773 1594 1839 1618 non
1860 1580 1896 1618 in
1916 1580 2124 1618 barathrum
2144 1581 2213 1620 hoc

1258 1639 1490 1677 incidissent?
1523 1641 1602 1678 Non
1631 1641 1738 1678 audis
1765 1641 1960 1679 etiamnum
1991 1643 2213 1681 Marcionem
2269 1646 2415 1693 Marcion.

1258 1700 1555 1752 dispensationem
1567 1702 1602 1738 in
1616 1716 1718 1740 earne
1730 1712 1914 1753 negantem
1924 1734 1933 1751 ,
1947 1703 2206 1750 Manicheum,
2227 1687 2418 1757 εἳ]ᾞ“ας,ἱ“ιζί“ι“’

1259 1761 1490 1801 Valentinum
1502 1792 1511 1807 ,
1526 1763 1700 1800 etmultos
1711 1764 1824 1800 alios?
1837 1764 1918 1802 Ideo
1930 1765 2040 1802 multa
2055 1765 2210 1803 hnmana
2227 1779 2279 1796 nus
2313 1772 2408 1816 ξηαπ·

1257 1823 1431 1873 loquitur‚
1458 1823 1631 1869 humilia,
1660 1833 1693 1862 et
1713 1824 1758 1862 ab
1784 1824 1846 1862 illa
1866 1825 2040 1864 ineffabili
2061 1827 2210 1864 essentia
2228 1819 2418 1881 „egfffixnl‘f”

1255 1885 1390 1932 aliena,
1404 1894 1443 1922 ut
1461 1884 1733 1936 dispensationis
1747 1886 1875 1924 rationi
1890 1887 1998 1925 fidem
2013 1897 2144 1926 astruat
2158 1904 2165 1926 ε
2178 1887 2212 1925 in
2267 1882 2280 1888 ⁹

1257 1945 1294 1984 id
1323 1946 1418 1984 enim
1448 1960 1588 1984 summo
1616 1946 1736 1984 studio
1764 1946 1930 1986 diabolus
1958 1949 2210 1996 incumbebat,

1258 2016 1297 2044 ut
1313 2007 1405 2044 hane
1424 2007 1533 2046 fidem
1552 2022 1594 2045 ex
1617 2008 1804 2046 hominum
1826 2010 2004 2048 mentibus
2025 2013 2212 2063 evelleret,

1259 2082 1340 2106 eum
1358 2069 1468 2121 probe
1483 2078 1619 2118 nosset,
1637 2071 1666 2106 si
1683 2069 1791 2107 fidem
1805 2070 2082 2123 dispensationis
2098 2086 2214 2115 sustu-

1259 2130 1376 2177 lisset,
1389 2129 1433 2167 de
1448 2130 1633 2182 plerisque
1649 2132 1754 2169 rebus
1769 2134 1898 2170 nostris
1914 2143 2032 2171 actum
2048 2135 2132 2175 fore.
2154 2137 2215 2176 Est

1259 2191 1415 2228 etaltera
1430 2200 1559 2243 praeter
1573 2191 1677 2228 istam
1693 2206 1798 2230 causa
1811 2223 1819 2239 ,
1837 2194 2008 2233 nimirum
2026 2197 2215 2237 iufirmitas

1259 2251 1487 2299 auditorum,
1504 2252 1671 2302 quodque
1687 2253 1737 2289 illi
1755 2255 1816 2303 qui
1833 2263 1907 2292 tum
1927 2257 2083 2308 primuni
2098 2259 2214 2310 ipsunt

1260 2311 1452 2359 videbant,
1470 2326 1511 2349 ac
1530 2322 1603 2350 tum
1622 2312 1779 2364 primum
1798 2316 2013 2365 audiebant,
2029 2320 2212 2359 sublimio·

1259 2387 1312 2410 res
1329 2387 1453 2424 capere
1468 2372 1675 2424 dogmatum
1697 2389 1873 2413 sermones
1895 2378 2040 2415 minime
2058 2390 2210 2430 possent.

1260 2433 1453 2471 Enimvero
1474 2448 1541 2471 nou
1563 2435 1636 2472 sola
1657 2436 1722 2473 niti
1751 2439 1950 2488 conjectura
1965 2469 1972 2479 ,
1994 2442 2090 2488 quud
2109 2441 2211 2486 dico,

1259 2509 1303 2532 ex
1323 2495 1408 2546 ipsis
1427 2494 1667 2534 demonstrare
1686 2496 1880 2548 Scripturis
1901 2507 1932 2535 et
1959 2500 2085 2536 docere
2105 2515 2212 2539 eona-

1259 2556 1337 2592 bor.
1361 2555 1399 2593 Si
1424 2555 1511 2605 quid
1533 2556 1622 2593 sorte
1640 2570 1809 2607 maguum
1829 2568 1860 2596 rt
1882 2559 2056 2602 sublime.
2080 2576 2214 2612 suaque

1257 2616 1407 2668 dignuin
1439 2617 1550 2668 gloria
1578 2617 1747 2668 loquutus
1773 2629 1860 2656 esset
1878 2635 1884 2655 :
1904 2620 1991 2670 quid
2021 2622 2104 2659 dico
2134 2638 2212 2661 uia·

1258 2692 1367 2729 guum
1398 2688 1429 2715 et
1456 2678 1608 2715 sublime
1634 2690 1740 2729 atque
1766 2680 1876 2732 ipsius
1897 2681 2008 2730 gloria
2033 2682 2214 2733 dignum?

1257 2740 1285 2778 si
1315 2739 1402 2790 quid
1429 2740 1516 2777 sorte
1534 2739 1681 2778 dixisset
1711 2742 1803 2791 ‹piml
1833 2752 1993 2780 naturum
2022 2744 2212 2784 tnnnauam

1850 2804 2208 2845 >raud.‹lit..·=l»;·11111r:

1256 2863 1309 2900 sin
1337 2871 1453 2899 :lun-tu
1480 2861 1615 2898 luuuile
1641 2863 1824 2914 quinlpiutu
1851 2874 1881 2899 rt
1911 2864 2128 2910 luuuuuuut,
2151 2883 2211 2905 ae-

1257 2801 1436 2838 excederet
1451 2830 1460 2843 ,
1493 2801 1793 2852 perturbulututur
1806 2834 1813 2845 ,

1257 2923 1463 2965 currebant,
1492 2938 1532 2959 ur
1553 2937 1754 2960 seruiunt-ui
1776 2924 2022 2963 adnutu-baut.
2055 2928 2209 2966 thim-uu

1258 2985 1398 3022 tauuleui
1415 2984 1449 3021 id
1468 2984 1591 3022 videre
1607 2986 1683 3021 vstl’
1702 2985 1805 3035 Apud
1824 2987 1993 3024 „liutuueut
2010 2989 2205 3041 pra-cipue:

1257 3064 1337 3086 ruui
1367 3049 1459 3086 euim
1484 3048 1630 3086 dixisset
1654 3049 1745 3100 ipsc,
1777 3051 1980 3088 Ala-alnam
2008 3062 2118 3099 pater
2149 3068 2205 3091 vc-
2225 3062 2409 3092 latu-1⁴85&

1626 3119 1665 3146 ut
1702 3111 1842 3146 videret
1869 3112 1966 3148 diem
2004 3126 2127 3150 meum
2145 3130 2153 3150 .-
2172 3126 2206 3153 ct
2227 3103 2242 3132 ⁵
2270 3127 2276 3132 '

1256 3120 1333 3148 51⁴7*
1367 3110 1592 3154 ‹·,1>ullct=·i!,

1256 3173 1355 3208 vidie
1376 3180 1410 3207 v!
1427 3173 1578 3220 gan-isus
1596 3178 1673 3209 ‹·s!.·
1696 3171 1970 3221 Quadraginta
1986 3202 1992 3213 ,
2018 3173 2181 3224 inquiunt
2196 3207 2203 3217 ,

1255 3247 1377 3270 «nitius
1412 3232 1577 3268 nundum
1610 3232 1727 3267 habes
1743 3259 1751 3271 .
1767 3239 1801 3267 «Ἰ
1814 3233 2020 3270 Ata-aleam
2050 3236 2208 3273 vidisti?

1259 3293 1366 3333 N'itles
1387 3301 1422 3329 ut
1441 3306 1521 3341 erga
1544 3291 1647 3327 illuni
1668 3300 1847 3341 tamquam
1872 3293 2005 3331 nudum
2027 3294 2205 3335 liuutiueui

1253 3354 1368 3392 asti-cii
1400 3353 1541 3389 esst-111?
1574 3352 1671 3398 Quill
1704 3353 1812 3403 igitur
1842 3354 1943 3405 ipsc?
1976 3358 2202 3408 *slnthuum
2225 3357 2408 3421 [δί’-’Λύδ-

1258 3417 1458 3453 stimulatam
1477 3415 1596 3461 lieret.
1618 3414 1750 3463 iuquit.
1771 3429 1838 3465 ‘'g“
1854 3430 1934 3453 mni
1973 3419 2017 3454 Is!
2037 3421 2204 3460 (ul-*runt
2224 3408 2272 3435 ⁴⁹¹

1254 3478 1414 3527 lapide»,
1444 3486 1481 3513 ue
1508 3486 1677 3523 lucerent
1699 3491 1734 3514 m
1758 3491 1854 3518 ιἰιηι.
1885 3479 2045 3530 Cumque
2062 3480 2106 3518 dc
2124 3496 2174 3533 ιιι)
2197 3508 2203 3512 ·
