2549 3825
857 293 912 322 DE
950 291 1247 322 sstCERDO'rlo.
1290 294 1375 323 ΜΒ.
1420 295 1481 324 vt.

162 391 240 426 ραν,
272 377 502 427 ἀποροῦνται,
539 374 729 425 ἷλιγγιῶσιν
748 404 758 423 ‚
779 378 791 394 ⁶
804 376 850 417 εἷς
885 374 1086 426 ἀμηχανίαν
1124 376 1177 412 ἐκ,

157 436 335 484 πίπτουσι,
350 435 409 473 καὶ
427 435 514 487 πρὸς
531 436 582 486 τῷ
603 433 710 483 μηδὲν
730 435 907 472 ἐπιδοῦναι
924 435 1009 486 πρὸς
1029 435 1153 486 ἀρετὴν
1167 465 1175 481 ,

156 497 214 534 καὶ
237 497 327 548 ἅπερ
348 496 483 547 ἔχοντες
511 489 613 541 ἦλθον
635 494 757 532 πολλοὶ
787 494 957 538 πολλάκις
979 494 1176 533 ἀπώλεσαν.

208 739 278 777 Καὶ
300 743 318 778 ὁ
342 741 623 779 ΒΑΣΙΛΕΙΟΣ.
655 740 702 778 Τί
727 734 806 786 οὖν,
829 739 906 782 τοὺς
935 741 970 776 ἐν
1000 740 1050 790 τῷ
1083 737 1178 787 με’σῳ
1203 752 1228 780 1,)

155 801 418 851 στρεφομένους,
430 801 489 839 καὶ
505 800 723 851 πραγμάτων
740 800 980 851 φροντίζοντας
995 800 1180 849 βιωτικῶν,

155 860 214 897 καὶ
241 860 490 912 τετριμμένους
524 861 609 913 πρὸς
645 861 762 912 μάχας
802 863 862 898 καὶ
895 859 1094 911 λοιδορίας,
1121 857 1180 895 καὶ

156 919 281 972 μυρίας
319 920 512 966 δεινότητος
543 920 735 971 γέμοντας,
768 920 827 958 καὶ
863 926 993 971 τρυφᾷν
1026 918 1180 965 εἰδότας,

153 981 390 1031 ἐπιστήσομεν
410 983 454 1030 τῇ
482 983 544 1027 τῆς
565 979 782 1027 Ἔκκλησίας
811 978 1012 1031 οἷκονομίᾳ;
1031 978 1180 1016 ΧΡΥΣ.

154 1041 335 1094 Εὐφήμει,
354 1041 462 1093 ἔφην,
485 1033 513 1078 ὦ
543 1042 695 1092 μακάριε
724 1040 777 1079 σύ.
800 1040 981 1083 ι’Τούτους
1010 1039 1076 1091 γὰρ
1110 1035 1180 1103 οὐδζ

152 1103 200 1145 εἷς
231 1106 308 1140 νοῦν
328 1102 520 1152 βάλλεσθαι
543 1102 616 1150 δεῖ,
631 1101 714 1140 ὅταν
731 1101 854 1153 ἱερέων
875 1101 1027 1146 ἐξέτασις
1045 1095 1080 1153 ᾗ·
1102 1102 1169 1138 ἀλλ

153 1160 251 1204 εἴτις
271 1160 362 1211 μετὰ
380 1165 440 1199 τοῦ
469 1167 575 1198 πᾶσιν
605 1162 738 1211 ὁμιλεῖν
761 1160 821 1198 καὶ
842 1159 1181 1211 συναναστρέφεσθαι

153 1220 289 1260 δύναιτο
313 1221 376 1268 τὴν
397 1220 622 1274 καθαρότητα
652 1221 712 1259 καὶ
730 1220 794 1268 τὴν
823 1220 1013 1274 ἀταραξίαν
1027 1251 1037 1268 ,
1059 1220 1123 1265 τήν
1143 1236 1180 1258 τε

153 1282 349 1333 ἁγιωσύνην
367 1282 426 1321 καὶ
440 1281 503 1329 τὴν
524 1282 709 1335 καρτερίαν
735 1282 794 1320 καὶ
812 1284 935 1334 νῆψιν,
951 1283 1010 1320 καὶ
1029 1281 1074 1320 τὰ
1091 1282 1180 1320 ἄλλα

154 1343 199 1382 τὰ
217 1349 289 1387 τοῖς
313 1350 479 1396 μοναχοῖς
508 1344 685 1396 προσόντα
722 1343 857 1395 ἀγαθὰ,
885 1344 1068 1396 φυλάττειν
1098 1344 1180 1382 ἀκέ-

157 1420 239 1455 ραια
271 1405 333 1443 καὶ
373 1405 647 1457 ἀπαρασάλευτα
680 1407 836 1455 6μᾶλλον
866 1408 935 1442 τῶν
975 1405 1181 1456 μεμονωμέ-

155 1481 222 1504 νων
244 1464 382 1504 ἐκείνων
407 1481 414 1488 ·
436 1467 483 1508 ὡς
501 1465 522 1504 ὅ
537 1480 576 1516 γε
597 1465 710 1503 πολλὰ
731 1464 792 1516 μὲν
821 1464 911 1517 ἔχων
931 1463 1179 1515 ἐλαττώματα,

156 1527 343 1577 δυνάμενος
371 1527 406 1565 δὲ
427 1527 513 1564 αὐτὰ
539 1530 580 1576 τῇ
605 1525 754 1577 μονώσει
776 1526 964 1565 καλύπτειν
990 1527 1049 1565 καὶ
1070 1533 1180 1564 ποιεῖν

156 1586 322 1639 ἄπρακτα
348 1589 398 1638 τῷ
427 1586 549 1637 μηδενὶ
574 1587 832 1638 καταμιγνύναι
868 1587 1002 1624 ἑαυτόν·
1021 1581 1118 1630 οὗτος
1134 1590 1181 1630 εἷς

157 1647 260 1697 μέσον
281 1647 388 1687 ἐλθὼν
403 1676 413 1694 ,
429 1647 524 1686 οὐδὲν
546 1647 662 1699 ἕτερον
691 1647 713 1694 ἢ
740 1648 780 1686 τὸ
799 1647 1060 1698 καταγέλαστος
1080 1649 1179 1699 γενέ-

156 1712 235 1747 σθαι
264 1710 450 1760 κερδανεῖ,
472 1709 531 1747 καὶ
562 1707 773 1747 κινδυνεύσει
806 1708 1025 1759 μειζόνως·ὃ
1055 1713 1180 1761 μικροῦ

156 1771 223 1808 δεῖν
255 1770 428 1820 ἐπάθομεν
465 1769 505 1808 ἂν
543 1772 709 1821 ἡμεῖς,εἷ
731 1770 780 1820 μὴ
812 1774 834 1817 ἡ
857 1773 918 1808 τοῦ
951 1772 1044 1809 Θεοῦ
1072 1772 1179 1818 κηδε-

2104 279 2198 324 523

1253 373 1297 412 ad
1313 375 1503 413 certamina
1516 374 1777 422 descenderint,
1787 388 1940 426 quorum
1954 375 2093 413 nullum
2103 384 2204 413 antea

1254 435 1454 486 periculum
1472 436 1630 474 fecerunt
1643 465 1654 485 ,
1670 435 1807 474 haerent
1819 466 1829 484 ,
1850 436 2028 488 vertigine
2055 444 2089 474 et
2120 450 2205 474 eon-

1252 494 1324 532 silii
1346 495 1467 547 inopia
1490 496 1677 534 laborant:
1696 510 1737 537 ac
1759 506 1997 548 praeterquam
2025 496 2122 548 quod
2157 496 2207 534 ad

1252 554 1422 593 virtutem
1442 557 1582 594 nullum
1604 570 1834 608 progressum
1852 558 2006 606 faciunt,
2021 558 2129 595 etiam
2144 571 2209 595 eo-

1252 629 1346 661 rum,
1365 631 1442 666 quae
1463 618 1564 668 prius
1583 617 1762 655 habebant
1774 647 1784 665 ,
1804 619 2014 670 plerumque
2030 620 2208 670 jacturam

1252 676 1402 714 faciunt.

1306 737 1402 774 Tum
1419 737 1642 776 BASILIUS
1656 754 1663 773 :
1678 737 1777 786 Quid
1793 737 1929 788 igitur?
1943 751 1986 774 an
2001 752 2074 786 eos,
2091 740 2152 789 qui
2171 740 2207 777 in

1253 796 1373 834 medio
1386 811 1507 835 rerum
1520 807 1720 846 versantur,
1729 798 1791 848 qui
1802 797 1847 835 de
1857 798 2090 836 saecularibus
2106 813 2210 851 nego-

1254 857 1314 894 tiis
1329 871 1451 895 curam
1465 867 1606 909 gerunt,
1616 858 1679 908 qui
1693 858 1729 895 in
1744 858 1835 895 rixis
1846 868 1879 896 et
1889 858 2060 896 conviciis
2073 869 2211 898 aetatem

1253 918 1517 968 contriverunt,
1539 919 1603 970 qui
1624 918 1757 970 ingenti
1773 918 1986 956 dexteritate
2004 920 2100 971 pleni
2116 930 2210 964 sunt,

1255 979 1316 1030 qui
1335 978 1473 1017 deliciis
1493 993 1679 1017 assuevere
1692 1009 1701 1027 ,
1717 979 1886 1018 Ecclesiae
1904 980 2071 1031 regimini
2092 981 2213 1032 praefi-

1254 1039 1412 1077 ciemus?
1427 1040 1692 1079 CHRYSOST.
1713 1039 1812 1077 Bona
1830 1040 1952 1087 verba,
1965 1055 2100 1091 quaeso,
2113 1055 2133 1079 o
2158 1042 2212 1079 vir

1253 1101 1369 1142 beate.
1389 1101 1435 1138 Hi
1454 1102 1588 1154 quippe
1605 1115 1651 1139 ne
1675 1101 1711 1139 in
1738 1109 1893 1139 mentem
1919 1101 2068 1152 quidem
2089 1103 2212 1140 venire

1254 1162 1383 1199 debent
1399 1192 1408 1210 ‚
1428 1176 1511 1200 cum
1527 1162 1572 1201 de
1588 1161 1815 1201 sacerdotum
1828 1161 1968 1200 delectu
1987 1163 2108 1214 agitur
2122 1179 2132 1212 3
2148 1164 2211 1202 sed

1255 1222 1284 1260 si
1303 1223 1384 1272 quis
1404 1222 1440 1260 in
1458 1223 1620 1261 omnium
1638 1223 1816 1262 consortio
1835 1232 1868 1261 et
1883 1223 2116 1262 contubernio
2133 1239 2210 1276 pos-

1255 1281 1300 1318 sit
1317 1281 1527 1333 puritatem,
1549 1282 1862 1332 tranquillitatem,
1884 1282 2120 1330 sanctitatem,
2144 1296 2212 1334 pa-

1254 1342 1416 1379 tientiam
1436 1351 1470 1380 et
1485 1343 1724 1392 sobrietatem,
1743 1355 1878 1380 necnon
1897 1342 1966 1379 alia
1981 1356 2060 1392 quae
2080 1356 2209 1380 mona-

1255 1402 1332 1440 chis
1343 1402 1465 1441 insunt
1477 1404 1584 1449 bona,
1595 1404 1802 1441 intemerata
1817 1412 1851 1441 et
1863 1403 2069 1440 inconcussa
2082 1404 2210 1455 magis,

1258 1476 1362 1513 quam
1385 1464 1547 1501 monaehi
1568 1464 1637 1516 ipsi
1657 1478 1810 1503 servare.
1837 1463 2139 1514 Quandoquidem
2154 1465 2183 1502 is
2196 1495 2208 1511 ‚

1255 1523 1316 1573 qui
1336 1524 1435 1562 vitiis
1450 1524 1574 1562 multis
1590 1525 1742 1572 laborat,
1757 1539 1836 1562 cum
1856 1525 1967 1576 possit
1986 1525 2048 1562 illa
2070 1524 2105 1562 in
2123 1525 2212 1562 soli-

1255 1584 1380 1622 tudine
1395 1594 1524 1636 tegere,
1538 1599 1734 1635 eurareque
1754 1599 1797 1623 ne
1813 1586 1849 1622 in
1865 1599 1955 1637 opus
1968 1594 2170 1636 erumpant,
2182 1585 2211 1622 si

1255 1660 1336 1684 eum
1356 1647 1456 1684 nullo
1472 1649 1692 1685 consortium
1711 1647 1856 1695 habeat3
1875 1646 1903 1683 is
1916 1676 1926 1694 ,
1948 1647 2108 1697 inquam,
2128 1647 2157 1683 si
2173 1646 2210 1684 in

1256 1706 1412 1745 medium
1435 1707 1597 1760 prodeat,
1616 1708 1709 1746 nihil
1729 1707 1827 1746 aliud
1844 1708 2058 1753 lucrabitur,
2081 1707 2149 1744 nisi
2172 1716 2211 1744 ut

1254 1767 1491 1807 deridendum
1503 1784 1539 1807 se
1552 1770 1727 1822 propinet,
1736 1770 1918 1822 magisque
1929 1769 2210 1821 periclitabitur;

156 1830 258 1881 μονία
277 1830 316 1869 τὸ
339 1835 408 1883 πῦρ
428 1830 564 1883 ταχέως
590 1830 717 1882 ἀνέσχε
736 1834 798 1878 τῆς
816 1831 990 1883 ἡμετέρας
1010 1834 1176 1883 κεφαλῆς.
1194 1864 1241 1891 428
1255 1829 1351 1880 quod
1383 1830 1488 1868 nobis
1519 1830 1780 1883 propemodum
1814 1830 2026 1880 accidisset,
2042 1830 2111 1868 nisi
2144 1831 2212 1869 Dei

155 1892 208 1930 Οὖ
227 1890 294 1943 γὰρ
326 1890 400 1930 ἔστι
420 1893 538 1929 λαθεῖν
570 1891 628 1930 τὸν
655 1891 745 1929 οὕτω
776 1892 993 1943 διακείμενον
1008 1923 1018 1940 ,
1044 1893 1124 1931 ὅταν
1144 1896 1178 1932 ἐν
1205 1904 1229 1931 Α
1254 1890 1483 1942 providentia
1503 1891 1623 1943 ignem
1639 1905 1658 1928 a
1679 1891 1795 1943 capite
1815 1899 1933 1928 nostro
1949 1890 2056 1928 eitius
2071 1891 2211 1942 abegis-

154 1953 204 2004 τῷ
223 1954 360 2004 φανερῷ
380 1955 562 2004 καταστῇ,
578 1956 593 1973 ²¹
605 1951 694 1990 ἀλλὰ
727 1952 878 1991 πάντοτε
901 1953 1103 2006 ἐλέγχεται,
1121 1954 1180 1992 καὶ

155 2012 313 2064 καθάπερ
349 2011 413 2056 τὰς
450 2012 664 2062 μεταλλικὰς
699 2013 784 2057 ὕλας
811 2015 990 2064 δοκιμάζει
1019 2015 1058 2053 τὸ
1086 2019 1179 2066 πῦρ,

156 2072 246 2111 οὕτω
280 2072 340 2112 καὶ
365 2077 387 2120 ἡ
417 2077 476 2112 τοῦ
513 2073 643 2126 κλήρου
676 2074 825 2125 βάσανος
849 2074 912 2118 τὰς
938 2079 1006 2113 τῶν
1045 2076 1180 2127 ἀνθρώ-

156 2150 231 2172 πων
252 2133 419 2186 διακρίνει
439 2134 574 2186 ψυχὰς,
592 2135 657 2173 κᾶν
678 2135 814 2187 ὀργίλος
834 2152 886 2179 τις
904 2131 948 2188 ἦ,
968 2136 1031 2174 κᾶν
1054 2138 1179 2188 μικρό-

156 2199 266 2248 ψυχος
279 2226 288 2244 ,
307 2195 370 2233 κᾶν
392 2195 590 2247 φιλόδοξος,
611 2196 674 2234 κᾶν
698 2197 855 2244 ἀλαζὼν,
875 2197 938 2235 κᾶν
963 2197 983 2234 ὅ
999 2213 1032 2235 τι
1053 2198 1180 2245 δήποτε

157 2256 294 2309 ἕτερον,
310 2255 474 2295 ι’ἅπαντα
497 2257 723 2303 ἐκκαλύπτει,
744 2258 803 2296 καὶ
823 2264 947 2309 γυμνοῖ
975 2259 1112 2310 ταχέως
1136 2260 1180 2298 τὰ

159 2318 411 2369 ἐλαττώματα’
434 2320 472 2356 οὐ
496 2324 620 2368 γυμνοῖ
642 2317 678 2355 δὲ
709 2318 812 2368 μόνον
829 2348 838 2366 ,
869 2319 959 2357 ἀλλὰ
983 2320 1042 2357 καὶ
1070 2322 1177 2371 χαλε-

159 2377 301 2429 πώτερα
319 2377 378 2415 καὶ
399 2377 608 2430 ἰσχυρότερα
630 2379 718 2417 αὐτὰ
743 2379 940 2426 καθίστησι.
963 2381 1031 2418 Καὶ
1051 2381 1117 2432 γὰρ
1137 2381 1181 2419 τὰ

159 2443 218 2478 τοῦ
244 2438 405 2490 σώματος
434 2438 620 2490 τραύματα
648 2439 932 2492 προστριῧόμενα
959 2441 1103 2479 δυσίατα
1126 2442 1182 2493 γί-

159 2516 277 2548 νεται,
299 2498 358 2537 καὶ
382 2498 426 2537 τὰ
451 2502 513 2546 τῆς
543 2501 658 2551 ψυχῆς
677 2500 771 2547 πάθη
793 2502 977 2551 κνιζόμενα
996 2502 1054 2539 καὶ
1077 2518 1183 2554 παρο-

160 2558 328 2610 ξυνόμενα
368 2561 500 2610 μᾶλλον
539 2560 779 2611 ἀγριαίνεσθαι
821 2562 981 2613 πέφυκε,
1013 2563 1072 2600 καὶ
1107 2563 1184 2606 τοὺς
1212 2578 1232 2606 ιι

161 2620 303 2672 ἔχοντας
327 2620 415 2658 αὐτὰ
440 2621 584 2659 πλείονα
605 2622 819 2676 ἁμαρτάνειν
839 2623 1009 2675 βιάζεται.
1029 2626 1097 2663 Καὶ
1117 2625 1183 2676 γὰρ

161 2684 208 2726 εἷς
227 2682 340 2734 ἔρωτα
369 2681 468 2729 δόξης
480 2682 615 2734 ἐπαίρει
645 2684 703 2722 τὸν
731 2684 778 2734 μὴ
804 2684 1041 2736 προσέχοντα,
1058 2685 1117 2723 καὶ
1137 2689 1183 2729 εἰς

161 2744 383 2791 ἀλαζονείαν,
403 2745 462 2782 καὶ
488 2747 535 2788 εἷς
563 2745 757 2797 χρημάτων
787 2747 995 2796 ἐπιθυμίαν·
1017 2748 1182 2801 ὑποσύρει

161 2803 195 2842 δὲ
217 2804 276 2842 καὶ
302 2805 349 2848 εἰς
375 2805 507 2857 τρυφὴν
528 2806 587 2844 καὶ
613 2808 661 2850 εἷς
688 2807 805 2846 ἄνεσιν
827 2808 886 2845 καὶ
914 2809 1104 2861 ῥᾳθυμίαν,
1124 2810 1182 2847 καὶ

159 2864 249 2903 κατὰ
271 2866 394 2918 μικρὸν
415 2868 462 2909 εἷς
480 2867 523 2904 τὰ
537 2867 734 2920 περαιτέρω
754 2869 898 2916 τούτων,
915 2870 973 2908 καὶ
994 2873 1032 2908 ἐκ
1053 2871 1182 2909 τούτων

157 2925 345 2977 τικτόμενα
376 2927 481 2965 κακά.
504 2928 627 2966 Πολλὰ
652 2928 719 2980 γάρ
748 2932 839 2968 ἐστιν
869 2931 902 2967 ἐν
935 2933 983 2983 τῷ
1013 2932 1110 2983 μέσῳ
1138 2933 1181 2969 τὰ

157 2984 330 3035 δυνάμενα
356 2987 471 3038 ψυχῆς
508 2988 688 3040 ἀκρίὸειαν
723 2991 888 3034 ἐκλῦσαι,
923 2993 981 3029 καὶ
1003 2992 1084 3030 “rev
1124 2993 1181 3030 ἐπὶ

157 3046 246 3084 (θεὸν
265 3046 430 3099 διακόψαι
452 3048 578 3100 δρόμον
594 3065 600 3071 ·
617 3050 673 3087 καὶ
694 3054 832 3102 πρῶτον
856 3052 1019 3090 ἁπάντων
1044 3056 1077 3090 αἱ
1096 3054 1179 3104 πρὸς

156 3106 217 3150 τὰς
238 3113 403 3158 γυναῖκας
423 3108 573 3159 ὁμιλίαι.
595 3110 685 3148 Οὐδὲ
711 3111 779 3164 γὰρ
802 3112 875 3150 ἔστι
902 3113 958 3150 τὸν
976 3117 1180 3164 προεστῶτα

157 3167 215 3204 καὶ
249 3169 376 3212 παντὸς
408 3174 468 3207 τοῦ
509 3170 671 3220 ποιμνίου
701 3174 890 3223 κηδόμενον
919 3178 978 3210 τοῦ
1016 3174 1077 3222 μὲν
1112 3176 1179 3211 τῶν

1253 1959 1318 1989 set.
1333 1952 1455 2003 Neque
1471 1952 1565 1989 enim
1581 1952 1641 2002 qui
1655 1951 1705 1991 sic
1721 1952 1868 1990 affectus
1883 1960 1935 1989 est
1951 1951 2062 1989 latere
2077 1961 2207 2002 potest,

1254 2011 1372 2063 palam
1388 2012 1615 2059 constitutus,
1631 2012 1691 2051 sed
1703 2013 1765 2064 qui
1780 2013 1826 2051 sit
1842 2011 1961 2050 statim
1973 2011 2211 2064 deprehendi-

1254 2080 1324 2110 tur.
1341 2074 1389 2111 Ac
1405 2073 1710 2124 quemadmodum
1725 2073 1922 2112 metallicas
1938 2073 2104 2111 materias
2118 2074 2211 2125 ignis

1254 2133 1392 2185 probat,
1411 2135 1462 2172 sic
1481 2134 1565 2172 cleri
1582 2134 1745 2186 probatio
1760 2135 1935 2172 humanos
1947 2133 2117 2171 discernit
2133 2134 2211 2172 ani-

1255 2208 1342 2233 mos.
1364 2196 1415 2234 Ac
1435 2195 1464 2232 si
1479 2196 1560 2245 quis
1577 2195 1770 2233 iracundus
1786 2225 1796 2243 ‚
1817 2195 1846 2233 si
1865 2195 2017 2246 ignavus
2032 2224 2041 2241 ,
2060 2195 2089 2232 si
2110 2208 2212 2233 vanae

1254 2256 1376 2308 gloriae
1396 2256 1563 2307 cupidus,
1588 2256 1617 2293 si
1637 2269 1805 2307 arrogans
1825 2286 1834 2304 ‚
1857 2256 1932 2293 sive
1950 2256 2020 2292 alio
2041 2256 2208 2307 quopiam

1257 2317 1381 2354 morbo
1401 2317 1447 2354 sit
1462 2317 1626 2363 affectus,
1647 2317 1764 2354 omnia
1786 2317 1937 2367 retegit,
1966 2316 2126 2366 vitiaque
2147 2331 2208 2354 sua

1257 2377 1390 2415 revelat
1418 2392 1424 2412 :
1451 2390 1513 2414 nec
1539 2376 1673 2414 revelat
1700 2385 1864 2421 tantum,
1896 2376 1957 2413 sed
1982 2377 2147 2426 graviora
2177 2387 2209 2414 vt

1257 2437 1454 2476 valentiora
1471 2436 1593 2474 efficit.
1605 2436 1746 2474 Etenim
1765 2435 1924 2487 corporis
1937 2436 2098 2477 vulnera,
2110 2437 2210 2475 attri-

1258 2508 1291 2536 ta
1308 2528 1318 2547 ,
1335 2507 1463 2536 eui-:itu
1484 2497 1691 2535 difficiliora
1708 2496 1864 2535 evadunt
1891 2512 1897 2532 :
1922 2497 2077 2546 itemquo:
2095 2497 2208 2534 auimi

1259 2560 1424 2607 morbi,si
1448 2559 1614 2610 perfrices
1631 2558 1830 2608 irritosque,
1843 2557 2045 2608 exasperari
2061 2571 2205 2596 cousue-

1258 2630 1398 2663 verunt,
1416 2620 1555 2669 illisque
1572 2628 1753 2670 correptos
1774 2618 1875 2669 plura
1898 2631 2043 2668 peceare
2064 2628 2206 2668 coguut.

1258 2684 1347 2720 Nam
1362 2681 1407 2718 ad
1422 2681 1544 2731 gloriae
1559 2679 1764 2731 cupidinem
1785 2678 1938 2716 el'l'eruut
1950 2692 2046 2719 eum,
2061 2679 2120 2729 qui
2137 2679 2207 2717 sibi

1258 2758 1324 2781 nou
1336 2743 1498 2786 attendit,
1513 2755 1644 2780 necnon
1666 2740 1710 2778 :ul
1731 2739 1971 2789 arrogantiam
1989 2748 2020 2776 et
2040 2742 2206 2790 pecunia-

1257 2819 1336 2842 rum
1355 2803 1602 2856 cupiditatem,
1616 2802 1650 2839 iu
1666 2800 1813 2838 delicias
1828 2814 1969 2850 ῳιυιμιυ
1981 2800 2205 2851 pri-traluuit.

1258 2866 1292 2902 in
1316 2864 1511 2915 ignavium,
1526 2864 1560 2900 iu
1576 2860 2034 2914 svguitiriu,paulatimqm·
2054 2861 2097 2898 ad
2119 2862 2210 2899 ulte·

1257 2926 1508 2976 i·i0r;1‚‹1u;r:il›
1523 2925 1594 2962 illis
1607 2922 1929 2974 giguuiitui·,111;1lu.
1946 2922 2206 2975 Miilt.i‹piipp‹·

1256 2990 1289 3026 iu
1315 2988 1432 3026 medio
1464 2995 1545 3024 suut
1562 3016 1571 3030 ,
1590 3000 1669 3036 qua=
1691 2986 1823 3037 possint
1843 2986 1967 3022 auium·
1982 2985 2205 3034 ‹lili-gentiani

1255 3050 1405 3096 solvere,
1424 3049 1611 3099 ipsumque
1631 3046 1676 3083 .ul
1699 3048 1812 3084 lit-un·
1830 3060 1972 3083 rui->uui
1995 3047 2134 3082 sistrum
2150 3056 2205 3082 ,ιι-

1254 3126 1321 3163 quc
1341 3111 1376 3148 iu
1400 3109 1525 3162 primis
1547 3108 1720 3157 colloquia
1743 3121 1822 3144 ruiu
1844 3107 2065 3146 iuuliriilius.
2087 3107 2207 3157 Neque

1257 3181 1367 3224 potest
1387 3170 1547 3213 antistes,
1566 3169 1626 3219 qui
1646 3169 1751 3205 tutius
1764 3168 1881 3218 gregis
1898 3182 2019 3205 ruram
2041 3167 2202 3219 suscipit.

156 3228 288 3279 ἀνδρῶν
322 3231 560 3279 ἐπιμελεῖσθαι
594 3232 738 3283 μέρους,
765 3234 802 3271 τὸ
838 3236 870 3270 ’δὲ
906 3237 970 3270 τῶν
1007 3239 1179 3284 γυναικῶν
1205 3246 1227 3272 ι’.
1255 3234 1341 3271 viris
1362 3241 1497 3269 tantuin
1528 3229 1697 3267 curandis
1724 3244 1868 3280 opi-ium
1905 3229 2007 3272 ‹l-u‘r,
2038 3229 2205 3266 mulieres

202 3389 211 3400 ··
238 3377 296 3409 Alii
315 3386 536 3421 ⁴2¹.›121=¹,1'¹v¹⁵‘5
558 3396 743 3422 :pnuntoaiu

204 3432 215 3447 '¹
242 3430 298 3461 Ah·
320 3446 405 3464 τουτο
421 3439 487 3474 γε’γ..

203 3490 209 3504 ⁸
242 3482 462 3524 υΙΙΙΙΗΙυαᾸᾸΟυ
483 3498 535 3516 ἴων
586 3501 688 3525 ωαψς,
707 3507 730 3515 ιι.
771 3503 819 3516 Ι
835 3504 863 3517 nu

1246 3384 1407 3414 'Rima--
1453 3395 1689 3412 ’ἶ-.ῐιῖῐ’;ι,

1245 3439 1258 3458 l*
1293 3437 1481 3467 Uinium..

1247 3502 1250 3509 ¹
1293 3489 1374 3519 &lti-
1403 3503 1459 3519 .:''.

2243 751 2413 781 &Facilior

2227 794 2283 820 vila
2311 804 2413 820 mona-

2226 835 2271 861 elii
2294 854 2301 865 ,
2325 845 2412 870 quam

2227 877 2395 904 sacerdotis.
