2513 3871
175 1655 265 1684 Ptol,

173 1696 225 1735 42.

292 1654 363 1685 106.

375 245 470 306 464

804 258 841 288 S.
880 256 1064 288 sommis
1100 254 1341 287 cnRYSOST.
1381 252 1589 284 anctum*-
1627 250 1987 284 CONSTANTINOP-

375 343 510 384 eulatia
528 339 786 386 redundarent,
803 349 883 393 post
896 340 997 379 mille
1017 339 1165 379 sudores
1183 347 1218 377 et
1237 337 1330 377 mul·
1343 335 1392 362 ³⁵⁰
1408 351 1507 387 μενοι
1529 335 1732 376 &medum
1761 336 1882 380 αὐτοὺς
1896 365 1907 384 ,
1923 338 1971 379 ὡς
2006 337 2068 374 οὐκ
2088 336 2173 388 ὀρθῇ
2203 334 2316 388 xpum
2335 337 2432 389 λογι-

374 415 446 443 tam
460 401 692 456 pecuniarum
706 414 918 454 expensam,
931 415 1013 440 cum
1027 400 1151 440 messis
1161 408 1196 439 et
1206 374 1382 438 ἠώς-Α

374 465 454 503 miae
466 473 604 516 tempus
612 461 815 510 adveniret,
827 462 909 500 aliis
920 462 1102 501 fructuum
1115 468 1327 514 proventum

373 525 539 564 traderet.
566 523 711 572 Viden',
736 523 874 562 etiamsi
892 538 971 575 quae
992 532 1077 562 tunc
1101 522 1332 575 jactabantur

374 585 500 639 procul
519 600 539 624 a
561 585 706 624 veritate
726 593 859 631 essent,
889 598 1055 636 magnam
1084 582 1330 622 calumniandi

373 660 495 686 ansam
509 646 695 685 habituros
707 645 931 684 adversarios
942 645 1069 694 fuisse,
1083 644 1180 697 quod
1195 644 1331 683 scilicet

376 721 446 748 non
462 717 558 746 recto
572 707 710 759 judicio
728 707 852 746 electio
872 707 961 745 sacta
982 706 1118 746 fuisset.
1139 708 1243 746 Nunc
1259 718 1331 744 aut-

375 778 447 808 tem
467 782 510 807 ne
525 768 660 807 hiscere
677 768 823 819 quidem
841 767 896 806 vel
914 782 953 806 os
969 768 1108 820 aperire
1125 781 1203 806 mea
1224 781 1331 820 opera

377 838 538 882 possunt.
567 829 614 868 Et
645 829 719 867 haec
747 829 892 880 quidem
922 829 1108 880 multoque
1139 828 1196 867 his
1227 828 1331 881 plura

376 891 480 930 initio
509 889 696 929 dixissent.
727 892 919 942 Postquam
942 899 1061 929 autem
1091 890 1331 929 ministerium

375 951 628 1004 attigissemus,
645 965 840 1003 numquam
857 951 1093 1004 potuissemus
1107 950 1335 1003 quotidianas

375 1022 622 1052 accusatorum
641 1013 838 1052 calumnias
859 1012 1037 1059 refellere,
1057 1013 1195 1051 etiamsi
1219 1013 1334 1051 incul-
1358 1017 1381 1047 B

377 1084 459 1128 pate
483 1074 604 1113 omnia
627 1075 823 1125 egissemus
839 1090 847 1111 :
861 1088 905 1113 ne
927 1073 1048 1113 dicam
1068 1088 1131 1113 nos
1151 1074 1217 1112 hac
1235 1083 1335 1112 aetate

377 1148 567 1186 rerumque
587 1134 762 1187 imperitia
781 1135 816 1173 iu
835 1135 958 1173 multis
978 1135 1173 1173 necessario
1192 1134 1335 1173 aberra·

379 1203 477 1234 turos
496 1195 617 1234 fuisse.
643 1199 689 1233 At
708 1208 802 1233 nunc
822 1195 894 1233 illis
920 1195 1179 1233 criminationis
1202 1194 1335 1247 hujus-

378 1255 477 1294 modi
501 1257 720 1294 occasionem
744 1255 956 1294 sustulimus
979 1272 989 1293 :
1014 1266 1098 1295 tunc
1119 1264 1235 1294 autem
1255 1269 1337 1307 pro·

377 1317 524 1356 brorum
538 1317 763 1355 innumerum
784 1330 906 1355 ansam
923 1317 967 1354 iis
979 1316 1217 1355 dedissemus.
1233 1315 1336 1362 Quid

382 1377 476 1417 enim
492 1392 561 1417 non
572 1377 703 1416 dicturi
717 1379 842 1417 erant?
856 1379 925 1417 Res
936 1387 1050 1417 tantas
1064 1389 1206 1429 tamque
1216 1377 1336 1416 admi-

378 1438 509 1478 randas
537 1439 657 1492 pueris
679 1439 932 1492 insipientibus
955 1439 1233 1485 commiserunt,
1268 1438 1335 1477 Dei

378 1515 519 1553 gregem
535 1499 875 1554 pessumdederunt,
891 1515 946 1539 res
959 1499 1248 1540 Christianorum
1259 1501 1336 1553 jam

378 1562 468 1601 risui
497 1576 537 1601 ac
557 1561 716 1600 ludibrio
735 1562 909 1615 expositae
932 1571 1029 1601 sunt.
1066 1565 1110 1600 At
1136 1577 1222 1601 vero
1242 1576 1338 1602 nunc

381 1623 512 1662 Omnis
525 1626 711 1673 iniquitas
723 1623 910 1674 oppiIabit
924 1631 966 1662 οἷς
977 1637 1103 1664 suum.
1121 1623 1160 1663 Si
1175 1623 1270 1663 enim
1285 1623 1338 1662 tui

380 1698 486 1723 causa
501 1683 565 1722 ista
583 1683 820 1736 protulerint,
835 1684 954 1722 statim
974 1684 1055 1722 illos
1070 1698 1115 1723 ex
1130 1683 1206 1737 ipsa
1221 1699 1260 1723 re
1275 1684 1339 1724 do-

379 1746 476 1786 cebis
486 1776 495 1793 ‚
513 1760 581 1784 non
597 1755 760 1798 oportere
773 1745 1000 1798 prudentiam
1014 1755 1116 1785 aetate
1130 1747 1268 1795 metiri,
1283 1761 1340 1786 ne-

379 1822 448 1859 que
467 1821 588 1846 senem
614 1821 661 1846 ex
686 1807 815 1846 canitie
842 1807 1033 1860 probatum
1053 1807 1204 1856 babere,
1226 1822 1339 1860 neque

373 1871 543 1922 juvenem
558 1883 578 1906 a
595 1868 657 1907 tali
670 1868 867 1907 ministerio
882 1883 1027 1921 prorsus
1040 1883 1173 1915 arcere,
1187 1869 1246 1908 sed
1263 1884 1342 1909 neo·

379 1929 548 1983 phytum.
570 1929 730 1968 Multum
745 1938 797 1969 est
813 1938 932 1969 autem
949 1929 1040 1969 inter
1057 1939 1250 1982 utrumque
1265 1931 1339 1970 dis-

380 2003 529 2029 crimen.

423 2125 438 2139 ⁸·
461 2113 604 2146 Maxima
634 2125 709 2157 pars
731 2113 1032 2157 manuscriptorum
1050 2121 1234 2160 ἠρκέσαμεν,
1250 2115 1393 2149 Savilius

380 2175 491 2199 antem
517 2175 550 2200 et
577 2166 693 2203 Morel.
718 2174 857 2214 ἥμισυ.
876 2166 978 2201 Paulo
993 2175 1070 2211 post
1085 2167 1210 2212 aliquot
1226 2169 1304 2203 Mss-
1329 2172 1394 2205 δια-

382 2225 562 2266 μπρτάνιιν.

1407 398 1508 448 σμῶν
1527 396 1591 444 τὴν
1608 397 1742 450 αἵρεσιν
1761 396 2035 447 πεποιημένους
2052 395 2179 447 Ἡμεῖς
2193 395 2230 434 δὲ
2245 398 2360 440 αὐτοῖς
2373 399 2433 435 νῦν

1406 458 1484 498 οὐδὲ
1503 465 1611 511 χᾶναι
1628 458 1707 498 οὐδὲ
1736 458 1856 500 ἅπλῶς
1886 458 2005 509 διᾶραι
2036 456 2077 495 τὸ
2095 457 2211 508 στόμα
2230 457 2434 509 συνεχωρή-

1407 537 1536 572 σαμεν.
1555 519 1626 560 Καὶ
1637 520 1682 559 τὰ
1696 520 1758 570 μὲν
1772 519 1869 572 παρὰ
1883 519 1947 567 τὴν
1965 518 2080 571 ἀρχὴν
2096 519 2271 571 λεγόμενα
2286 522 2433 558 τοιαῦτα

1408 583 1449 621 ἂν
1472 577 1528 630 ἦν,
1549 581 1758 621 καὶτούτων
1788 581 1944 619 πλείονα.
1965 579 2067 619 Μετὰ
2099 580 2136 620 δὲ
2164 581 2204 619 τὸ
2222 581 2287 626 τῆς
2316 580 2438 618 διακο·

1407 644 1481 688 νίας
1503 644 1660 696 ἅψασθαι
1678 644 1740 681 οὐκ
1755 641 1796 680 ἀν
1815 645 1829 662 ·
1845 641 2047 693 ἠρκέσαμεν
2067 643 2146 680 καθ’
2171 641 2323 688 ἑκάστην
2342 640 2436 691 ἡμέ-

1409 721 1470 758 ραν
1491 710 1562 748 τοῖς
1591 704 1798 756 ἐγκαλοῦσιν
1826 702 2128 754 ἀπολογούμενοι,
2161 704 2191 741 εἰ
2226 701 2287 740 καὶ
2317 700 2436 741 πάντα

1407 769 1493 816 ἡμῖν
1527 764 1783 818 ἀναμαρτήτως
1818 763 2034 816 ἐπράττετο,
2071 763 2121 815 μὴ
2153 763 2208 803 ὅτι
2240 762 2300 802 καὶ
2321 761 2436 802 πολλὰ

1407 827 1615 879 διαμαρτεῖν
1653 825 1721 864 ὑπό
1753 841 1790 863 τε
1820 827 1884 871 τῆς
1915 825 2076 876 ἀπειρίας
2116 825 2177 864 καὶ
2204 826 2267 872 τῆς
2296 822 2437 872 ἡλικίας

1408 888 1681 938 ἠναγκάσθημεν
1702 888 1756 926 ἅν.
1778 888 1850 926 Νῦν
1871 885 1906 926 δὲ
1924 886 1984 924 καὶ
2001 886 2132 934 ταύτης
2152 885 2276 930 αὐτοὺς
2293 884 2311 906 ”
2326 900 2437 932 κατη-

1408 950 1527 1001 γορίας
1547 947 1816 999 ἀπηλλάξαμεν,
1835 947 1912 986 τότε
1942 947 1978 986 δὲ
1999 948 2135 999 μυρίοις
2155 947 2196 986 ἂν
2223 945 2347 990 αὐτοὺς
2373 961 2436 985 πι-

1410 1011 1617 1062 ριεὸάλομεν
1646 1010 1805 1048 ὀνείδεσι.
1831 1008 1879 1048 Τι’
1902 1008 1970 1061 γὰρ
2004 1010 2067 1048 οὐκ
2089 1009 2130 1046 ἂν
2157 1003 2278 1057 alnou
2312 1007 2436 1047 παισὶν

1408 1071 1567 1118 ἀνοήτοις
1585 1071 1781 1122 πράγματα
1804 1069 1893 1109 οὕτω
1912 1069 2097 1120 Θαυμαστὰ
2116 1069 2177 1108 καὶ
2197 1069 2335 1121 μεγάλα
2350 1067 2435 1107 ἐπί-

1407 1134 1555 1184 τρεψαν,
1572 1131 1791 1182 ἐλυμήναντο
1816 1134 1877 1169 τοῦ
1908 1132 2003 1168 Θεοῦ
2023 1130 2064 1168 τὸ
2090 1129 2267 1180 ποίμνιον,
2288 1128 2435 1179 παίγνια

1408 1192 1467 1229 καὶ
1498 1191 1608 1242 γέλως
1633 1190 1753 1241 γέγονε
1773 1191 1818 1228 τὰ
1848 1191 2094 1241 Χριστιανῶνς
2111 1189 2218 1229 Ἀλλὰ
2244 1194 2305 1228 νῦν
2335 1195 2436 1229 πᾶσα

1409 1251 1536 1301 ἀνομία
1557 1251 1726 1304 ἐμφράξει
1740 1251 1780 1289 τὸ
1802 1250 1917 1300 στόμα
1940 1252 2061 1296 αὑτῆς.
2082 1250 2126 1288 Εἰ
2143 1251 2214 1303 γὰρ
2233 1250 2295 1289 καὶ
2320 1249 2380 1289 διὰ
2397 1251 2437 1290 σὲ

1406 1315 1519 1350 ταῦτα
1535 1311 1669 1362 λέγοιεν
1681 1339 1690 1357 ,
1710 1310 1800 1350 ἀλλὰ
1818 1310 1955 1363 ταχέως
1973 1309 2098 1354 αὑτοὺς
2117 1310 2264 1355 διδάξεις
2287 1310 2346 1350 διὰ
2364 1312 2436 1349 τῶν

1407 1374 1518 1425 ἔργων
1531 1401 1542 1420 ,
1570 1372 1625 1412 ὅτι
1644 1374 1683 1411 οὐ
1703 1372 1774 1424 χρὴ
1805 1371 1868 1419 τὴν
1888 1371 2026 1411 σύνεσιν
2045 1372 2168 1424 ἡλικίᾳ
2193 1371 2344 1424 κρίνειν,
2359 1372 2437 1412 οὗδὶ

1408 1434 1465 1473 τὸν
1492 1433 1691 1486 πρεσὸύτην
1713 1433 1783 1472 ἀπὸ
1801 1435 1864 1479 τῆς
1881 1434 2006 1477 πολιᾶς
2028 1433 2253 1484 δοκιμάζειν,
2277 1432 2356 1472 οὖδὶ
2376 1433 2436 1473 τὸν

1408 1496 1482 1535 νέον
1502 1496 1641 1540 πάντως
1661 1495 1840 1548 ἀπείργειν
1858 1499 1921 1543 τῆς
1942 1495 2107 1542 τοιαύτης
2127 1494 2318 1543 διακονίας,
2344 1495 2437 1534 ἀλλὰ

1409 1558 1467 1597 τὸν
1486 1553 1661 1610 νεόφυτον.
1677 1556 1775 1596 Πολὺ
1796 1556 1832 1596 δὲ
1851 1556 2057 1609 ἀμφοτέρων
2076 1556 2116 1595 τὸ
2134 1556 2252 1608 μέσον.

1473 2117 1490 2142 b
1513 2115 1661 2157 Quidam
1691 2115 1817 2149 habeut
1839 2121 2031 2162 κακηγορίας.
2060 2114 2153 2149 Infra
2174 2114 2291 2149 Metel.
2319 2119 2362 2154 τίς
2378 2120 2438 2160 γὰρ

1429 2171 1480 2202 οῦκ
1497 2173 1532 2203 ἀν
1549 2171 1629 2210 ιῖπι,
1645 2167 1749 2202 savit.
1776 2175 1888 2201 autem
1915 2180 1992 2201 cum
2016 2170 2162 2202 maxima
2190 2166 2439 2212 »hauseripio-

1433 2232 1506 2253 rum
1522 2228 1618 2264 parte
1634 2227 1663 2257 τί
1679 2227 1737 2268 γάρ
1746 2225 1797 2256 οὐκ
1814 2227 1850 2256 ἂν
1866 2224 1959 2257 εἶπον.
