2549 3825
731 243 790 274 An
826 245 1064 276 summum
1100 247 1129 276 A
1165 246 1360 277 nmioNE
1397 248 1630 279 vnxuum.
1671 250 1753 279 Lm.
1795 249 1824 277 1.
2208 237 2291 296 193

235 330 363 376 ταύτης
379 330 400 374 ἡ
421 327 543 379 φύσις,
564 326 666 376 μόνον
686 325 727 373 ἢν
746 326 821 376 ''ia->1
841 328 1045 376 θελήσωμεν
1063 327 1184 371 ἁπλῶς
1201 330 1258 365 ἐκ·

238 391 350 432 δόντες
375 388 517 431 ἑαυτοὺς
547 391 598 439 τῷ
627 387 732 431 πάθει
760 388 927 439 σύρεσθαι
955 388 1047 426 κατὰ
1069 391 1258 440 κρημνῶν,

235 449 325 488 ἀλλὰ
356 450 415 487 καὶ
435 451 610 501 ἀνανῆψαι
631 449 690 486 καὶ
716 448 923 500 λογίσασθαί
956 465 990 486 τι
1020 451 1087 486 τῶν
1111 448 1258 487 δεόντων

239 510 502 561 σπουδάσωμεν.
522 509 646 548 Πολλὰ
663 508 730 561 γὰρ
748 512 819 547 τῶν
849 508 1044 548 δοκούντων
1076 502 1165 547 εἶναι
1185 509 1259 546 δει-

237 574 304 609 νῶν
325 571 462 622 μεγάλα
484 569 546 621 μὲν
582 569 743 622 φαίνεται
772 570 832 608 καὶ
857 570 1017 621 ἀφόρητα
1036 569 1118 620 πρὶν
1139 568 1259 612 ἐξετα-

239 635 364 679 σθῆναι
380 633 515 675 καλῶς·
532 634 562 669 εἰ
582 631 619 669 δέ
637 647 690 675 τις
706 629 794 669 αὐτὰ
813 632 863 682 τῷ
885 631 1045 682 λογισμῷ
1061 630 1259 682 διασκέψη-

239 710 318 738 ται,
336 693 476 745 εὑρήσει
491 694 610 745 πολλῷ
630 696 692 739 τῆς
705 691 868 735 ὑπονοίας
880 692 1137 743 καταδεέστεροι
1150 707 1157 715 ·
1172 691 1258 743 ὅπερ

241 755 300 793 καὶ
318 758 376 793 νῦν
396 753 525 797 ἐλπίζω
553 752 772 805 γενήσεσθαι.
796 752 903 791 Ἀλλὰ
924 751 1157 800 διανάστησον
1176 769 1260 791 σαυ-

240 816 318 864 τὸν,
337 814 397 853 καὶ
414 813 461 865 μὴ
480 817 522 864 τῇ
541 813 674 865 ματαίᾳ
689 814 748 851 καὶ
768 813 884 865 ἀλόγῳ
912 815 981 850 τῶν
1011 814 1150 852 πολλῶν
1172 812 1260 851 ἑπό-

242 892 343 927 μενος
371 875 449 927 δόξῃ
475 905 485 919 ,
519 874 746 927 σφοδρότερον
781 873 912 926 ἐργάσῃ
946 876 1024 913 καθ’
1059 876 1163 924 ἡμῶν
1200 874 1260 912 τὸν

242 936 378 988 ἐχθρόν.
398 937 443 974 Εἰ
460 934 521 986 μὲν
536 929 593 974 οῧν
610 935 696 986 πρός
710 935 789 972 τινά
805 938 943 986 μοιτῶν
960 933 1116 973 ἀπίστων
1131 939 1148 974 ὅ
1160 935 1262 986 λόγος
1288 937 1311 966 D

242 992 283 1044 ῆν
297 1025 306 1042 ,
323 996 346 1042 ἢ
363 1000 433 1035 τῶν
457 995 660 1046 αὐτομάτως
678 995 818 1033 ἅπαντα
844 995 1010 1048 φέρεσθαι
1029 995 1239 1046 νομιζόντων
1251 1026 1262 1043 ,

241 1058 263 1104 ἢ
281 1060 348 1096 τῶν
370 1063 531 1109 πονηροῖς
550 1056 739 1108 δαιμονίοις
755 1060 815 1094 τοῦ
848 1057 981 1108 κόσμου
1014 1057 1077 1104 τὴν
1096 1058 1262 1109 πρόνοιαν

242 1119 484 1167 ἀνατιθέντων,
499 1120 632 1164 πολλῆς
648 1118 689 1156 ἄν
703 1134 762 1169 μοι
779 1117 1025 1169 πραγματείας
1038 1118 1193 1166 ἐδέησεν,
1205 1118 1264 1157 ἵνα

241 1183 379 1233 πρῶτον
398 1180 462 1227 τὴν
481 1178 753 1229 πεπλανημένην
777 1178 877 1222 δόξαν
898 1178 1057 1217 ἐκὸαλὼν
1070 1209 1080 1227 ,
1104 1180 1164 1217 καὶ
1183 1181 1264 1218 πεί-

243 1255 306 1283 σας
337 1239 462 1278 εἰδέναι
491 1239 554 1287 τὴν
577 1241 690 1286 ἀληθῆ
706 1244 767 1278 τοῦ
792 1239 922 1282 παντὸς
950 1238 1139 1292 πρόνοιαν,
1156 1240 1264 1283 οὕτως

244 1301 301 1339 ἐπὶ
333 1301 373 1340 τὸ
407 1302 626 1353 παρακαλεῖν
645 1300 762 1354 τρέψω
780 1300 838 1338 τὸν
859 1300 960 1350 λόγον
982 1315 990 1323 ·
1021 1301 1141 1348 ἐπειδὴ
1165 1302 1200 1339 δὲ
1220 1305 1262 1353 τῇ

243 1365 303 1400 τοῦ
336 1363 428 1401 Θεοῦ
456 1362 578 1414 χάριτι
609 1361 678 1399 ἀπὸ
713 1361 859 1412 βρέφους
889 1359 934 1398 τὰ
964 1361 1039 1412 ἱερὰ
1067 1361 1263 1413 γράμματα

244 1415 361 1469 οἶδας,
392 1421 450 1459 καὶ
481 1422 524 1459 τὰ
556 1422 669 1468 ἀληθῆ
703 1421 764 1459 καὶ
784 1420 940 1473 σωτήρια
963 1421 1121 1472 δόγματα
1150 1423 1263 1460 διαδε-

245 1482 389 1533 ξάμενος
409 1484 449 1521 ἐκ
479 1482 658 1534 προγόνων
686 1482 861 1526 πιστεύεις
891 1482 1047 1535 ἀκριὲῶς
1077 1482 1131 1521 ὅτι
1164 1483 1263 1533 μέλει

243 1543 324 1595 περὶ
342 1543 483 1581 πάντων
502 1546 552 1593 τῷ
573 1545 677 1594 Θεῷ,
696 1543 756 1580 καὶ
776 1543 930 1593 μάλιστα
948 1546 1016 1581 τῶν
1030 1545 1264 1582 πιστευόντων

245 1605 358 1655 αὐτῷ,
373 1607 473 1642 τοῦτο
487 1603 629 1655 ἀφέντες
645 1604 683 1640 τὸ
700 1603 822 1654 μέρος,
848 1603 1014 1655 ἑτέρωθεν
1035 1604 1264 1654 ποιησώμεθα

243 1664 305 1712 τὴν
322 1664 447 1717 ἀρχήν.
466 1669 480 1685 ⁰
501 1664 648 1710 Ἐπειδὴ
668 1663 747 1708 τοὺς
766 1665 933 1716 ἀγγέλους
952 1664 1114 1711 ἐποίησεν
1128 1668 1146 1703 ὃ
1161 1664 1262 1709 Θεός·
1288 1673 1313 1702 Ε

244 1727 377 1776 μᾶλλον
403 1726 440 1764 δὲ
459 1725 622 1777 ἀνωτέρω
642 1726 699 1764 τὸν
719 1726 823 1777 λόγον
851 1726 1061 1777 ἀγάγωμεν·
1081 1741 1163 1778 πριν
1185 1726 1266 1770 τοὺς

245 1787 410 1838 ἀγγέλους
429 1787 613 1838 γενέσθαι,
630 1803 691 1825 και
719 1787 781 1831 τὰς
811 1787 920 1830 ἄλλας
954 1786 1118 1838 δυνάμεις
1140 1787 1202 1831 τας
1230 1789 1264 1826 ἐν

242 1855 313 1892 τοῖς
327 1849 482 1901 οὐρανοῖς
498 1877 509 1897 ,
534 1853 577 1896 ἠν
595 1851 613 1887 ὁ
630 1849 719 1892 Θεὸς
734 1879 744 1896 ,
763 1848 877 1901 ἀρχὴν
907 1848 1072 1887 οὐδέποτε
1098 1852 1158 1887 τοῦ
1175 1853 1266 1888 εἰναι

242 1909 374 1948 λαὸών.
406 1909 582 1956 Ἀνενδεὴς
601 1909 637 1947 δὲ
653 1909 701 1947 ὢν
721 1909 774 1950 ἀεὶ
787 1939 796 1957 ,
829 1925 984 1948 τοιουτον
1003 1910 1072 1962 γὰρ
1090 1927 1130 1950 το
1150 1914 1239 1950 θεῖον
1252 1941 1266 1961 ,

244 1972 405 2019 ἐποίησεν
431 1971 598 2023 ἀγγέλους
616 2002 626 2020 ,
662 1972 903 2024 ἀρχαγγέλους
920 2001 930 2019 ,
971 1989 1032 2010 και
1064 1972 1126 2017 τὰς
1159 1973 1269 2018 ἄλλας

244 2048 313 2071 των
334 2033 531 2084 ἀσωμάτων
547 2033 687 2081 οὐσίας,
707 2034 850 2080 ἐποίησε
871 2035 906 2073 δὲ
923 2035 966 2072 δι’
985 2034 1101 2087 ἕτερον
1121 2034 1182 2084 μὲν
1208 2036 1267 2072 οὖ-

244 2093 312 2143 δὲν,
328 2096 370 2133 δι’
391 2095 591 2146 ἀγαθότητα
615 2094 649 2133 δὲ
677 2094 799 2144 μόνην.
817 2088 884 2133 Ὡν
905 2095 974 2147 γὰρ
992 2099 1054 2141 τῆς
1083 2096 1269 2148 θεραπείας

243 2158 306 2194 οὐκ
324 2155 475 2232 ἔχρῃζε,
494 2156 626 2195 τούτων
647 2156 719 2195 οὐδ’
741 2156 780 2195 ἂν
806 2156 1049 2209 δημιουργὸς(ι
1069 2157 1217 2208 εγένετο,
1238 2161 1267 2196 εἰ

244 2218 292 2267 μὴ
314 2218 445 2272 σφόδρα
464 2213 506 2265 ῆν
526 2218 663 2293 ἀγριθός.
682 2218 819 2257 Μετὰ
801 2218 837 2257 οὲ
850 2218 913 2264 τὴν
939 2218 1071 2257 τούτων
1092 2220 1263 2271 δημιουρ-
1277 2260 1325 2285 ⁴158

241 2279 319 2330 γίαν
347 2286 439 2318 ποιεῖ
467 2279 526 2317 καὶ
547 2280 605 2318 τὸν
625 2279 806 2333 ἄνθρωπον
829 2279 886 2318 διὰ
906 2279 969 2326 τὴν
1001 2279 1110 2326 αὐτὴν
1132 2280 1264 2326 ταύτην
1291 2298 1315 2326 Α

242 2342 348 2379 πάλιν
370 2341 505 2388 αἰτίαν,
525 2341 584 2379 καὶ
612 2356 670 2378 τον
699 2340 829 2390 >cdo-«mv
863 2340 1003 2379 ἅπαντα
1035 2356 1166 2379 τουτον.
1196 2343 1266 2380 Καὶ

244 2402 375 2453 μυρίων
397 2402 498 2440 αὐτὸν
525 2402 710 2452 ἐμπλήσας
737 2404 878 2452 ἀγαθῶν
897 2402 955 2440 τὸν
985 2402 1109 2454 μικρὸν
1134 2404 1264 2440 ἐκεῖνον

242 2462 301 2500 καὶ
320 2463 441 2508 εὐτελῆ
458 2467 527 2504 τοῖς
542 2462 716 2505 τοσούτοις
732 2461 843 2514 ἔργοις
867 2463 1038 2508 ἐπέστησε
1049 2493 1058 2510 ,
1080 2467 1186 2501 τοῦτο’
1203 2467 1264 2500 αὖ-

241 2522 300 2560 τὸν
329 2523 510 2575 ἀποφήνας
537 2522 595 2561 ἐπὶ
612 2524 675 2568 τῆς
690 2525 753 2574 γῆς
771 2553 780 2570 ,
800 2522 887 2574 ὅπερ
905 2523 998 2561 ἐστὶν
1015 2525 1116 2567 αὐτὸς
1143 2526 1178 2561 ἐν
1195 2531 1265 2568 τοῖς

243 2586 409 2634 οὐρανοῖς.
429 2583 482 2622 Τὸ
500 2583 588 2635 γὰρ,
606 2583 818 2634 Ποιήσωμεν
837 2584 1017 2634 ἄνθρωπον
1046 2588 1123 2622 κατ’
1149 2585 1266 2624 εἰκόνα

243 2646 417 2698 ἡμετέραν
446 2645 506 2683 καὶ
538 2647 615 2683 καθ’
636 2644 802 2695 ὁμοίωσιν
819 2675 828 2692 ,
845 2646 942 2683 οὐδὲν
976 2645 1092 2696 ἕτερόν
1122 2648 1215 2685 ἐστιν
1242 2648 1264 2692 ἢ

244 2707 283 2744 τὸ
311 2706 370 2744 καὶ
398 2706 500 2744 αὐτὸν
521 2705 585 2753 τὴν
605 2705 717 2758 ἀρχὴν
749 2709 946 2758 ἀνῃρῆσθαι
978 2710 1046 2744 τῶν
1081 2709 1115 2745 ἐν
1144 2712 1186 2760 τῇ
1207 2712 1266 2759 γῆ.

246 2767 401 2813 Ποιήσας
420 2767 455 2806 δὲ
476 2768 576 2806 αὐτὸν
595 2768 654 2806 καὶ
674 2770 707 2806 ἐν
737 2767 891 2819 τοσαύτῃ
913 2768 1140 2815 καταστήσας
1155 2771 1242 2819 τιμῇ
1258 2799 1267 2814 ,

245 2829 403 2880 καθάπερ
429 2834 443 2849 ‘¹
462 2829 622 2879 βασίλεια
654 2831 790 2880 βασιλεῖ
824 2829 863 2867 τὸ
894 2829 1081 2867 κάλλιστον
1113 2831 1181 2867 τῶν
1211 2830 1268 2868 ἐπὶ

246 2892 309 2940 γῆς
339 2888 490 2933 ἀπέταξε
509 2889 566 2927 τὸν
588 2890 811 2941 παράδεισον.
829 2890 898 2928 Καὶ
924 2890 1010 2942 πρὸς
1028 2890 1161 2933 τούτοις
1183 2894 1268 2942 βου-

247 2950 390 3001 λόμενος
408 2953 502 3003 αὐτῷ
518 2950 625 2994 δεῖξαι
645 2951 705 2988 καὶ
728 2952 915 3002 ἑτέρωθεν,
939 2951 1017 2990 ὅσον
1043 2955 1111 2989 τῶν
1138 2954 1271 2990 λοιπῶν

247 3010 444 3057 ἀναὸέὸηκε
459 3011 555 3055 ζώων
568 3012 643 3062 ἄγει
658 3012 743 3063 πρὸς
757 3013 860 3050 αὐτὸν
876 3012 1028 3058 ἅπαντα,
1045 3013 1104 3050 καὶ
1117 3014 1271 3064 ὀνόματα
1298 3031 1319 3059 ῃ

246 3075 415 3110 ἐπιθεῖναι
434 3071 565 3110 κελεύει
582 3079 687 3110 πᾶσιν
705 3075 831 3117 αὐτοῖς.
853 3073 922 3111 Καὶ
938 3073 1033 3124 ὅμως
1048 3073 1144 3112 οὐδὲν
1164 3074 1197 3118 ἐξ
1217 3077 1273 3112 αὐ-

246 3134 316 3171 τῶν
346 3133 484 3172 δίδωσιν
514 3135 608 3186 αὐτῷ
640 3133 726 3186 πρὸς
763 3133 946 3185 βοήθειαν·
969 3135 1027 3172 καὶ
1060 3134 1124 3181 τὴν
1156 3135 1272 3172 αἰτίαν

294 3258 309 3281 ¹¹
333 3255 436 3291 Snvil.
456 3256 486 3288 iu
506 3267 610 3298 uiurg.
629 3263 673 3299 μὴ
691 3265 949 3302 συγχωρήσωμεν,
967 3264 1000 3289 et
1017 3268 1093 3289 mox
1112 3267 1153 3302 τῷ
1172 3262 1257 3292 milk.

1331 330 1506 368 moestitiae
1537 345 1577 369 ac
1603 330 1738 369 doloris
1758 344 1876 381 aequas
1909 337 2026 382 partes
2055 329 2144 367 mihi
2176 340 2291 370 tecum

1335 390 1478 428 vindico
1497 407 1504 426 :
1523 401 1627 442 atque
1658 392 1692 429 in
1714 392 1781 430 hoc
1811 391 1903 428 mihi
1928 389 2070 428 credent
2101 391 2163 441 qui
2183 391 2232 429 ita
2253 403 2291 430 ut

1332 460 1470 501 oportet
1488 451 1638 501 diligere
1658 461 1844 490 noverunt.
1867 455 1941 502 Age
1960 464 2043 502 ergo
2063 452 2291 506 excutiamus

1331 510 1426 547 hunc.
1441 510 1627 562 pulverem
1645 527 1652 546 :
1670 512 1719 548 ita
1738 512 1831 549 enim
1847 512 1912 549 erit
1929 511 2124 550 tolerabitis
2141 526 2182 550 ae
2198 512 2290 551 levis

1331 569 1479 621 hujusce
1510 570 1565 608 vis
1596 571 1778 617 moeroris,
1818 571 1848 608 si
1878 571 2099 609 noluerimus
2131 572 2289 611 cedendo

1331 630 1538 681 aegritudini
1557 632 1650 669 trahi
1666 631 1712 669 ad
1731 631 1941 683 praecipitia,
1964 631 2025 669 sed
2046 633 2198 683 vigilare
2221 649 2288 687 po-

1332 689 1423 738 tius,
1453 700 1487 729 et
1516 691 1606 742 quid
1636 692 1729 729 facto
1749 705 1838 743 opus
1859 691 1904 729 sit
1922 692 2092 742 cogitare.
2127 694 2287 733 Plurima

1331 751 1426 789 enim
1436 765 1480 790 ex
1495 752 1538 790 iis
1550 767 1628 803 quae
1637 752 1806 791 videntur
1817 752 2060 798 acerbissima,
2078 754 2287 804 priusquam

1331 813 1581 850 examinentur
1601 813 1829 864 diligentius,
1849 812 1973 864 gravia
1992 822 2166 864 putantur
2183 825 2215 852 et
2236 816 2288 852 in-

1331 873 1533 912 tolerabilia
1552 887 1561 910 :
1580 874 1609 911 si
1636 875 1715 924 quis
1734 884 1850 912 tamen
1870 887 1910 912 ea
1938 875 2074 911 ratione
2092 874 2258 914 discutiat
2274 907 2287 921 ‚

1334 931 1489 969 inveniet
1504 944 1578 969 esse
1593 932 1702 982 longe
1717 932 1884 984 opinione
1898 931 2031 969 leviora
2044 961 2054 978 ‚
2069 932 2168 982 quod
2182 934 2288 971 modo

1335 1006 1476 1043 quoque
1499 993 1662 1030 futurum
1687 1007 1756 1031 non
1785 992 1946 1045 despero.
1983 994 2042 1031 Tu
2074 1003 2214 1033 tautum
2241 1006 2289 1034 te-

1337 1055 1455 1106 ipsum
1471 1054 1579 1105 erige,
1596 1068 1708 1105 neque
1719 1068 1818 1093 vanae
1833 1068 1874 1092 ac
1885 1054 2001 1092 stultae
2014 1055 2118 1106 vulgi
2132 1057 2292 1108 opinioni

1336 1115 1577 1166 acquiescens,
1593 1116 1778 1153 fortiorem
1794 1123 1918 1153 contra
1933 1129 1997 1153 nos
2019 1116 2208 1154 inimicum
2227 1126 2293 1155 sta-

1337 1186 1426 1214 tuas.
1458 1177 1574 1228 Igitur
1607 1177 1635 1215 si
1661 1176 1806 1228 quidem
1833 1176 1878 1214 ad
1904 1177 2060 1227 aliquem
2090 1177 2292 1216 infidelium

1338 1237 1427 1274 mihi
1444 1251 1559 1276 sermo
1573 1246 1674 1284 esset,
1686 1237 1743 1275 vel
1758 1251 1880 1275 eorum
1896 1238 1955 1287 qui
1974 1251 2057 1276 casu
2071 1239 2156 1276 ferri
2172 1242 2293 1277 omnia

1337 1297 1560 1346 existimant,
1581 1298 1638 1336 vel
1655 1312 1778 1335 eorum
1795 1298 1856 1348 qui
1871 1298 2095 1348 nequissimis
2111 1299 2293 1337 daemoniis

1339 1358 1463 1396 mundi
1480 1358 1740 1410 providentiam
1753 1358 1946 1408 assignant,
1960 1359 2042 1410 plus
2056 1359 2146 1397 mihi
2161 1361 2292 1411 negotii

1338 1419 1572 1467 incumberet,
1592 1417 1864 1471 repellendaque
1883 1419 1982 1470 prius
2009 1433 2153 1457 erronea
2172 1421 2294 1472 opinio

1337 1478 1477 1524 fuisset,
1497 1486 1602 1528 atque
1618 1478 1767 1515 veritate
1785 1477 2019 1528 providentiae
2040 1488 2193 1525 ostensa,
2218 1489 2296 1517 tum

1338 1539 1484 1577 demum
1505 1539 1698 1576 consolatio
1724 1538 1975 1576 subinfer-enda
1993 1549 2081 1577 essct
2100 1556 2106 1575 :
2125 1541 2294 1591 quoniam

1338 1614 1424 1638 vero
1444 1599 1578 1636 Christi
1597 1599 1711 1650 gratia
1733 1599 1929 1636 instructus
1948 1599 1993 1636 ab
2011 1599 2159 1638 infantia
2180 1615 2296 1639 sacras

1339 1659 1497 1698 didicisti
1514 1660 1648 1704 literas,
1671 1673 1824 1710 veraque
1839 1668 1871 1697 ct
1885 1659 2052 1698 salutaria
2069 1660 2234 1712 dogmata
2253 1676 2296 1700 ex

1341 1721 1516 1772 majorum
1534 1729 1677 1757 tuorum
1700 1722 1920 1758 successione
1939 1721 2144 1773 suscepisti,
2167 1722 2299 1760 credis-

1343 1799 1412 1836 que
1431 1785 1564 1835 absque
1578 1784 1652 1822 ulla
1670 1784 1895 1822 haesitatione
1915 1787 1990 1823 Deo
2013 1800 2136 1824 curam
2161 1801 2234 1825 esse
2253 1787 2299 1825 de

1341 1847 1530 1896 omnibus,
1549 1855 1582 1884 et
1603 1845 1648 1883 de
1663 1845 1719 1883 his
1738 1846 1895 1884 maxime
1922 1847 1984 1897 qui
2006 1847 2075 1885 sibi
2095 1847 2167 1885 fide
2182 1849 2298 1900 juncti

1341 1918 1449 1959 sunt;
1471 1908 1602 1946 omissa
1620 1907 1688 1945 hac
1708 1916 1807 1959 parte
1825 1937 1834 1955 ‚
1857 1907 2002 1945 aliunde
2023 1922 2204 1946 sumamus
2226 1910 2297 1947 ini-

1342 1971 1446 2008 tium.
1467 1969 1648 2021 Principio
1671 1982 1752 2006 cum
1771 1969 1915 2021 angelos
1934 1979 2066 2007 crearet
2091 1972 2202 2016 Deus;
2227 1971 2299 2008 imo

1343 2045 1428 2070 vero
1444 2040 1485 2070 ut
1499 2030 1607 2069 altius
1621 2029 1774 2068 ducatur
1793 2032 1906 2068 oratio
1923 2046 1930 2067 :
1947 2039 2135 2081 antequam
2156 2032 2298 2082 angelos

1343 2093 1511 2132 conderet
1519 2093 1745 2142 caelestesque
1758 2092 1915 2142 reliquas
1924 2092 2100 2136 Virtutes,
2113 2093 2210 2130 Deus
2225 2103 2299 2130 erat

1343 2155 1418 2193 sine
1430 2154 1681 2204 ulloumquam
1697 2152 1888 2190 exsistendi
1904 2152 2091 2204 principio.
2109 2154 2201 2190 Cum
2216 2167 2299 2191 vero

1343 2214 1479 2252 nullius
1499 2213 1548 2251 rei
1571 2226 1678 2263 egens
1701 2226 1839 2264 semper
1867 2220 1956 2250 essct
1970 2243 1980 2259 ‚
2001 2212 2039 2250 id
2058 2212 2192 2264 quippe
2212 2227 2298 2264 pro—

1343 2275 1463 2328 prium
1484 2273 1687 2312 divinitatis
1706 2282 1780 2322 est,
1812 2273 1945 2310 creavit
1963 2273 2119 2323 angelos,
2143 2273 2298 2310 arelian-

1341 2337 1450 2386 gelos,
1464 2349 1655 2385 omnesque
1667 2334 1822 2384 reliquas
1835 2335 2059 2386 incorporeas
2070 2335 2295 2373 substantias.

1341 2397 1483 2435 Creavit
1511 2410 1595 2434 vero
1615 2396 1661 2433 ob
1679 2395 1778 2433 aliud
1800 2396 1888 2433 nihil
1907 2427 1916 2443 ,
1944 2396 2010 2433 nisi
2031 2396 2104 2434 sola
2125 2397 2295 2434 bonitatis

1340 2472 1411 2496 sua:
1431 2471 1550 2495 causa.
1575 2459 1737 2504 Quorum
1757 2456 1851 2493 enim
1871 2456 2039 2506 obsequio
2060 2471 2127 2493 uon
2151 2456 2294 2507 indigc-

1339 2520 1418 2564 bat,
1440 2531 1635 2568 numquam
1656 2530 1714 2554 eos
1735 2518 1889 2566 profecto
1909 2517 2118 2563 creavisset,
2147 2517 2213 2554 nisi
2235 2532 2297 2554 su-

1341 2594 1460 2634 preme
1476 2580 1589 2617 honus
1605 2587 1705 2615 esset.
1728 2580 1807 2616 Post
1825 2578 1967 2615 illorum
1983 2592 2067 2615 vero
2084 2578 2296 2616 creationem

1343 2643 1424 2679 serit
1446 2640 1624 2679 huminem
1646 2639 1720 2691 ipsa
1741 2639 1874 2676 scilicet
1894 2648 1998 2689 atque
2018 2637 2138 2676 eadem
2161 2653 2265 2676 ‹xiiis-’i
2285 2668 2294 2683 ,

1343 2702 1587 2751 mumlumque
1603 2701 1696 2737 lmuc
1711 2713 1866 2742 omnem.
1881 2714 1985 2749 quem
2002 2714 2083 2736 cum
2101 2699 2297 2737 iunuuwris

1344 2765 1445 2803 lionis
1468 2762 1702 2812 insigniis-501,
1727 2774 1879 2812 parvum
1902 2761 2003 2798 illum
2028 2770 2059 2798 ct
2084 2761 2296 2798 vilissimum

1346 2827 1400 2864 his
1417 2825 1582 2863 omnibus
1603 2821 1772 2874 pra-serit.
1796 2822 1860 2858 lim·
1881 2821 1982 2858 illum
2004 2821 2038 2858 iu
2060 2830 2153 2859 terra
2170 2823 2297 2859 coluti-

1346 2900 1460 2930 tueus.
1483 2885 1578 2937 ιμιυιὶ
1601 2885 1673 2935 ipse
1689 2892 1775 2919 essct
1799 2883 1831 2919 iu
1855 2883 1953 2920 carlo.
1979 2882 2085 2929 Quod
2108 2883 2201 2920 enim
2222 2883 2269 2920 ait
2289 2900 2295 2920 :

1346 2952 1555 2987 Faciamus
1585 2947 1771 2982 lwmincm
1803 2944 1856 2979 ad
1875 2946 2079 2994 :imaginem
2105 2953 2139 2980 c!
2163 2945 2298 2981 sinuli-

1348 3011 1518 3048 ΙιιιΙίιιινιι
1541 3015 1709 3044 ramerum
1725 3035 1734 3048 ,
1760 3004 1850 3041 nihil
1876 3003 1973 3040 aliud
1996 3004 2165 3055 pml‘ecto.
2190 3019 2299 3054 quani

1347 3068 1564 3108 subditione
1583 3068 1658 3118 ejus
1677 3065 1787 3117 posita
1809 3074 1943 3101 terrena
1965 3073 2088 3102 cimela
2110 3066 2300 3115 significat.

1349 3134 1440 3168 (lum
1467 3129 1576 3179 igitur
1600 3127 1646 3164 ita
1671 3126 1773 3163 illum
1793 3124 1975 3162 cumliuuu
2000 3125 2034 3162 iu
2056 3134 2152 3163 tauto
2172 3126 2304 3163 honor«-

1336 3266 1348 3280 Α
1373 3248 1781 3293 (Iollan-1S.uil.531³.riaem
1796 3252 1925 3291 findit.
1942 3246 2056 3279 Mon-l.
2070 3253 2304 3292 §ndnouldxss

251 3313 400 3352 φέρεσθαι.
1298 3307 1387 3340 Ιιιί“ι·;ι
1422 3309 1498 3337 θην.
1533 3313 1562 3334 ι·ι
1590 3300 1687 3334 Call».
1717 3309 1782 3334 ὲαου
1805 3317 1862 3334 τιον
1896 3306 2004 3335 Romam
2027 3306 2186 3334 ἁμῖεζαι·
2212 3309 2305 3341 ζῳων.

294 3371 306 3383 n
332 3359 447 3392 Mori-l.
470 3363 567 3398 ἐπειδὴ
582 3365 638 3404 γὰρ
654 3363 717 3397 τοὺς
733 3386 739 3396 ,
754 3360 853 3392 Suvil⁴
871 3363 969 3399 ἐπειδὴ
986 3364 1064 3399 τούς.

295 3413 308 3435 ·Ι
335 3410 437 3444 smil.
456 3419 487 3442 «et
501 3411 598 3446 (loll).
612 3417 744 3455 ἐγένετο,
764 3429 807 3455 μη
827 3416 937 3459 τρόῐιρχ
952 3418 990 3446 «Zau
1008 3421 1127 3456 dmm..

442 3490 531 3512 ΊΟΜ.
572 3490 594 3512 Ι.

1295 3361 1300 3398 1
1328 3357 1512 3399 Lep-luatur
1538 3364 1604 3388 &mv
1624 3362 1658 3389 ιη’(
1677 3359 1775 3388 birni.
1797 3377 1805 3385 .
1826 3362 1900 3392 goz,
1919 3360 1951 3384 et
1983 3365 2059 3385 nim
2082 3369 2167 3386 μιν
2194 3356 2315 3394 aster]

1299 3411 1399 3442 Ι“.ιιιΙυ
1417 3418 1489 3452 pust
1510 3407 1622 3440 Morrl.
1643 3414 1688 3440 κ’«ὶ
1707 3411 1786 3440 naim
1804 3411 1832 3446 d}
1845 3410 1939 3440 .ι.“τ,.,ν
1953 3430 1960 3440 ,
1975 3407 2096 3437 omism
2115 3413 2207 3448 Qum„

2057 3471 2101 3506 ¹3

2318 2971 2381 2998 Gen

2451 2969 2498 2997 26.
