2456 3825
814 257 837 286 A
847 257 875 286 D
909 256 1147 286 THEODORU
1155 257 1185 285 M

126 341 286 397 στότερόν
318 343 393 382 ἐστι
423 343 494 380 τῶν
528 343 563 380 ἐν
593 342 695 391 ἡμῖν,
722 342 745 385 ἡ
774 342 844 377 τῶν
873 341 1003 390 τριχῶν
1034 337 1147 390 φύσις,

124 404 322 454 ἀδάμαντος
347 404 424 442 τότε
451 402 673 455 ἰσχυρότερον
701 400 840 452 ἐκράτει
866 403 929 446 τῆς
954 399 1146 450 παμφάγου

123 465 259 517 φλογός.
277 466 345 504 Καὶ
366 482 403 503 ου
424 469 524 503 τοῦτο
547 463 647 513 μόνον
668 456 710 508 ἦν
730 461 770 499 τὸ
790 460 1005 510 θαυμαστὸν,
1025 460 1078 498 ὁτι
1100 461 1148 502 εἷς

123 526 252 576 μέσονῦ
267 525 544 579 ἀπορριφεντεςε
531 523 657 562 ἔπαθον
675 522 751 560 οὐδὲ
755 538 786 567 ν,
804 523 879 560 ἀ>λ’
898 520 950 558 ὅτι
967 520 1026 558 καὶ
1045 525 1147 572 φθεγ-

120 587 263 638 γόμενοι
282 592 369 634 ἠσαν
400 585 608 628 διαπαντός·
629 585 728 623 ἴσασι
758 583 792 621 δὲ
819 582 946 625 πάντες
975 583 1049 620 ὅσοι
1077 586 1149 624 τοῖς

122 648 321 698 καιομένοις
339 646 635 700 παραγεγόνασιν,
657 662 703 689 ως
722 644 832 693 ἕωςμ
836 643 868 680 ὲν
892 643 932 680 ἂν
954 643 1090 694 ἔχωσι
1085 658 1149 680 με-

125 708 260 758 μυκότα
281 711 405 747 ἐκεῖνοι
423 708 467 746 τὰ
488 707 609 759 χείλη,
638 705 702 743 κᾶν
729 703 841 756 βραχὺ
860 709 940 755 γοῦν
964 703 1147 754 ἀντέχουσι

124 769 210 821 πρὸς
228 771 285 809 τὸν
305 769 514 822 ἐμπρησμόν
527 785 534 792 ·
547 767 626 807 εἰδὲ
642 766 796 817 συμὸαίη
817 767 935 818 διᾶραι
949 766 988 803 τὸ
1003 763 1019 784 ‘¹
1034 764 1149 815 στόμα

125 833 252 877 αὐτῶν,
271 831 393 874 εὐθέως
409 830 605 882 ἀφίπταται
621 833 681 867 τοῦ
699 827 860 878 σώματος
877 830 897 872 ἡ
924 825 1034 878 ψυχή.
1057 825 1148 864 Ἀλλ’

125 890 219 942 ὅμως
235 890 407 929 τοσούτων
423 890 618 941 γενομένων
635 888 838 940 θαυμάτων,
855 887 914 925 καὶ
930 887 1070 925 πάντων
1089 902 1150 924 κα-

125 951 376 1002 ταπλαγέντων
394 953 462 988 τῶν
479 950 662 1001 παρόντων
690 949 749 987 καὶ
777 948 973 998 θεωμένων,
1001 947 1058 985 καὶ
1080 949 1149 985 τῶν

125 1011 285 1050 ἀπόντων
310 1011 367 1050 διὰ
385 1011 607 1064 γραμμάτων
629 1015 731 1049 τοῦτο
752 1008 1022 1061 μεμαθηκότων,
1038 1012 1055 1047 ὃ
1073 1008 1152 1051 τοὺς

125 1073 249 1117 ἄλλους
269 1073 406 1118 διδάξας
430 1071 591 1124 βασιλεὺς
611 1071 821 1124 ἀδιόρθωτος
846 1071 977 1122 ἔμεινε,
1000 1070 1060 1108 καὶ
1081 1071 1150 1109 ποί-

123 1135 177 1172 λιν
200 1134 256 1172 ἐπὶ
283 1133 346 1180 τὴν
368 1134 539 1186 προτέραν
555 1137 569 1154 e
583 1133 726 1186 ἐπανῄει
745 1133 886 1171 κακίαν.
907 1133 975 1171 Καὶ
997 1131 1073 1171 οὐδὲ
1094 1131 1150 1171 οὕ-

124 1210 193 1237 τως
209 1194 309 1232 αὗτὸν
326 1197 343 1232 ὃ
360 1194 449 1238 Θεὸς
464 1194 629 1232 ἐκόλασεν
642 1225 651 1242 ,
677 1193 755 1232 ἀλλ’
775 1193 1066 1244 ἐμακροθύμησεν
1087 1192 1151 1241 ἔτι,

124 1255 184 1294 καὶ
201 1255 247 1293 δι’
262 1256 448 1308 ὀνειράτων
469 1256 528 1294 καὶ
550 1255 606 1294 διὰ
626 1260 686 1294 τοῦ
703 1255 883 1307 προφήτου
905 1253 1151 1305 συμίῗουλεύων

127 1318 232 1370 αὐτῷ.
244 1316 392 1363 Ἐπειδὴ
409 1317 444 1355 δὲ
459 1317 554 1356 οὐδὲν
570 1316 682 1355 οὐδενὶ
693 1316 821 1355 τούτων
839 1316 985 1367 βελτίων
1002 1315 1151 1368 ἐγένετο,

126 1377 205 1416 τότε
224 1378 347 1429 ἐπάγει
363 1378 426 1426 τὴν
441 1378 613 1430 τιμωρίαν
632 1379 767 1426 λοιπὸν,
784 1380 849 1430 οὐχ
865 1378 952 1429 ὑπὲρ
968 1380 1036 1414 τῶν
1052 1375 1064 1397 s
1076 1376 1144 1424 ἤδη

125 1439 316 1491 γεγονότων
337 1440 566 1490 ἀμυνόμενος,
594 1440 684 1478 ἀλλὰ
705 1439 749 1476 τὰ
777 1439 950 1489 μέλλοντα
971 1439 1151 1477 ἐκκόπτων

128 1501 234 1548 δεινὰ,
258 1501 317 1539 καὶ
339 1502 401 1548 τὴν
425 1504 473 1546 εἷς
497 1502 535 1540 τὸ
556 1501 749 1554 ἔμπροσθεν
771 1501 991 1538 ἀναστέλλων
1012 1499 1152 1548 κακίαν,

127 1562 188 1600 καὶ
208 1562 284 1620 οὐδὲ
305 1568 406 1602 τοῦτο
425 1566 471 1607 εἷς
494 1563 604 1610 τέλος,
624 1565 699 1601 ἀλλ’
717 1565 771 1601 ἐπ’
792 1561 921 1612 ὀλίγοις
941 1561 1043 1599 αὐτὸν
1064 1578 1152 1599 παι·-

128 1622 253 1667 δεύσας
280 1623 373 1661 ἔτεσι
399 1627 442 1675 τῇ
466 1624 620 1676 προτέρα
653 1623 758 1662 πάλιν
784 1623 943 1660 ἀπέδωκε
962 1625 1063 1672 τιμῇ,
1093 1624 1153 1670 ζη-

127 1682 302 1734 μιωθέντα
331 1683 392 1734 μὲν
419 1685 489 1723 ἀπὸ
507 1688 570 1731 τῆς
591 1684 770 1728 κολάσεως
791 1683 905 1732 οὐδὲν,
935 1682 1152 1734 κερδάναντα

125 1743 161 1783 δὲ
180 1744 219 1783 τὸ
238 1747 378 1783 πάντων
405 1745 569 1797 μέγιστον
589 1747 658 1784 τῶν
680 1747 839 1797 ἀγαθῶν,
860 1744 898 1782 τὸ
918 1745 1070 1796 στεῤῥῶς
1091 1747 1154 1790 τῆς

125 1807 172 1849 εἷς
185 1804 242 1843 τὸν
256 1806 346 1844 Θεὸν
363 1805 505 1858 ἔχεσθαι
519 1807 684 1855 πίστεως,
698 1807 758 1845 καὶ
775 1807 996 1857 μεταγνῶναι
1013 1805 1070 1843 ἐπὶ
1083 1811 1153 1848 τοῖς

125 1866 293 1920 πρότερον
311 1869 575 1920 ἡμαρτημένοις
592 1871 698 1920 αὐτῷ.

179 1928 336 1976 Τοιαύτη
363 1930 430 1983 γὰρ
455 1934 477 1977 ἡ
498 1934 556 1968 τοῦ
586 1933 679 1969 Θεοῦ
703 1929 968 1982 φιλανθρωπία·
988 1929 1152 1968 οὐδέποτε

126 1990 313 2043 μετάνοιαν
333 1991 517 2042 γινομένην
544 1993 740 2044 εἰλικρινῶς
763 1991 1038 2043 ἀποστρέφεται,
1062 1992 1152 2030 ἀλλὰ

125 2050 190 2089 κᾶν
205 2052 291 2105 πρὸς
305 2052 389 2090 αὐτό
404 2068 455 2096 τις
468 2054 529 2098 τῆς
544 2052 668 2096 κακίας
682 2052 790 2104 ἐλάσῃ
806 2053 845 2091 τὸ
858 2052 979 2103 πέρας,
992 2054 1153 2090 κάκεῖθεν

126 2113 343 2166 ὑποστρέψαι
363 2113 468 2153 πάλιν
489 2115 613 2162 ἕληται
635 2114 720 2167 πρὸς
744 2113 807 2161 τὴν
828 2117 889 2160 τῆς
910 2115 1036 2165 ἀρετῆς
1055 2113 1151 2160 ὁδὸν,

124 2174 185 2212 καὶ
202 2175 340 2227 δέχεται
354 2175 414 2213 καὶ
427 2176 610 2228 προσίεται
624 2181 756 2223 τοῦτον,
771 2175 830 2213 καὶ
846 2175 961 2213 πάντα
976 2180 1068 2213 ποιεῖ
1082 2174 1152 2213 ὥσ-

124 2250 162 2273 τε
184 2236 283 2274 αὗτὸν
306 2237 354 2279 εἷς
373 2236 436 2283 τὴν
454 2236 626 2290 προτέραν
647 2237 861 2276 κατάστασιν
877 2241 891 2257 ²¹
903 2238 1151 2287 ἐπαναγαγεῖν.

124 2296 194 2335 Καὶ
215 2296 253 2334 τὸ
273 2299 392 2350 πολλῷ
412 2298 533 2337 τούτου
555 2298 898 2350 φιλανθρωπότερον·
926 2297 990 2336 κᾶν
1009 2296 1077 2349 γὰρ
1101 2297 1149 2348 μὴ

124 2357 242 2395 πᾶσάν
265 2373 318 2401 τις
337 2359 552 2404 ἐπιδείξηται
573 2359 636 2406 τὴν
660 2360 860 2409 μετάνοιαν,
877 2358 952 2397 οὐδὲ
976 2358 1041 2405 τὴν
1064 2361 1152 2410 βρα-

123 2423 222 2468 χεῖαν
237 2417 391 2470 καὶπρὸς
405 2419 520 2470 ὀλίγον
533 2420 770 2471 γεγενημένην
786 2420 1080 2471 παραπέμπεται,
1093 2421 1152 2458 ἀλ-

122 2478 168 2518 λὰ
183 2477 269 2517 >totth
282 2479 392 2530 ταύτῃ
409 2480 526 2526 τίθησι
541 2480 648 2519 πολὺν
662 2480 720 2518 τὸν
738 2480 860 2531 μισθόν
872 2496 879 2503 ·
899 2481 958 2518 καὶ
974 2483 1076 2518 τοῦτο
1093 2481 1150 2526 δῆ-

122 2541 180 2577 λον
198 2539 230 2584 ἐξ
245 2533 294 2577 ὧν
308 2539 459 2584 Ἡσαΐας
476 2544 493 2579 ὁ
511 2541 695 2593 προφήτης
710 2541 791 2593 περὶ
809 2545 867 2579 τοῦ
885 2544 954 2579 τῶν
971 2541 1150 2579 Ἰουδαίων

121 2600 207 2638 λαοῦ
220 2600 348 2638 οὑτωσί
361 2600 434 2644 πώς
445 2617 531 2654 φησι
542 2617 549 2625 ·
564 2604 617 2639 Δι’
627 2602 803 2654 ἁμαρτίαν
819 2602 931 2654 βραχύ
944 2619 977 2640 τι
992 2602 1150 2648 ἐλύπησα

123 2661 242 2709 αὐτὸν,
251 2663 310 2700 καὶ
323 2662 480 2707 ἐπάταξα
493 2663 608 2711 αὐτὸν,
620 2664 680 2702 καὶ
692 2664 898 2716 ἀπέστρεψα
909 2664 948 2702 τὸ
961 2664 1150 2715 πρόσωπόν

124 2738 190 2773 μου
208 2725 268 2761 ἀπ’
291 2724 394 2762 αὐτοῦ
408 2754 416 2769 ,
438 2725 497 2762 καὶ
516 2726 691 2772 ἐλυπήθη,
710 2726 768 2764 καὶ
793 2725 963 2777 ἐπορεύθη
990 2726 1148 2777 στυγνὸς,

123 2784 180 2822 καὶ
200 2783 355 2835 ἰασάμην
374 2786 489 2833 αὐτὸν,
506 2786 565 2824 καὶ
582 2786 809 2838 παρεκάλεσα
825 2787 940 2825 αὐτόν.
959 2787 1149 2840 Μαρτυρή-

122 2860 192 2883 σειε
203 2845 232 2882 δ’
244 2844 283 2883 ἂν
296 2849 379 2896 ἡμῖν
391 2846 450 2884 καὶ
462 2849 479 2884 ὂ
500 2847 732 2891 ἀσεῧέστατος
743 2847 904 2900 βασιλεὺς
921 2850 1049 2892 ἐκεῖνος
1059 2851 1077 2885 ὁ
1093 2865 1150 2899 γε-

119 2907 228 2958 γονὼς
240 2907 303 2959 μὲν
315 2908 453 2952 ἔκδοτος
467 2915 534 2953 τοῖς
547 2910 799 2962 ἁμαρτήμασιν
815 2910 883 2948 ὑπὸ
898 2913 959 2956 τῆς
975 2910 1147 2961 γυναικός·

119 2969 240 3015 ἐπειδὴ
271 2969 306 3007 δὲ
329 2969 431 3020 μόνον
452 2971 639 3018 ἐπένθησε,
659 2972 719 3010 καὶ
741 2972 871 3010 σάκκον
892 2972 1122 3023 περιεὸάλετο
1137 3001 1146 3018 ,

118 3030 177 3068 καὶ
194 3029 352 3082 κατέγνω
367 3034 436 3069 τῶν
453 3033 780 3082 πλημμεληθέντιι)ν
797 3036 903 3085 αὐτῷ,
919 3034 1027 3075 οὕτως
1039 3038 1051 3053 ⁶
1067 3034 1148 3070 ἐπε-

118 3090 280 3130 σπάσατο
294 3096 354 3130 τοῦ
373 3096 465 3131 Θεοῦ
484 3093 541 3132 τὸν
562 3093 671 3142 ἔλεον,
685 3096 732 3138 ὡς
747 3094 887 3133 πάντων
905 3095 1007 3133 αὐτὸν
1028 3096 1147 3133 ἀπαλ-

163 3207 176 3221 ⁰
200 3197 303 3230 Savil.
320 3205 352 3228 nt>
370 3210 452 3229 uiuis
465 3198 549 3230 (lod.
566 3204 798 3244 ἀποληρθέντες.
820 3200 972 3239 Qua-tuor
985 3199 1038 3231 ulii
1056 3206 1132 3233 ἀπο-

122 3253 295 3293 λειφθέντες.
326 3249 438 3282 Mora-l.
471 3255 696 3296 dmfispspz'uwg.
729 3251 834 3295 [Mox
860 3259 981 3290 ,ζαχνυι
999 3253 1132 3284 inst-rius

125 3305 161 3338 ὼς
179 3300 371 3332 addidimus
387 3313 402 3332 e
417 3302 553 3334 Surilio.
570 3302 577 3346 Ι

167 3353 184 3378 ‘¹
212 3353 339 3394 Mor-cl„
372 3353 473 3387 Suvil.
504 3362 538 3386 et.
562 3365 645 3386 ιιιιιιιι
668 3353 755 3388 Cod.

128 3409 238 3440 αὐτῶν.

170 3467 182 3482 2
208 3459 281 3489 Duo
299 3457 514 3501 {unitus-cripti
531 3465 657 3494 exat-2110(
672 3488 678 3498 ,
699 3468 726 3492 vt
745 3462 790 3492 sic
806 3461 908 3494 Sttvil.
926 3463 958 3493 in
972 3463 1130 3504 ιιιιιτόίιιυ.

794 3364 892 3400 στόμα
925 3360 1041 3395 αὐτοὺς,
1079 3354 1132 3386 ulii

1224 256 1422 286 mesum.
1463 256 1496 285 1.
2150 253 2180 298 9

1222 338 1435 390 capillorum
1457 346 1597 382 natura,
1610 344 1695 373 tunc
1720 334 1908 374 adamante
1926 335 2054 372 fortius
2072 335 2181 372 flam-

1224 414 1299 436 mas
1313 399 1432 436 onmia
1445 399 1652 436 devorantes
1665 397 1858 449 superavit.
1877 398 1998 447 Neque
2015 395 2050 433 id
2066 396 2182 433 solum

1225 460 1389 497 mirabile
1405 469 1490 506 erat,
1513 459 1608 509 quod
1627 458 1661 495 iu
1678 458 1770 508 ignis
1790 457 1947 494 medium
1967 458 2115 509 conjecti
2130 458 2183 495 ni«

1225 520 1275 557 hil
1298 530 1513 572 paterentur,
1537 519 1596 557 sed
1619 519 1715 569 quod
1732 518 1836 556 ctiam
1854 518 2083 568 loquerentur
2102 532 2184 556 con-

1227 582 1346 619 tinuo:
1365 597 1467 620 nemo
1482 591 1598 619 autem
1616 580 1723 618 nescit
1740 594 1797 617 eos
1810 582 1869 630 qui
1887 580 1921 617 iu
1939 580 2092 617 flammis
2108 594 2185 617 vcr-

1227 652 1360 690 santur,
1378 644 1489 681 donec
1510 642 1641 680 clausis
1660 641 1764 679 labiis
1782 651 1874 687 sunt,
1896 640 2037 679 modico
2058 641 2183 679 saltem

1226 713 1384 755 tempore
1404 704 1568 742 incendio
1585 703 1766 749 resistere;
1787 702 1817 739 si
1838 710 1955 738 autem
1976 716 2012 738 os
2032 716 2183 752 aperue-

1177 777 1200 806 1)
1227 764 1313 812 rint,
1336 765 1455 801 statim
1473 765 1627 801 animam
1647 777 1665 800 a
1684 776 1832 814 corpore
1851 762 2007 800 avolare.
2027 764 2184 799 Verum-

1230 834 1345 862 tamen
1362 834 1411 863 tot
1426 825 1529 863 editis
1549 824 1745 871 miraculis,
1760 823 1996 873 omnibusque
2016 823 2183 871 attonitis,

1227 895 1300 924 tam
1312 887 1546 938 praesentibus
1556 896 1589 924 et
1599 885 1840 938 spectantibus
1850 898 1956 935 quam
1965 884 2184 931 absentibus,

1227 948 1289 998 qui
1306 947 1343 985 id
1364 962 1426 1000 per
1444 948 1566 985 literas
1583 948 1826 994 edidicerunt,
1844 960 1909 984 rex
1929 946 1990 983 ille
2008 946 2069 996 qui
2094 947 2184 985 alios

1227 1009 1416 1057 docuerat,
1438 1009 1634 1047 obstinatus
1652 1008 1802 1055 mansit,
1819 1016 1849 1045 et
1865 1006 1909 1045 ad
1927 1008 2114 1059 pristinam
2129 1023 2184 1046 re-

1226 1084 1350 1108 versus
1376 1079 1427 1108 est
1455 1070 1733 1122 improbitatem.
1754 1072 1806 1107 Ac
1831 1082 1874 1106 ne
1897 1068 1948 1106 sic.
1973 1068 2119 1120 quidem
2135 1069 2184 1107 il-

1226 1131 1302 1169 lum
1312 1133 1408 1169 Deus
1428 1132 1584 1184 punivit,
1605 1130 1668 1169 sed
1687 1132 1859 1183 patienter
1880 1130 1977 1176 tulit,
1998 1144 2039 1168 ac
2058 1145 2120 1182 per
2133 1144 2188 1169 so-

1227 1194 1366 1231 mnium
1381 1208 1515 1245 perque
1531 1193 1742 1245 prophetam
1760 1206 1997 1238 commouens,
2020 1206 2102 1229 cum
2122 1192 2185 1230 tali

1228 1255 1287 1292 via
1314 1254 1428 1292 nihilo
1445 1254 1571 1292 melior
1592 1253 1770 1299 evaderet,
1791 1267 1934 1305 poenam
1956 1252 2101 1291 demum
2119 1253 2187 1291 im-

1228 1315 1346 1362 misit,
1369 1330 1438 1353 non
1461 1315 1635 1367 praeterita
1655 1315 1848 1360 ulciscens,
1871 1313 1932 1351 sed
1959 1314 2078 1351 futura
2096 1328 2186 1365 prae-

1229 1377 1391 1415 scindens
1412 1377 1524 1425 mala,
1546 1386 1579 1414 et
1593 1376 1857 1428 improbitatem
1878 1389 1921 1412 ne
1937 1375 2089 1412 ulterius
2102 1389 2185 1426 pro-

1230 1436 1370 1474 cederet
1389 1450 1552 1474 coercens
1571 1452 1578 1471 :
1601 1449 1714 1486 neque
1735 1444 1850 1472 tamen
1871 1448 1983 1484 usque
2003 1434 2037 1471 in
2055 1434 2183 1480 finem3

1178 1515 1202 1545 Ε
1230 1506 1419 1550 postquam
1449 1498 1542 1535 enim
1563 1496 1686 1549 paucis
1717 1495 1822 1533 illum
1847 1496 1948 1533 annis
1970 1495 2187 1546 castigasset,

1230 1559 1379 1611 pristino
1398 1558 1554 1596 reddidit
1570 1557 1713 1603 honori,
1731 1557 1828 1594 nullo
1844 1556 1975 1594 damno
1994 1557 2186 1594 multatum

1230 1635 1275 1658 ex
1297 1634 1420 1671 poena,
1437 1619 1496 1657 sed
1516 1619 1650 1656 bonum
1667 1618 1828 1655 omnium
1849 1618 2048 1654 maximum
2070 1617 2187 1654 lucra-

1230 1690 1320 1727 tum,
1335 1690 1371 1717 ut
1387 1694 1513 1731 nempe
1529 1680 1680 1716 firmiter
1694 1678 1775 1715 fidei
1794 1692 1875 1729 erga
1892 1679 2005 1715 Deum
2022 1678 2184 1728 liaere1·et‚

1231 1756 1271 1780 ac
1291 1741 1336 1780 de
1364 1741 1517 1794 peccatis
1538 1740 1718 1791 prioribus
1739 1739 1982 1791 poenitentiam
2002 1747 2132 1791 ageret.

1228 2049 1396 2097 tentiam3
1415 2046 1477 2084 sed
1493 2044 1630 2084 etiamsi
1648 2045 1728 2094 quis
1745 2043 1780 2081 in
1797 2052 1995 2081 extremum
2012 2043 2185 2095 improbi-

1227 2171 1394 2216 voluerit,
1416 2170 1535 2221 ipsum
1551 2166 1699 2218 suscipit
1720 2175 1752 2203 et
1773 2165 2010 2217 amplexatur
2027 2164 2187 2216 nihilque

1228 2247 1298 2271 non
1319 2232 1394 2283 agit
1420 2239 1459 2268 ut
1477 2243 1560 2267 eum
1582 2228 1616 2265 in
1638 2227 1830 2280 pristinum
1853 2236 1984 2264 statum
2013 2227 2184 2264 restituat.

1229 2294 1406 2344 Quodque
1425 2291 1571 2343 majoris
1598 2298 1647 2326 est
1669 2287 1887 2336 clementiae,
1914 2287 1978 2325 etsi
2007 2287 2087 2337 quis
2117 2301 2185 2325 non

1227 2355 1399 2407 integram
1428 2350 1673 2405 poenitentiam
1694 2349 1862 2386 exhibeat
1875 2378 1883 2394 ,
1904 2348 2050 2386 brevem
2070 2357 2185 2385 tamen

1228 2417 1329 2454 illam
1349 2414 1442 2453 etad
1464 2412 1645 2450 modicum
1666 2410 1866 2448 exhibitam
1884 2423 1952 2446 uon
1969 2408 2110 2456 abnuit,
2124 2410 2184 2446 sed

1228 2491 1394 2527 magnam
1412 2474 1497 2512 huic
1516 2471 1714 2510 mercedem
1735 2471 1860 2508 tribuit
1875 2486 1883 2507 ε
1898 2470 1993 2521 quod
2013 2485 2095 2508 saue
2110 2484 2185 2507 ma-

1228 2540 1395 2577 nites-tum
1407 2545 1457 2573 cst
1471 2549 1515 2572 ex
1531 2534 1572 2571 iis
1577 2532 1864 2583 ,quaedcpopulo
1877 2532 2022 2570 lutl'toi
2027 2546 2085 2569 um
2097 2531 2184 2569 dicit

1228 2600 1308 2637 lsai
1311 2614 1338 2636 is
1355 2596 1525 2649 propheta
1548 2595 1603 2631 liis
1630 2593 1772 2630 xcibis:
1796 2594 1961 2641 Pt·²·0pt‹7
1981 2602 2181 2643 paccatum
2202 2617 2241 2645 ls.

1225 2661 1424 2712 paulivptr
1444 2657 1672 2695 contristavi
1686 2668 1784 2696 enm
1799 2658 2019 2705 ν’·ἰμιιιιιςει
2033 2668 2134 2700 cum,
2147 2663 2182 2692 et
2204 2667 2250 2699 Ι-.
2244 2630 2340 2690 ui8.

1225 2737 1273 2760 αι’
1277 2724 1348 2760 erti
1358 2722 1422 2770 fat·
1426 2721 1460 2757 ie
1464 2734 1495 2756 ηι
1511 2732 1569 2755 tm
1571 2731 1632 2754 am
1647 2717 1725 2753 ab<
1729 2730 1764 2752 0:
1776 2724 1928 2751 ι’·ιεωιιι
1930 2718 1940 2750 ι’
1945 2723 2067 2752 status
2079 2730 2096 2752 ι·
2098 2724 2144 2759 st,
2149 2735 2159 2752 ‹
2162 2725 2186 2753 ἐ

1226 2784 1443 2823 ambulavit
1461 2788 1638 2819 711‹1·st1cs;
1653 2786 1687 2814 et
1704 2780 1844 2814 sanavi
1861 2785 1996 2821 tuamet
2013 2778 2184 2815 consola-

1223 2857 1285 2885 !115
1306 2859 1387 2884 sum
1410 2856 1510 2880 eum.
1531 2840 1650 2878 Testis
1670 2847 1789 2876 autem
1806 2837 1908 2874 uobis
1927 2838 1992 2875 erit
2010 2838 2185 2890 impiissi-

1224 2922 1304 2945 mus
1321 2920 1381 2943 rex
1397 2904 1468 2948 ille,
1481 2901 1541 2952 qui
1557 2901 1601 2937 ub
1621 2914 1730 2936 uxore
1745 2898 1890 2949 quidem
1909 2899 2059 2950 pcccatis
2073 2899 2183 2936 trutli-

1226 2979 1280 3006 tus
1294 2965 1361 3004 cst':
1375 2976 1409 3003 ut
1428 2964 1486 3001 ulii
1508 2962 1664 3014 primunt
1684 2961 1829 3002 luxitm
1847 2975 1947 2998 succo
1969 2960 2118 2997 indutus
2133 2961 2183 2998 lit-

1224 3030 1342 3068 einum
1364 3041 1425 3064 suu
1445 3023 1645 3067 dauniau'it,
1664 3022 1709 3059 ita
1725 3021 1791 3058 sibi
1814 3021 1875 3058 Dei
1899 3021 2182 3059 inisericordi2un

1225 3088 1452 3130 conciliavit,
1474 3095 1510 3122 ut
1531 3084 1647 3121 omniu
1665 3083 1732 3120 sibi
1755 3082 1977 3120 inuuiucutia
1996 3083 2086 3120 uuila
2105 3084 2182 3120 cvi—

1168 3195 1281 3228 ΜιιιΗ.
1299 3202 1409 3225 :tutu-iu
1424 3219 1430 3228 ‚
1445 3193 1502 3222 San
1515 3190 1547 3221 il.
1569 3191 1599 3221 in
1620 3197 1710 3220 textu
1726 3215 1731 3224 ,
1749 3197 1778 3220 ι·ι
1799 3188 1851 3219 ulii
1869 3194 1904 3223 ἐκ
1918 3199 2000 3234 'vstit-

1213 3253 1224 3275 ι’
1251 3251 1257 3290 Ι
1281 3249 1369 3285 Mss„
1390 3253 1423 3276 ut
1453 3242 1584 3275 xiib-tur
1602 3267 1609 3277 ,
1625 3241 1753 3284 aliquot
1773 3242 1848 3282 11}th
1868 3246 2179 3284 ‘1¹⁵21sv·,u=·u:av-÷‚u12-

1171 3308 1233 3345 λωμ
1242 3317 1297 3338 τινος
1304 3328 1309 3334 .

1212 3366 1223 3380 ¹
1252 3353 1257 3397 Ι
1278 3358 1471 3391 ἐπιναγιγεὶν
1488 3345 1589 3377 smil.
1605 3345 1791 3387 Legeluttur
1808 3353 1939 3388 dymyffl,
1961 3345 1969 3388 ι

1214 3410 1228 3432 Ι·
1254 3403 1355 3436 Suvil.
1377 3411 1405 3434 ct
1421 3413 1502 3432 unus
1518 3398 1602 3430 (lod.
1625 3402 1744 3435 ταύτης,

1213 3471 1224 3483 r
1253 3461 1322 3491 [ὶιιυ
1341 3459 1415 3488 M».

1441 3459 1690 3494 ixraxma'pzvo„

1179 1951 1203 1977 A
1283 1926 1321 1964 6.
1336 1923 1552 1976 Hujusmodi
1573 1922 1706 1974 quippe
1735 1930 1786 1959 est
1816 1922 1884 1959 Dei
1915 1935 1996 1972 erga
2025 1920 2185 1960 homines
2221 1944 2389 1982 Numquam

1229 1986 1439 2026 clementia:
1463 1997 1658 2034 numquam
1676 1992 1860 2020 aver-satin
1875 1982 2048 2020 since1am
2071 1983 2186 2035 poeui—
2199 1997 2281 2054 «Εἶεν
2270 1994 2349 2015 atur

2232 2039 2280 2055 Qu
2298 2031 2388 2057 Since·

2201 2080 2261 2096 ram
2306 2082 2390 2098 ¹ss‘ss1-

1230 2111 1311 2148 tatis
1330 2107 1524 2162 pertigerit,
1545 2115 1577 2144 et
1598 2105 1682 2142 hinc
1710 2105 1757 2143 ad
1776 2104 1920 2142 virtutis
1945 2104 2040 2142 viam
2072 2081 2339 2142 redireteutiain.
