2253 3830
114 259 142 288 χ
859 248 902 277 D.
946 249 984 276 Β.
1024 247 1082 276 DE
1119 246 1426 277 MONTFAUCON

110 352 180 390 qua
199 336 385 381 concione,
402 347 483 373 cum
499 339 666 382 sequente
686 329 899 377 cohaereant,
921 338 954 366 et
971 329 1022 366 sic
1042 342 1124 368 cum
1143 328 1323 381 plerisque
1337 329 1595 381 posterioribus
1624 328 1725 380 quasi
1745 337 1901 366 catenam
1921 327 2091 368 efficiant.
2114 328 2197 367 Haee

109 399 341 437 homiliarum
360 392 578 447 perturbatio
595 390 692 443 apud
730 390 936 438 Savilium,
961 388 1025 428 sed
1043 391 1175 442 saepius
1202 388 1300 442 apud
1335 390 1549 429 Frontonem
1582 390 1755 427 Ducaeum
1785 390 2009 431 observatur.
2029 390 2196 428 Homiliae

110 460 211 498 verbi
228 458 340 510 gratia
355 456 398 494 de
418 451 784 506 Incomprehensibili
806 461 840 490 et
859 461 981 490 contra
1000 455 1208 501 Anomoeos,
1232 452 1367 503 priores
1380 452 1526 503 quidem
1544 466 1612 489 una
1627 461 1660 489 et
1677 452 1796 489 nativa
1811 451 1901 489 serie
1913 461 2117 504 ponuntur,
2134 451 2197 490 sed

110 521 320 573 posteriores
336 517 513 554 distractce
534 523 616 552 sunt
634 523 667 552 et
685 513 809 566 procul
837 512 962 565 positae
980 512 1014 550 in
1034 522 1184 564 utroque
1199 513 1308 551 edito.
1327 512 1425 560 Quid
1445 522 1563 551 autem
1598 513 1681 550 hinc
1708 512 1912 551 detrimenti
1944 524 2101 566 emergat
2129 514 2196 553 hoc

110 582 276 633 exemplo
298 579 507 632 comperias.
528 577 692 616 Halesius
713 577 746 614 in
768 576 870 614 Notis
890 576 1086 615 Savilianis
1112 591 1193 614 cum
1221 577 1362 627 legisset
1391 576 1584 615 Homiliam
1613 575 1658 613 de
1679 577 1811 613 Lamo
1832 576 2072 626 quatriduano
2099 586 2132 615 et
2151 577 2196 616 de

111 642 245 681 Christi
275 641 465 694 precibus,
487 653 565 690 quae
589 638 679 676 inter
706 637 786 674 illas
816 645 936 674 contra
967 640 1157 675 Anomoeos
1178 636 1344 674 homilias
1359 637 1435 688 jam
1457 650 1546 673 nona
1568 645 1796 683 numeratur,
1817 636 1916 673 illam
1937 637 2195 689 Chrysostomo

111 703 339 757 abjudicavit
357 701 485 754 :quisi
502 715 585 739 mox
599 700 741 751 legisset
756 698 870 747 illam,
889 699 1056 750 quaejam
1074 698 1159 736 huic
1180 697 1346 745 cohaeret,
1361 706 1482 749 estque
1502 711 1651 735 numero
1671 697 1825 743 decima,
1841 711 1860 734 a
1880 697 1945 736 tali
1966 697 2066 736 haud
2085 698 2196 737 dubie

106 766 247 819 judicio
266 764 508 804 abstinuisset.
533 763 572 800 ln
592 762 658 800 hac
679 761 812 813 quippe
831 760 1024 813 posteriore
1039 790 1048 807 .
1066 775 1144 811 quae
1165 760 1252 798 nulli
1274 760 1342 798 suit
1359 774 1530 811 umquam
1551 759 1746 811 suspicioni
1761 759 1917 797 obnoxia
1930 789 1941 808 ‚
1959 759 2083 798 eadem
2102 774 2196 813 saepe

110 829 241 882 repetit
259 829 557 880 Chrysostomus‚
579 839 657 876 quae
675 825 710 862 in
730 824 843 877 priori
863 824 1026 870 dixerat,
1043 838 1150 875 seque
1168 823 1203 862 iu
1222 823 1281 861 illa
1300 823 1435 861 dixisse
1454 831 1719 861 commemorat.
1732 823 1870 860 Verum
1888 823 1973 873 quia
1985 823 2083 875 prior
2094 832 2195 862 tomo

112 893 239 944 quinto
249 891 408 944 jacebat,
428 889 602 943 posterior
619 902 704 926 vero
730 896 826 926 tomo
839 896 940 926 sexto
956 898 1034 939 post
1049 896 1212 925 centenas
1227 886 1336 925 ferme
1350 886 1576 939 interpositas
1587 916 1597 933 ,
1626 899 1695 924 nou
1709 884 1864 925 advertit
1877 885 2058 936 Halesius,
2076 886 2111 925 in
2128 886 2196 925 hae

110 955 297 1008 posteriori
315 954 444 1007 prioris
458 952 671 1004 γνησιότητα
686 951 807 991 asseri.
827 952 867 989 ln
884 950 1039 990 editione
1057 949 1190 1003 pariter
1207 950 1398 988 Frontonis
1411 950 1533 988 Ducaei
1552 949 1606 987 hae
1625 949 1782 987 homilia}
1798 949 1903 1001 longo
1917 949 2105 988 intervallo
2116 949 2196 989 dis-

108 1018 242 1070 junctae
258 1024 352 1054 sunt.
374 1015 574 1066 vulgatum
595 1027 678 1051 sane
692 1021 766 1060 est,
779 1027 857 1064 qure
872 1011 1069 1064 peregrinis
1083 1013 1118 1050 in
1141 1012 1228 1050 locis
1243 1019 1382 1050 exstant
1400 1011 1628 1063 peregrinum
1643 1010 1736 1049 olere
1750 1041 1759 1057 ,
1781 1019 1814 1049 ct
1839 1025 2102 1062 quamcumque
2121 1026 2196 1051 rem

113 1080 253 1118 nonnisi
273 1094 338 1117 suo
357 1078 434 1116 loco
465 1091 546 1115 suas
575 1085 692 1129 partes
718 1076 867 1128 implere
895 1090 1008 1127 posse.
1038 1077 1163 1113 Parem
1191 1073 1336 1120 ἀτὰξίαν
1363 1074 1608 1127 deprehendas
1635 1074 1670 1112 in
1691 1074 1862 1112 Homiliis
1881 1083 2003 1112 contra
2029 1074 2194 1123 Judaeos,

113 1155 268 1192 quarum
287 1139 478 1179 secundam
498 1149 531 1177 et
551 1138 689 1176 tertiam
709 1138 833 1189 quinto
852 1146 950 1176 tomo
968 1137 1085 1189 posuit
1107 1138 1240 1175 Fronto
1259 1140 1409 1175 Ducreus
1424 1166 1433 1182 ‚
1453 1151 1517 1175 sex
1537 1151 1620 1174 vero
1647 1136 1801 1186 reliquas
1821 1136 1938 1188 primo
1956 1145 2052 1174 tomo
2069 1149 2079 1173 z
2097 1138 2196 1187 quod

118 1206 187 1244 nisi
207 1206 415 1243 advertatur
436 1212 605 1255 quantam
629 1203 663 1240 in
691 1202 921 1253 chronologia
943 1202 1058 1254 pariat
1076 1201 1265 1252 caliginem
1284 1200 1369 1239 vide
1389 1201 1436 1239 sis
1456 1201 1491 1238 in
1513 1202 1649 1239 monito
1667 1210 1787 1238 nostro
1810 1199 1858 1237 ad
1879 1199 2054 1238 Ilomilias
2074 1209 2197 1238 contra

115 1269 271 1308 Judaeos.
291 1268 375 1307 Pari
407 1267 514 1305 modo
546 1266 733 1319 disjuncta}
763 1267 901 1303 fuerant
918 1265 1076 1302 homiliae
1097 1274 1167 1302 tres
1186 1264 1232 1303 de
1251 1265 1406 1303 Diabolo
1422 1274 1593 1303 tentatore
1606 1294 1617 1314 ‚
1635 1279 1722 1316 quas
1742 1279 1806 1303 suo
1825 1263 1954 1302 ordine
1971 1264 2007 1302 in
2029 1264 2096 1303 hac
2114 1263 2196 1303 edi-

116 1332 209 1369 tione
222 1331 417 1383 posuimus.
442 1330 527 1368 Hzec
547 1330 581 1366 in
603 1329 721 1380 primo
738 1337 770 1365 et
787 1327 944 1366 secundo
964 1337 1073 1365 tomo.

169 1393 225 1430 Ex
246 1393 349 1430 tertio
370 1401 464 1430 tomo
481 1391 582 1428 aliud
608 1390 815 1441 exemplum
846 1389 1070 1441 proferimus.
1095 1389 1255 1439 Longam
1277 1389 1404 1426 seriem
1430 1389 1661 1427 homiliarum
1690 1389 1862 1428 babuerat
1892 1390 2198 1443 Cbrysostomus‚

113 1468 264 1504 quarum
286 1454 347 1491 ille
367 1453 527 1490 ordinem
547 1451 594 1488 ita
612 1451 706 1489 clare
726 1465 795 1488 non
816 1450 922 1488 semel
940 1450 1118 1498 enuntiat,
1134 1459 1174 1487 ut
1195 1464 1238 1488 ne
1254 1450 1311 1488 vel
1333 1451 1524 1488 minimum
1543 1450 1648 1489 dubii
1665 1450 1710 1488 de
1724 1451 1849 1489 ordine
1867 1465 2050 1504 superesse
2066 1451 2196 1504 possit:

113 1517 161 1554 ita
182 1531 266 1555 vero
285 1516 465 1568 disposita!
485 1523 584 1553 erant
603 1514 671 1552 illae
685 1515 891 1565 conciones,
908 1523 947 1551 ut
964 1513 1138 1566 posterior
1152 1514 1283 1566 prioris
1296 1528 1433 1565 semper
1451 1524 1701 1565 argumentum
1716 1523 2001 1566 prosequeretur.
2015 1513 2199 1566 Erantque

114 1579 185 1616 illae
205 1592 353 1617 numero
373 1591 523 1624 novem,
541 1590 694 1626 quarum
710 1575 869 1626 quinque
887 1575 1024 1627 priores
1044 1580 1085 1612 in
1104 1577 1347 1627 Principium
1372 1575 1567 1613 Actorum
1588 1575 1892 1625 inscribebantur3
1914 1585 2066 1626 quatuor
2078 1584 2198 1613 autem

116 1642 326 1694 posteriores
341 1642 386 1678 de
403 1642 626 1678 stIutntione
643 1640 869 1685 Nominum,
887 1637 1070 1676 occasione
1088 1638 1241 1676 nominis
1259 1638 1360 1676 Sauli
1382 1638 1417 1675 in
1436 1638 1604 1676 Paulum.
1627 1638 1685 1676 Ex
1711 1638 1766 1675 his
1781 1652 1868 1676 vero
1886 1652 2017 1677 novem
2035 1637 2199 1676 homiliis

115 1713 193 1742 octo
213 1713 350 1742 tantum
372 1703 407 1741 iu
426 1712 574 1753 utraque
592 1701 748 1739 editione
767 1710 972 1753 comparent
991 1716 998 1737 :
1018 1700 1171 1738 secunda
1187 1701 1283 1738 enim
1302 1699 1505 1747 exciderat,
1528 1715 1606 1751 qua:
1621 1702 1698 1753 jam
1728 1710 1864 1752 reperta
1886 1710 1949 1739 est.
1967 1702 2059 1739 Octo
2078 1709 2200 1739 autem

116 1766 186 1804 illae
205 1766 363 1804 homilia:
383 1774 478 1803 tomo
494 1764 619 1815 quinto
631 1763 797 1802 editionis
815 1764 1062 1801 Frontonianae
1080 1772 1220 1801 exstant
1237 1792 1247 1811 ,
1261 1762 1321 1800 scd
1341 1777 1400 1800 sus
1419 1762 1533 1814 deque
1553 1764 1696 1815 positae:
1717 1763 1834 1815 prima
1851 1776 2006 1814 namque
2022 1775 2104 1815 pag.
2117 1763 2198 1802 556

116 1831 271 1868 habetur
285 1860 294 1878 ‚
316 1828 470 1867 secunda
497 1828 681 1866 exciderat
701 1837 740 1865 ut
761 1827 920 1865 diximus
936 1857 945 1875 ‚
964 1826 1065 1864 tertia
1087 1841 1121 1879 p.
1140 1827 1208 1864 151
1227 1855 1237 1873 ,
1255 1835 1382 1877 quarta
1402 1841 1436 1878 p.
1459 1827 1556 1875 582,
1577 1827 1702 1878 quinta
1733 1841 1766 1878 p.
1788 1828 1858 1865 851
1882 1855 1891 1870 ,
1911 1835 2010 1864 sexta
2043 1840 2080 1878 p.
2102 1826 2196 1875 544,

117 1894 266 1946 septima
283 1909 317 1946 p.
338 1893 417 1931 850
432 1923 442 1940 ,
466 1901 590 1930 octava
610 1907 648 1944 p.
669 1893 768 1936 164.
787 1905 879 1928 nona
896 1905 932 1943 p.
960 1890 1048 1930 56⁸3.
1063 1891 1182 1942 Major
1208 1890 1326 1927 adhuc
1352 1889 1489 1928 ordinis
1516 1890 1739 1943 perturbatio
1764 1890 1800 1927 in
1831 1889 1987 1928 editione
2015 1889 2200 1929 Saviliana

115 1957 419 2010 deprehenditur:
448 1956 483 1994 in
502 1970 571 2007 qua
586 1955 744 1994 homiliae
768 1955 842 1993 istze
858 1954 968 1992 variis
985 1954 1020 1992 in
1037 1955 1141 1993 tomis
1160 1954 1340 1992 distractae
1369 1964 1403 1992 et
1428 1964 1598 2007 separatae
1622 1955 1803 2007 leguntur.
1835 1954 1932 1992 Cave
1948 1962 2068 1992 autem
2088 1953 2125 1992 id
2144 1953 2201 1992 vel

117 2021 256 2059 Savilio
275 2021 333 2059 vel
354 2020 522 2058 Frontoni
546 2019 637 2057 vitio
658 2027 801 2056 vertas:
825 2032 906 2056 narn
928 2018 1205 2070 properantibus
1227 2018 1473 2070 typographia>
1493 2018 1611 2070 operis
1631 2018 1684 2056 haz
1707 2016 1865 2055 homiliae
1883 2017 2074 2069 separatim
2096 2029 2202 2055 acce-

118 2083 270 2131 debant,
293 2097 405 2133 neque
426 2083 572 2121 sortasse
600 2082 756 2134 spatium
775 2091 849 2120 erat
865 2081 910 2119 ad
931 2095 1054 2119 earum
1081 2081 1352 2120 restaurandum
1370 2081 1545 2120 ordinem.
1566 2082 1606 2120 In
1625 2081 1693 2118 hac
1709 2095 1794 2119 vero
1815 2089 1932 2118 nostra
1964 2079 2120 2118 editione
2146 2079 2202 2117 hae

121 2160 250 2184 novem
270 2145 426 2183 homiliae
446 2149 550 2192 (nam
578 2143 730 2182 secunda
746 2173 755 2190 ‚
775 2158 854 2195 qum
883 2143 1035 2188 latebat,
1058 2158 1102 2182 ex
1124 2145 1277 2182 tenebris
1304 2143 1474 2191 emersit)
1495 2157 1559 2181 suo
1587 2142 1728 2186 ordine,
1750 2141 1842 2180 duce
1864 2141 2120 2194 Chrysostomo
2134 2170 2144 2189 ,
2164 2141 2202 2178 in

120 2210 223 2248 tertio
243 2218 337 2246 tomo
352 2217 526 2261 ponentur
542 2238 551 2252 ,
570 2221 650 2245 cum
671 2207 807 2259 praevio
822 2207 956 2245 monito
976 2238 986 2253 ,
1007 2208 1067 2245 ubi
1089 2207 1181 2245 idem
1200 2208 1274 2260 ipsc
1293 2206 1381 2246 ordo
1408 2216 1446 2244 ut
1464 2207 1606 2258 γνήσιος
1626 2206 1812 2259 perspicue
1832 2214 2020 2243 asseretur.
2042 2203 2202 2243 Plurima

121 2273 189 2310 alia
215 2271 372 2324 proferre
403 2284 584 2323 possemus
613 2269 821 2321 hujusmodi
843 2269 988 2314 ἀταξίας
1017 2270 1180 2322 exempla
1195 2301 1204 2318 ‚
1223 2270 1283 2308 sed
1311 2269 1387 2307 haec
1406 2269 1440 2306 in
1462 2269 1625 2321 praesenti
1646 2269 1730 2307 satis
1751 2277 1879 2315 erunt;
1899 2277 2024 2306 caetera
2057 2267 2202 2306 erudito
2250 2271 2253 2318 l

122 2335 244 2374 lectori
262 2335 297 2373 in
318 2334 433 2387 operis
452 2333 604 2373 decursu
628 2332 849 2372 observanda
870 2333 1118 2385 relinquimus.

444 2626 502 2663 De
522 2625 791 2665 distributione
808 2633 1000 2662 tomorum
1016 2626 1057 2661 in
1072 2623 1280 2663 Saviliana
1300 2631 1335 2661 et
1358 2624 1631 2660 Frontoniana
1652 2622 1850 2660 Editione.

178 2751 257 2787 Jam
278 2749 321 2786 ad
341 2748 499 2786 ordinem
515 2758 549 2786 et
564 2747 853 2786 distributionem
874 2755 1049 2784 tomorum
1070 2745 1319 2797 Clirysostomi
1336 2744 1522 2783 veniamus
1538 2759 1628 2795 :qua
1648 2745 1682 2782 in
1705 2759 1741 2783 re
1761 2746 1841 2797 plus
1856 2745 1946 2784 inest
1959 2745 2203 2790 difficultatis,

129 2827 235 2863 quam
261 2812 369 2861 vulgo
396 2811 570 2848 credatur.
601 2811 720 2862 Longe
746 2810 926 2848 diversam
963 2807 1203 2846 distribuendi
1234 2806 1443 2845 methodum
1475 2808 1614 2858 sequuti
1635 2817 1716 2845 suut
1735 2808 1895 2847 Savilius
1911 2818 1945 2847 et
1965 2809 2102 2847 Fronto
2124 2811 2202 2848 Du-

128 2890 220 2912 (τουδ-
236 2892 244 2920 ;
263 2883 383 2911 neuter
402 2884 515 2911 tamen
535 2875 651 2925 potuit
668 2887 745 2911 eam
758 2903 769 2923 ‚
787 2887 894 2923 quam
915 2871 982 2910 sibi
1000 2871 1287 2924 praescripserat,
1303 2884 1462 2908 normam
1481 2871 1639 2908 retinere.
1657 2872 1754 2909 Duas
1770 2886 1854 2910 vero
1875 2871 1911 2909 in
1931 2881 2047 2923 partes
2060 2881 2209 2924 possunt

129 2942 163 2976 S.
192 2937 338 2976 Joannis
357 2937 604 2988 Chrysostomi
625 2951 732 2989 opera
753 2935 948 2988 generatim
968 2934 1143 2985 distingui
1160 2950 1167 2970 :
1187 2934 1222 2971 in
1256 2934 1428 2985 opuscula
1455 2934 1622 2972 videlicet
1640 2965 1649 2981 ,
1669 2942 1702 2973 et
1721 2934 1992 2973 commentarios
2025 2934 2061 2972 in
2094 2935 2210 2974 Vetus

129 3003 344 3052 Novumque
358 3002 640 3040 Testamentum.
656 3001 815 3039 Savilius
834 2999 1107 3038 commentarios
1124 2998 1241 3051 primo
1257 2998 1376 3050 posuit
1393 3028 1401 3040 ,
1424 2997 1449 3035 ii
1465 3011 1549 3036 vero
1564 3007 1717 3049 quatuor
1731 2999 1865 3051 primos
1884 3007 1999 3037 tomos
2013 3007 2208 3052 occupant;

129 3064 302 3115 opuscula
324 3064 604 3114 insequentibus
630 3065 735 3102 tomis
756 3064 938 3110 locantur-3
970 3063 1004 3101 in
1027 3063 1154 3113 quinto
1181 3074 1308 3113 nempe
1328 3060 1394 3098 boc
1418 3061 1513 3098 ritu:
1535 3063 1575 3098 1ο
1603 3063 1790 3100 Sermones
1819 3061 1854 3099 in
1874 3062 1948 3100 loca
1976 3074 2085 3099 sacrae
2111 3061 2210 3100 Scri-

133 3136 255 3178 pturre.
274 3129 315 3164 Ψ
335 3127 521 3164 Sermones
541 3127 745 3179 panegyrici
767 3128 993 3167 Sanctorum.
1016 3127 1057 3164 3⁰
1086 3126 1274 3163 Sermones
1294 3122 1415 3161 dubim
1439 3123 1521 3161 fidei
1543 3124 1578 3161 in
1599 3124 1673 3161 loca
1695 3137 1801 3161 sacrae
1829 3122 2037 3176 Scripturae.
2064 3122 2108 3161 4⁰
2127 3124 2212 3163 Ser-

133 3201 252 3225 mones
265 3188 468 3240 panegyrici
489 3188 608 3226 dubize.
630 3189 724 3228 lidei.
742 3190 781 3227 lu
805 3199 905 3228 sexto
923 3197 1041 3226 autem
1059 3196 1153 3226 tomo
1171 3202 1178 3222 :
1204 3189 1243 3224 1⁰
1261 3187 1452 3224 Tractatus
1472 3185 1576 3223 varii.
1598 3188 1640 3223 9⁰
1664 3186 1719 3224 De
1737 3185 1876 3223 Statuis
1896 3187 2073 3225 orationes
2089 3199 2160 3224 una
2175 3194 2211 3224 et

135 3251 260 3301 viginti
279 3280 288 3297 ‚
313 3264 400 3300 quas
420 3261 617 3301 sequuntur
637 3252 696 3289 alii
729 3265 906 3290 sermones
923 3251 1012 3290 varii
1033 3250 1248 3302 argumenti.
1271 3250 1312 3286 5ο
1330 3249 1516 3288 Orationes
1540 3262 1584 3286 ex
1612 3248 1722 3286 variis
1742 3248 1988 3301 Cluysostomi
2013 3248 2102 3287 locis
2127 3261 2215 3288 eon-

135 3313 317 3352 sarcinata—
335 3343 344 3360 ,
364 3328 452 3364 quas
471 3315 720 3365 ἀπανθίσματα
741 3329 801 3353 seu
822 3314 1014 3366 Florilegia
1035 3323 1178 3353 vocant.
1208 3313 1250 3351 4⁰
1282 3313 1469 3351 Orationes
1496 3311 1658 3364 quaedam
1691 3312 1870 3361 ambiguae
1901 3311 1998 3352 fidei.
2035 3312 2076 3350 ln
2114 3320 2210 3350 tomo
2236 3318 2245 3331 f

136 3377 312 3428 septimo:
335 3382 374 3412 1⁰
396 3376 586 3429 Epistolze,
607 3379 796 3429 pratmissis
825 3378 968 3417 duabus
991 3377 1211 3416 orationibus
1238 3390 1326 3429 quas
1349 3376 1466 3414 exsilii
1497 3376 1551 3413 sui
1587 3383 1747 3428 tempore
1774 3375 2053 3428 Cbrysostomus
2081 3374 2212 3413 emisit.

139 3444 179 3478 2⁰
196 3440 325 3492 Spuria
346 3440 380 3478 in
401 3440 474 3477 loca
491 3439 693 3492 Scriptura&
711 3443 751 3479 δ”
767 3443 954 3481 Sermones
974 3441 1179 3493 panegyrici
1201 3440 1328 3492 spurii.
1344 3440 1386 3479 4⁰
1403 3440 1594 3478 Tractatus
1612 3439 1701 3478 varii
1721 3438 1847 3491 spurii.
1862 3439 1903 3478 5⁰
1917 3438 2104 3478 Orationes
2118 3451 2214 3488 qua:-

2245 3114 2249 3131 Σ

2234 3152 2248 3205 l
