<?xml version="1.0" encoding="UTF-8"?>
<!DOCTYPE html PUBLIC "-//W3C//DTD XHTML 1.0 Transitional//EN"
    "http://www.w3.org/TR/xhtml1/DTD/xhtml1-transitional.dtd">
<html xmlns="http://www.w3.org/1999/xhtml" xml:lang="en" lang="en">
 <head>
  <title>
</title>
<meta http-equiv="Content-Type" content="text/html;charset=utf-8" />
  <meta name='ocr-system' content='tesseract 3.04.00' />
  <meta name='ocr-capabilities' content='ocr_page ocr_carea ocr_par ocr_line ocrx_word'/>
</head>
<body>
  <div class='ocr_page' id='page_1' title='image "./operaomniaquaeex01johnuoft/operaomniaquaeex01johnuoft_0144.png"; bbox 0 0 2513 3871; ppageno 0'>
   <div class='ocr_carea' id='block_1_1' title="bbox 88 2822 275 2893">
    <p class='ocr_par' dir='ltr' id='par_1_1' title="bbox 88 2822 275 2893">
     <span class='ocr_line' id='line_1_1' title="bbox 118 2822 274 2851; baseline 0.013 -2"><span class='ocrx_word' id='word_1_1' title='bbox 118 2822 274 2851; x_wconf 66' lang='lat' dir='ltr'>Monachu-</span> 
     </span>
     <span class='ocr_line' id='line_1_2' title="bbox 88 2871 275 2893; baseline 0.016 -3"><span class='ocrx_word' id='word_1_2' title='bbox 88 2875 152 2891; x_wconf 78' lang='lat' dir='ltr'>nim</span> <span class='ocrx_word' id='word_1_3' title='bbox 163 2875 172 2890; x_wconf 69' lang='lat' dir='ltr'>s</span> <span class='ocrx_word' id='word_1_4' title='bbox 181 2871 218 2892; x_wconf 77' lang='lat' dir='ltr'>ita</span> <span class='ocrx_word' id='word_1_5' title='bbox 227 2876 275 2893; x_wconf 81' lang='lat' dir='ltr'>an-</span> 
     </span>
    </p>
   </div>
   <div class='ocr_carea' id='block_1_2' title="bbox 87 2907 301 2940">
    <p class='ocr_par' dir='ltr' id='par_1_2' title="bbox 87 2907 301 2940">
     <span class='ocr_line' id='line_1_3' title="bbox 87 2907 301 2940; baseline 0.005 -11"><span class='ocrx_word' id='word_1_6' title='bbox 87 2907 182 2940; x_wconf 56' lang='lat' dir='ltr'>gvltr.</span> <span class='ocrx_word' id='word_1_7' title='bbox 194 2917 272 2934; x_wconf 70' lang='lat' dir='ltr'>‘&#39;ssm-</span> <span class='ocrx_word' id='word_1_8' title='bbox 295 2920 301 2926; x_wconf 84' lang='lat'><em>-</em></span> 
     </span>
    </p>
   </div>
   <div class='ocr_carea' id='block_1_3' title="bbox 87 2955 216 2984">
    <p class='ocr_par' dir='ltr' id='par_1_3' title="bbox 87 2955 216 2984">
     <span class='ocr_line' id='line_1_4' title="bbox 87 2955 216 2984; baseline 0.008 -11"><span class='ocrx_word' id='word_1_9' title='bbox 87 2955 216 2984; x_wconf 70' lang='lat' dir='ltr'>paratur.</span> 
     </span>
    </p>
   </div>
   <div class='ocr_carea' id='block_1_4' title="bbox 291 202 382 260">
    <p class='ocr_par' dir='ltr' id='par_1_4' title="bbox 291 202 382 260">
     <span class='ocr_line' id='line_1_5' title="bbox 291 202 382 260; baseline 0.011 -15"><span class='ocrx_word' id='word_1_10' title='bbox 291 202 382 260; x_wconf 63' lang='lat'>¹¹4</span> 
     </span>
    </p>
   </div>
   <div class='ocr_carea' id='block_1_5' title="bbox 277 293 1242 2972">
    <p class='ocr_par' dir='ltr' id='par_1_5' title="bbox 277 293 1241 2789">
     <span class='ocr_line' id='line_1_6' title="bbox 280 293 1234 348; baseline -0.002 -12"><span class='ocrx_word' id='word_1_11' title='bbox 280 297 390 336; x_wconf 78' lang='lat' dir='ltr'>verba</span> <span class='ocrx_word' id='word_1_12' title='bbox 404 296 611 348; x_wconf 80' lang='lat' dir='ltr'>cogitasset,</span> <span class='ocrx_word' id='word_1_13' title='bbox 630 307 743 345; x_wconf 87' lang='lat' dir='ltr'>neque</span> <span class='ocrx_word' id='word_1_14' title='bbox 769 294 831 332; x_wconf 88' lang='lat' dir='ltr'>ille</span> <span class='ocrx_word' id='word_1_15' title='bbox 854 293 1031 333; x_wconf 87' lang='lat' dir='ltr'>malorum</span> <span class='ocrx_word' id='word_1_16' title='bbox 1053 294 1234 348; x_wconf 77' lang='lat' dir='ltr'><strong>colophon</strong></span> 
     </span>
     <span class='ocr_line' id='line_1_7' title="bbox 282 355 1230 407; baseline -0.002 -9"><span class='ocrx_word' id='word_1_17' title='bbox 282 359 449 398; x_wconf 87' lang='lat' dir='ltr'>inductus</span> <span class='ocrx_word' id='word_1_18' title='bbox 465 357 607 402; x_wconf 83' lang='lat' dir='ltr'>fuisset,</span> <span class='ocrx_word' id='word_1_19' title='bbox 624 365 664 393; x_wconf 89' lang='lat' dir='ltr'>ut</span> <span class='ocrx_word' id='word_1_20' title='bbox 682 365 901 407; x_wconf 67' lang='lat' dir='ltr'>quati-eretur</span> <span class='ocrx_word' id='word_1_21' title='bbox 921 355 1017 395; x_wconf 89' lang='lat' dir='ltr'>unde</span> <span class='ocrx_word' id='word_1_22' title='bbox 1035 356 1106 395; x_wconf 87' lang='lat' dir='ltr'>sint</span> <span class='ocrx_word' id='word_1_23' title='bbox 1121 356 1230 396; x_wconf 86' lang='lat' dir='ltr'>mala.</span> 
     </span>
     <span class='ocr_line' id='line_1_8' title="bbox 283 418 1236 471; baseline -0.001 -13"><span class='ocrx_word' id='word_1_24' title='bbox 283 422 374 459; x_wconf 86' lang='lat' dir='ltr'>Nam</span> <span class='ocrx_word' id='word_1_25' title='bbox 393 420 422 457; x_wconf 88' lang='lat' dir='ltr'>si</span> <span class='ocrx_word' id='word_1_26' title='bbox 449 418 541 456; x_wconf 87' lang='lat' dir='ltr'>mala</span> <span class='ocrx_word' id='word_1_27' title='bbox 569 431 632 455; x_wconf 91' lang='lat' dir='ltr'>nee</span> <span class='ocrx_word' id='word_1_28' title='bbox 650 427 767 456; x_wconf 84' lang='lat' dir='ltr'>essent</span> <span class='ocrx_word' id='word_1_29' title='bbox 782 447 791 464; x_wconf 85' lang='lat'>,</span> <span class='ocrx_word' id='word_1_30' title='bbox 812 431 874 455; x_wconf 90' lang='lat' dir='ltr'>nee</span> <span class='ocrx_word' id='word_1_31' title='bbox 901 428 1134 470; x_wconf 81' lang='lat' dir='ltr'>apparerent,</span> <span class='ocrx_word' id='word_1_32' title='bbox 1154 420 1236 471; x_wconf 87' lang='lat' dir='ltr'>quis</span> 
     </span>
     <span class='ocr_line' id='line_1_9' title="bbox 282 478 1236 533; baseline 0.001 -15"><span class='ocrx_word' id='word_1_33' title='bbox 282 479 453 533; x_wconf 84' lang='lat' dir='ltr'>potuisset</span> <span class='ocrx_word' id='word_1_34' title='bbox 479 491 642 529; x_wconf 66' lang='lat' dir='ltr'>quaenam</span> <span class='ocrx_word' id='word_1_35' title='bbox 661 478 708 517; x_wconf 90' lang='lat' dir='ltr'>sit</span> <span class='ocrx_word' id='word_1_36' title='bbox 726 478 904 517; x_wconf 89' lang='lat' dir='ltr'>malorum</span> <span class='ocrx_word' id='word_1_37' title='bbox 923 492 1028 518; x_wconf 86' lang='lat' dir='ltr'>causa</span> <span class='ocrx_word' id='word_1_38' title='bbox 1050 493 1210 532; x_wconf 81' lang='lat' dir='ltr'>quaerere</span> <span class='ocrx_word' id='word_1_39' title='bbox 1224 510 1236 529; x_wconf 87' lang='lat'>,</span> 
     </span>
     <span class='ocr_line' id='line_1_10' title="bbox 281 539 1237 593; baseline 0.002 -15"><span class='ocrx_word' id='word_1_40' title='bbox 281 550 315 579; x_wconf 84' lang='lat' dir='ltr'>et</span> <span class='ocrx_word' id='word_1_41' title='bbox 329 555 392 593; x_wconf 86' lang='lat' dir='ltr'>per</span> <span class='ocrx_word' id='word_1_42' title='bbox 413 539 505 577; x_wconf 89' lang='lat' dir='ltr'>hanc</span> <span class='ocrx_word' id='word_1_43' title='bbox 519 540 750 590; x_wconf 74' lang='lat' dir='ltr'>quaestionem</span> <span class='ocrx_word' id='word_1_44' title='bbox 767 541 971 579; x_wconf 86' lang='lat' dir='ltr'>innumeras</span> <span class='ocrx_word' id='word_1_45' title='bbox 985 540 1134 580; x_wconf 65' lang='lat' dir='ltr'>hereses</span> <span class='ocrx_word' id='word_1_46' title='bbox 1153 555 1237 580; x_wconf 82' lang='lat' dir='ltr'>sus-</span> 
     </span>
     <span class='ocr_line' id='line_1_11' title="bbox 281 601 1239 652; baseline 0.002 -13"><span class='ocrx_word' id='word_1_47' title='bbox 281 601 414 640; x_wconf 75' lang='lat' dir='ltr'>citare?</span> <span class='ocrx_word' id='word_1_48' title='bbox 430 601 572 640; x_wconf 86' lang='lat' dir='ltr'>Etenim</span> <span class='ocrx_word' id='word_1_49' title='bbox 592 602 770 643; x_wconf 80' lang='lat' dir='ltr'><strong>Marcion.</strong></span> <span class='ocrx_word' id='word_1_50' title='bbox 792 603 932 648; x_wconf 82' lang='lat' dir='ltr'>Manes,</span> <span class='ocrx_word' id='word_1_51' title='bbox 954 601 1183 652; x_wconf 83' lang='lat' dir='ltr'>Valentinus,</span> <span class='ocrx_word' id='word_1_52' title='bbox 1204 611 1239 641; x_wconf 94' lang='lat' dir='ltr'>et</span> 
     </span>
     <span class='ocr_line' id='line_1_12' title="bbox 282 662 1236 716; baseline 0.002 -15"><span class='ocrx_word' id='word_1_53' title='bbox 282 663 428 716; x_wconf 79' lang='lat' dir='ltr'>plurimi</span> <span class='ocrx_word' id='word_1_54' title='bbox 457 663 669 701; x_wconf 75' lang='lat' dir='ltr'>Graecorum</span> <span class='ocrx_word' id='word_1_55' title='bbox 700 662 785 701; x_wconf 88' lang='lat' dir='ltr'>hinc</span> <span class='ocrx_word' id='word_1_56' title='bbox 800 663 942 702; x_wconf 89' lang='lat' dir='ltr'>initium</span> <span class='ocrx_word' id='word_1_57' title='bbox 965 673 1179 703; x_wconf 80' lang='lat' dir='ltr'>sumserunt.</span> <span class='ocrx_word' id='word_1_58' title='bbox 1197 665 1236 703; x_wconf 84' lang='lat' dir='ltr'>Si</span> 
     </span>
     <span class='ocr_line' id='line_1_13' title="bbox 280 724 1238 778; baseline 0.001 -15"><span class='ocrx_word' id='word_1_59' title='bbox 280 735 398 764; x_wconf 84' lang='lat' dir='ltr'>autem</span> <span class='ocrx_word' id='word_1_60' title='bbox 409 737 531 763; x_wconf 86' lang='lat' dir='ltr'>omnes</span> <span class='ocrx_word' id='word_1_61' title='bbox 544 724 897 778; x_wconf 79' lang='lat' dir='ltr'>philosopharentur,</span> <span class='ocrx_word' id='word_1_62' title='bbox 914 725 1035 763; x_wconf 91' lang='lat' dir='ltr'>nullus</span> <span class='ocrx_word' id='word_1_63' title='bbox 1049 735 1140 764; x_wconf 83' lang='lat' dir='ltr'>esset</span> <span class='ocrx_word' id='word_1_64' title='bbox 1152 725 1238 764; x_wconf 87' lang='lat' dir='ltr'>huic</span> 
     </span>
     <span class='ocr_line' id='line_1_14' title="bbox 280 785 1239 838; baseline 0.001 -13"><span class='ocrx_word' id='word_1_65' title='bbox 280 786 466 838; x_wconf 68' lang='lat' dir='ltr'>quaestioni</span> <span class='ocrx_word' id='word_1_66' title='bbox 486 785 601 833; x_wconf 86' lang='lat' dir='ltr'>locus;</span> <span class='ocrx_word' id='word_1_67' title='bbox 617 786 677 824; x_wconf 79' lang='lat' dir='ltr'>sed</span> <span class='ocrx_word' id='word_1_68' title='bbox 691 787 719 824; x_wconf 87' lang='lat' dir='ltr'>si</span> <span class='ocrx_word' id='word_1_69' title='bbox 740 800 808 825; x_wconf 93' lang='lat' dir='ltr'>non</span> <span class='ocrx_word' id='word_1_70' title='bbox 827 785 1052 834; x_wconf 89' lang='lat' dir='ltr'>aliunde,ab</span> <span class='ocrx_word' id='word_1_71' title='bbox 1077 786 1143 826; x_wconf 85' lang='lat' dir='ltr'>hac</span> <span class='ocrx_word' id='word_1_72' title='bbox 1169 787 1239 826; x_wconf 88' lang='lat' dir='ltr'>sal-</span> 
     </span>
     <span class='ocr_line' id='line_1_15' title="bbox 283 846 1239 900; baseline 0 -14"><span class='ocrx_word' id='word_1_73' title='bbox 283 857 351 886; x_wconf 92' lang='lat' dir='ltr'>tem</span> <span class='ocrx_word' id='word_1_74' title='bbox 358 847 492 900; x_wconf 90' lang='lat' dir='ltr'>optima</span> <span class='ocrx_word' id='word_1_75' title='bbox 503 846 649 885; x_wconf 81' lang='lat' dir='ltr'>vivendi</span> <span class='ocrx_word' id='word_1_76' title='bbox 665 846 798 885; x_wconf 87' lang='lat' dir='ltr'>ratione</span> <span class='ocrx_word' id='word_1_77' title='bbox 810 846 1019 886; x_wconf 84' lang='lat' dir='ltr'>didicissent</span> <span class='ocrx_word' id='word_1_78' title='bbox 1029 861 1163 895; x_wconf 67' lang='lat' dir='ltr'>omncs,</span> <span class='ocrx_word' id='word_1_79' title='bbox 1176 862 1239 886; x_wconf 91' lang='lat' dir='ltr'>nos</span> 
     </span>
     <span class='ocr_line' id='line_1_16' title="bbox 282 908 1239 960; baseline 0 -13"><span class='ocrx_word' id='word_1_80' title='bbox 282 910 526 960; x_wconf 85' lang='lat' dir='ltr'>subDeorege</span> <span class='ocrx_word' id='word_1_81' title='bbox 540 908 675 955; x_wconf 81' lang='lat' dir='ltr'>vivere,</span> <span class='ocrx_word' id='word_1_82' title='bbox 695 908 870 960; x_wconf 86' lang='lat' dir='ltr'>illumque</span> <span class='ocrx_word' id='word_1_83' title='bbox 882 922 938 947; x_wconf 87' lang='lat' dir='ltr'>res</span> <span class='ocrx_word' id='word_1_84' title='bbox 956 917 1096 947; x_wconf 86' lang='lat' dir='ltr'>nostras</span> <span class='ocrx_word' id='word_1_85' title='bbox 1111 923 1239 947; x_wconf 90' lang='lat' dir='ltr'>seeun-</span> 
     </span>
     <span class='ocr_line' id='line_1_17' title="bbox 281 969 1238 1022; baseline 0 -13"><span class='ocrx_word' id='word_1_86' title='bbox 281 970 369 1009; x_wconf 87' lang='lat' dir='ltr'>dum</span> <span class='ocrx_word' id='word_1_87' title='bbox 388 969 597 1022; x_wconf 76' lang='lat' dir='ltr'>sapientiam</span> <span class='ocrx_word' id='word_1_88' title='bbox 618 969 919 1021; x_wconf 84' lang='lat' dir='ltr'>prudentiamque</span> <span class='ocrx_word' id='word_1_89' title='bbox 950 984 1052 1009; x_wconf 89' lang='lat' dir='ltr'>suam</span> <span class='ocrx_word' id='word_1_90' title='bbox 1077 970 1238 1010; x_wconf 89' lang='lat' dir='ltr'>admini-</span> 
     </span>
     <span class='ocr_line' id='line_1_18' title="bbox 283 1030 1239 1083; baseline 0.001 -13"><span class='ocrx_word' id='word_1_91' title='bbox 283 1041 395 1070; x_wconf 86' lang='lat' dir='ltr'>strare</span> <span class='ocrx_word' id='word_1_92' title='bbox 417 1040 451 1069; x_wconf 91' lang='lat' dir='ltr'>et</span> <span class='ocrx_word' id='word_1_93' title='bbox 472 1030 665 1069; x_wconf 86' lang='lat' dir='ltr'>moderari.</span> <span class='ocrx_word' id='word_1_94' title='bbox 688 1030 793 1080; x_wconf 87' lang='lat' dir='ltr'>Quod</span> <span class='ocrx_word' id='word_1_95' title='bbox 813 1044 909 1069; x_wconf 90' lang='lat' dir='ltr'>nune</span> <span class='ocrx_word' id='word_1_96' title='bbox 924 1045 1070 1083; x_wconf 85' lang='lat' dir='ltr'>quoque</span> <span class='ocrx_word' id='word_1_97' title='bbox 1090 1032 1131 1070; x_wconf 83' lang='lat' dir='ltr'>fit</span> <span class='ocrx_word' id='word_1_98' title='bbox 1145 1061 1155 1078; x_wconf 90' lang='lat'>,</span> <span class='ocrx_word' id='word_1_99' title='bbox 1175 1032 1239 1071; x_wconf 87' lang='lat' dir='ltr'>sed</span> 
     </span>
     <span class='ocr_line' id='line_1_19' title="bbox 283 1091 1239 1145; baseline 0 -14"><span class='ocrx_word' id='word_1_100' title='bbox 283 1107 351 1131; x_wconf 93' lang='lat' dir='ltr'>nou</span> <span class='ocrx_word' id='word_1_101' title='bbox 363 1092 466 1131; x_wconf 81' lang='lat' dir='ltr'>facile</span> <span class='ocrx_word' id='word_1_102' title='bbox 473 1091 691 1145; x_wconf 85' lang='lat' dir='ltr'>perspicitur</span> <span class='ocrx_word' id='word_1_103' title='bbox 704 1093 751 1130; x_wconf 92' lang='lat' dir='ltr'>ob</span> <span class='ocrx_word' id='word_1_104' title='bbox 760 1092 937 1143; x_wconf 87' lang='lat' dir='ltr'>ingentem</span> <span class='ocrx_word' id='word_1_105' title='bbox 946 1092 1044 1131; x_wconf 90' lang='lat' dir='ltr'>illam</span> <span class='ocrx_word' id='word_1_106' title='bbox 1058 1093 1239 1139; x_wconf 79' lang='lat' dir='ltr'>nebulam,</span> 
     </span>
     <span class='ocr_line' id='line_1_20' title="bbox 283 1153 1240 1207; baseline 0.001 -16"><span class='ocrx_word' id='word_1_107' title='bbox 283 1168 390 1205; x_wconf 90' lang='lat' dir='ltr'>quam</span> <span class='ocrx_word' id='word_1_108' title='bbox 400 1168 463 1207; x_wconf 88' lang='lat' dir='ltr'>per</span> <span class='ocrx_word' id='word_1_109' title='bbox 473 1162 586 1192; x_wconf 90' lang='lat' dir='ltr'>totum</span> <span class='ocrx_word' id='word_1_110' title='bbox 597 1163 772 1192; x_wconf 89' lang='lat' dir='ltr'>terrarum</span> <span class='ocrx_word' id='word_1_111' title='bbox 780 1154 902 1192; x_wconf 89' lang='lat' dir='ltr'>orbem</span> <span class='ocrx_word' id='word_1_112' title='bbox 910 1153 1240 1202; x_wconf 78' lang='lat' dir='ltr'>effuderunt.Quod</span> 
     </span>
     <span class='ocr_line' id='line_1_21' title="bbox 281 1214 1240 1266; baseline 0.001 -14"><span class='ocrx_word' id='word_1_113' title='bbox 281 1215 308 1252; x_wconf 89' lang='lat' dir='ltr'>si</span> <span class='ocrx_word' id='word_1_114' title='bbox 321 1228 452 1254; x_wconf 85' lang='lat' dir='ltr'>resnou</span> <span class='ocrx_word' id='word_1_115' title='bbox 468 1215 513 1252; x_wconf 94' lang='lat' dir='ltr'>ita</span> <span class='ocrx_word' id='word_1_116' title='bbox 534 1229 571 1252; x_wconf 91' lang='lat' dir='ltr'>se</span> <span class='ocrx_word' id='word_1_117' title='bbox 587 1214 744 1260; x_wconf 85' lang='lat' dir='ltr'>baberet,</span> <span class='ocrx_word' id='word_1_118' title='bbox 766 1215 865 1266; x_wconf 84' lang='lat' dir='ltr'>quasi</span> <span class='ocrx_word' id='word_1_119' title='bbox 886 1216 922 1252; x_wconf 91' lang='lat' dir='ltr'>in</span> <span class='ocrx_word' id='word_1_120' title='bbox 945 1214 1142 1253; x_wconf 86' lang='lat' dir='ltr'>meridiana</span> <span class='ocrx_word' id='word_1_121' title='bbox 1159 1215 1240 1253; x_wconf 86' lang='lat' dir='ltr'>luce</span> 
     </span>
     <span class='ocr_line' id='line_1_22' title="bbox 279 1275 1240 1328; baseline 0 -14"><span class='ocrx_word' id='word_1_122' title='bbox 279 1285 312 1313; x_wconf 90' lang='lat' dir='ltr'>et</span> <span class='ocrx_word' id='word_1_123' title='bbox 323 1289 443 1314; x_wconf 87' lang='lat' dir='ltr'>sereno</span> <span class='ocrx_word' id='word_1_124' title='bbox 452 1289 532 1313; x_wconf 90' lang='lat' dir='ltr'>aere</span> <span class='ocrx_word' id='word_1_125' title='bbox 546 1275 610 1313; x_wconf 92' lang='lat' dir='ltr'>Dei</span> <span class='ocrx_word' id='word_1_126' title='bbox 622 1275 843 1327; x_wconf 88' lang='lat' dir='ltr'>providentia</span> <span class='ocrx_word' id='word_1_127' title='bbox 859 1275 1026 1313; x_wconf 90' lang='lat' dir='ltr'>omnibus</span> <span class='ocrx_word' id='word_1_128' title='bbox 1039 1285 1240 1328; x_wconf 81' lang='lat' dir='ltr'>appareret.</span> 
     </span>
     <span class='ocr_line' id='line_1_23' title="bbox 280 1334 1234 1382; baseline 0 -8"><span class='ocrx_word' id='word_1_129' title='bbox 280 1337 371 1374; x_wconf 88' lang='lat' dir='ltr'>Nam</span> <span class='ocrx_word' id='word_1_130' title='bbox 387 1335 416 1373; x_wconf 89' lang='lat' dir='ltr'>si</span> <span class='ocrx_word' id='word_1_131' title='bbox 437 1348 505 1373; x_wconf 93' lang='lat' dir='ltr'>non</span> <span class='ocrx_word' id='word_1_132' title='bbox 538 1334 732 1373; x_wconf 90' lang='lat' dir='ltr'>tribunalia</span> <span class='ocrx_word' id='word_1_133' title='bbox 751 1343 884 1380; x_wconf 85' lang='lat' dir='ltr'>essent,</span> <span class='ocrx_word' id='word_1_134' title='bbox 902 1348 971 1372; x_wconf 92' lang='lat' dir='ltr'>non</span> <span class='ocrx_word' id='word_1_135' title='bbox 990 1344 1211 1374; x_wconf 85' lang='lat' dir='ltr'>accusatores</span> <span class='ocrx_word' id='word_1_136' title='bbox 1225 1366 1234 1382; x_wconf 93' lang='lat'>,</span> 
     </span>
     <span class='ocr_line' id='line_1_24' title="bbox 280 1396 1236 1450; baseline 0.001 -15"><span class='ocrx_word' id='word_1_137' title='bbox 280 1410 347 1435; x_wconf 93' lang='lat' dir='ltr'>non</span> <span class='ocrx_word' id='word_1_138' title='bbox 361 1396 602 1450; x_wconf 69' lang='lat' dir='ltr'>sycophantae,</span> <span class='ocrx_word' id='word_1_139' title='bbox 617 1409 686 1435; x_wconf 90' lang='lat' dir='ltr'>non</span> <span class='ocrx_word' id='word_1_140' title='bbox 700 1396 892 1445; x_wconf 87' lang='lat' dir='ltr'>cruciatus,</span> <span class='ocrx_word' id='word_1_141' title='bbox 907 1410 975 1434; x_wconf 91' lang='lat' dir='ltr'>non</span> <span class='ocrx_word' id='word_1_142' title='bbox 995 1397 1154 1446; x_wconf 81' lang='lat' dir='ltr'>mulctae,</span> <span class='ocrx_word' id='word_1_143' title='bbox 1166 1412 1236 1437; x_wconf 90' lang='lat' dir='ltr'>non</span> 
     </span>
     <span class='ocr_line' id='line_1_25' title="bbox 280 1457 1234 1511; baseline 0.002 -16"><span class='ocrx_word' id='word_1_144' title='bbox 280 1471 449 1506; x_wconf 74' lang='lat' dir='ltr'>carceres,</span> <span class='ocrx_word' id='word_1_145' title='bbox 469 1471 538 1496; x_wconf 92' lang='lat' dir='ltr'>non</span> <span class='ocrx_word' id='word_1_146' title='bbox 559 1457 756 1510; x_wconf 86' lang='lat' dir='ltr'>supplicia,</span> <span class='ocrx_word' id='word_1_147' title='bbox 776 1471 846 1496; x_wconf 90' lang='lat' dir='ltr'>non</span> <span class='ocrx_word' id='word_1_148' title='bbox 863 1457 1040 1496; x_wconf 85' lang='lat' dir='ltr'>bonorum</span> <span class='ocrx_word' id='word_1_149' title='bbox 1064 1459 1234 1511; x_wconf 87' lang='lat' dir='ltr'>publica-</span> 
     </span>
     <span class='ocr_line' id='line_1_26' title="bbox 277 1519 1235 1572; baseline 0.004 -16"><span class='ocrx_word' id='word_1_150' title='bbox 277 1519 405 1567; x_wconf 86' lang='lat' dir='ltr'>tiones,</span> <span class='ocrx_word' id='word_1_151' title='bbox 423 1533 490 1558; x_wconf 92' lang='lat' dir='ltr'>non</span> <span class='ocrx_word' id='word_1_152' title='bbox 511 1519 656 1564; x_wconf 85' lang='lat' dir='ltr'>damna,</span> <span class='ocrx_word' id='word_1_153' title='bbox 675 1532 744 1557; x_wconf 92' lang='lat' dir='ltr'>non</span> <span class='ocrx_word' id='word_1_154' title='bbox 756 1519 901 1558; x_wconf 84' lang='lat' dir='ltr'>timores</span> <span class='ocrx_word' id='word_1_155' title='bbox 916 1528 950 1558; x_wconf 92' lang='lat' dir='ltr'>et</span> <span class='ocrx_word' id='word_1_156' title='bbox 969 1520 1144 1572; x_wconf 88' lang='lat' dir='ltr'>pericula,</span> <span class='ocrx_word' id='word_1_157' title='bbox 1166 1535 1235 1560; x_wconf 91' lang='lat' dir='ltr'>non</span> 
     </span>
     <span class='ocr_line' id='line_1_27' title="bbox 278 1580 1233 1630; baseline 0.003 -12"><span class='ocrx_word' id='word_1_158' title='bbox 278 1581 488 1625; x_wconf 78' lang='lat' dir='ltr'>inimicitiae,</span> <span class='ocrx_word' id='word_1_159' title='bbox 502 1595 572 1619; x_wconf 90' lang='lat' dir='ltr'>non</span> <span class='ocrx_word' id='word_1_160' title='bbox 587 1580 740 1629; x_wconf 74' lang='lat' dir='ltr'>insidiae,</span> <span class='ocrx_word' id='word_1_161' title='bbox 756 1595 825 1619; x_wconf 90' lang='lat' dir='ltr'>non</span> <span class='ocrx_word' id='word_1_162' title='bbox 837 1581 995 1621; x_wconf 82' lang='lat' dir='ltr'>convicia</span> <span class='ocrx_word' id='word_1_163' title='bbox 1009 1590 1042 1620; x_wconf 91' lang='lat' dir='ltr'>et</span> <span class='ocrx_word' id='word_1_164' title='bbox 1058 1581 1155 1630; x_wconf 92' lang='lat' dir='ltr'>odia,</span> <span class='ocrx_word' id='word_1_165' title='bbox 1165 1596 1233 1621; x_wconf 92' lang='lat' dir='ltr'>non</span> 
     </span>
     <span class='ocr_line' id='line_1_28' title="bbox 279 1641 1232 1695; baseline 0.003 -16"><span class='ocrx_word' id='word_1_166' title='bbox 279 1642 401 1688; x_wconf 81' lang='lat' dir='ltr'>fames,</span> <span class='ocrx_word' id='word_1_167' title='bbox 426 1656 495 1680; x_wconf 92' lang='lat' dir='ltr'>non</span> <span class='ocrx_word' id='word_1_168' title='bbox 515 1651 641 1695; x_wconf 77' lang='lat' dir='ltr'>pesteS,</span> <span class='ocrx_word' id='word_1_169' title='bbox 663 1655 731 1680; x_wconf 92' lang='lat' dir='ltr'>non</span> <span class='ocrx_word' id='word_1_170' title='bbox 750 1641 851 1680; x_wconf 87' lang='lat' dir='ltr'>aliud</span> <span class='ocrx_word' id='word_1_171' title='bbox 870 1641 1060 1695; x_wconf 83' lang='lat' dir='ltr'>quidpiam</span> <span class='ocrx_word' id='word_1_172' title='bbox 1081 1656 1205 1682; x_wconf 87' lang='lat' dir='ltr'>eorum</span> <span class='ocrx_word' id='word_1_173' title='bbox 1222 1674 1232 1692; x_wconf 93' lang='lat'>,</span> 
     </span>
     <span class='ocr_line' id='line_1_29' title="bbox 277 1703 1235 1755; baseline 0.003 -15"><span class='ocrx_word' id='word_1_174' title='bbox 277 1717 358 1755; x_wconf 76' lang='lat' dir='ltr'>quae</span> <span class='ocrx_word' id='word_1_175' title='bbox 390 1703 424 1740; x_wconf 92' lang='lat' dir='ltr'>in</span> <span class='ocrx_word' id='word_1_176' title='bbox 452 1703 620 1741; x_wconf 73' lang='lat' dir='ltr'>aenunnis</span> <span class='ocrx_word' id='word_1_177' title='bbox 641 1711 896 1749; x_wconf 86' lang='lat' dir='ltr'>numerantur,</span> <span class='ocrx_word' id='word_1_178' title='bbox 927 1703 987 1741; x_wconf 90' lang='lat' dir='ltr'>sed</span> <span class='ocrx_word' id='word_1_179' title='bbox 1006 1716 1127 1742; x_wconf 87' lang='lat' dir='ltr'>omnes</span> <span class='ocrx_word' id='word_1_180' title='bbox 1146 1717 1235 1743; x_wconf 91' lang='lat' dir='ltr'>con-</span> 
     </span>
     <span class='ocr_line' id='line_1_30' title="bbox 278 1762 1234 1815; baseline 0.001 -15"><span class='ocrx_word' id='word_1_181' title='bbox 278 1771 426 1813; x_wconf 75' lang='lat' dir='ltr'>gruente</span> <span class='ocrx_word' id='word_1_182' title='bbox 443 1776 525 1800; x_wconf 88' lang='lat' dir='ltr'>cum</span> <span class='ocrx_word' id='word_1_183' title='bbox 559 1762 737 1815; x_wconf 88' lang='lat' dir='ltr'>probitate</span> <span class='ocrx_word' id='word_1_184' title='bbox 761 1762 922 1801; x_wconf 76' lang='lat' dir='ltr'>viverent</span> <span class='ocrx_word' id='word_1_185' title='bbox 938 1791 947 1808; x_wconf 91' lang='lat'>‚</span> <span class='ocrx_word' id='word_1_186' title='bbox 965 1762 1047 1813; x_wconf 91' lang='lat' dir='ltr'>quis</span> <span class='ocrx_word' id='word_1_187' title='bbox 1062 1776 1234 1814; x_wconf 89' lang='lat' dir='ltr'>umquam</span> 
     </span>
     <span class='ocr_line' id='line_1_31' title="bbox 280 1822 1235 1875; baseline 0.001 -14"><span class='ocrx_word' id='word_1_188' title='bbox 280 1823 446 1861; x_wconf 84' lang='lat' dir='ltr'>vivorum</span> <span class='ocrx_word' id='word_1_189' title='bbox 464 1822 510 1861; x_wconf 88' lang='lat' dir='ltr'>de</span> <span class='ocrx_word' id='word_1_190' title='bbox 527 1823 750 1875; x_wconf 86' lang='lat' dir='ltr'>providentia</span> <span class='ocrx_word' id='word_1_191' title='bbox 771 1822 895 1861; x_wconf 86' lang='lat' dir='ltr'>divina</span> <span class='ocrx_word' id='word_1_192' title='bbox 919 1822 1127 1861; x_wconf 75' lang='lat' dir='ltr'>dubitaret?</span> <span class='ocrx_word' id='word_1_193' title='bbox 1143 1826 1235 1862; x_wconf 87' lang='lat' dir='ltr'>Pro—</span> 
     </span>
     <span class='ocr_line' id='line_1_32' title="bbox 281 1884 1236 1937; baseline 0.002 -16"><span class='ocrx_word' id='word_1_194' title='bbox 281 1885 370 1922; x_wconf 83' lang='lat' dir='ltr'>fecto</span> <span class='ocrx_word' id='word_1_195' title='bbox 386 1884 523 1925; x_wconf 83' lang='lat' dir='ltr'>nullus.</span> <span class='ocrx_word' id='word_1_196' title='bbox 541 1885 644 1923; x_wconf 89' lang='lat' dir='ltr'>Nunc</span> <span class='ocrx_word' id='word_1_197' title='bbox 668 1893 789 1922; x_wconf 89' lang='lat' dir='ltr'>autem</span> <span class='ocrx_word' id='word_1_198' title='bbox 813 1884 971 1937; x_wconf 90' lang='lat' dir='ltr'>idipsum</span> <span class='ocrx_word' id='word_1_199' title='bbox 989 1885 1179 1937; x_wconf 78' lang='lat' dir='ltr'>contingit,</span> <span class='ocrx_word' id='word_1_200' title='bbox 1194 1899 1236 1924; x_wconf 90' lang='lat' dir='ltr'>ac</span> 
     </span>
     <span class='ocr_line' id='line_1_33' title="bbox 280 1944 1236 1998; baseline 0.001 -15"><span class='ocrx_word' id='word_1_201' title='bbox 280 1945 310 1983; x_wconf 88' lang='lat' dir='ltr'>si</span> <span class='ocrx_word' id='word_1_202' title='bbox 326 1945 512 1996; x_wconf 80' lang='lat' dir='ltr'>ingruente</span> <span class='ocrx_word' id='word_1_203' title='bbox 521 1944 963 1998; x_wconf 82' lang='lat' dir='ltr'>tempestate,gubernator</span> <span class='ocrx_word' id='word_1_204' title='bbox 974 1960 1056 1983; x_wconf 88' lang='lat' dir='ltr'>suas</span> <span class='ocrx_word' id='word_1_205' title='bbox 1072 1945 1118 1983; x_wconf 89' lang='lat' dir='ltr'>im</span> <span class='ocrx_word' id='word_1_206' title='bbox 1126 1946 1236 1998; x_wconf 84' lang='lat' dir='ltr'>ploret</span> 
     </span>
     <span class='ocr_line' id='line_1_34' title="bbox 281 2005 1234 2059; baseline 0.001 -16"><span class='ocrx_word' id='word_1_207' title='bbox 281 2015 420 2059; x_wconf 85' lang='lat' dir='ltr'>partes,</span> <span class='ocrx_word' id='word_1_208' title='bbox 438 2015 472 2044; x_wconf 92' lang='lat' dir='ltr'>et</span> <span class='ocrx_word' id='word_1_209' title='bbox 492 2005 662 2058; x_wconf 85' lang='lat' dir='ltr'>scapham</span> <span class='ocrx_word' id='word_1_210' title='bbox 684 2015 854 2055; x_wconf 85' lang='lat' dir='ltr'>servaret,</span> <span class='ocrx_word' id='word_1_211' title='bbox 874 2008 951 2057; x_wconf 85' lang='lat' dir='ltr'>ejus</span> <span class='ocrx_word' id='word_1_212' title='bbox 971 2015 1086 2044; x_wconf 79' lang='lat' dir='ltr'>tamen</span> <span class='ocrx_word' id='word_1_213' title='bbox 1109 2006 1234 2059; x_wconf 86' lang='lat' dir='ltr'>peritia</span> 
     </span>
     <span class='ocr_line' id='line_1_35' title="bbox 281 2066 1238 2118; baseline 0.002 -14"><span class='ocrx_word' id='word_1_214' title='bbox 281 2066 538 2118; x_wconf 82' lang='lat' dir='ltr'>diligentiaque</span> <span class='ocrx_word' id='word_1_215' title='bbox 553 2080 572 2103; x_wconf 90' lang='lat' dir='ltr'>a</span> <span class='ocrx_word' id='word_1_216' title='bbox 591 2066 796 2104; x_wconf 80' lang='lat' dir='ltr'>vectoribus</span> <span class='ocrx_word' id='word_1_217' title='bbox 815 2080 884 2104; x_wconf 93' lang='lat' dir='ltr'>non</span> <span class='ocrx_word' id='word_1_218' title='bbox 901 2066 1148 2106; x_wconf 87' lang='lat' dir='ltr'>adverteretur</span> <span class='ocrx_word' id='word_1_219' title='bbox 1160 2097 1170 2115; x_wconf 95' lang='lat'>,</span> <span class='ocrx_word' id='word_1_220' title='bbox 1190 2068 1238 2106; x_wconf 91' lang='lat' dir='ltr'>ob</span> 
     </span>
     <span class='ocr_line' id='line_1_36' title="bbox 283 2127 1239 2180; baseline 0.001 -15"><span class='ocrx_word' id='word_1_221' title='bbox 283 2127 603 2179; x_wconf 83' lang='lat' dir='ltr'>perturbationem,</span> <span class='ocrx_word' id='word_1_222' title='bbox 620 2136 770 2172; x_wconf 89' lang='lat' dir='ltr'>metum,</span> <span class='ocrx_word' id='word_1_223' title='bbox 788 2127 1142 2180; x_wconf 84' lang='lat' dir='ltr'>impendentiumque</span> <span class='ocrx_word' id='word_1_224' title='bbox 1162 2143 1239 2166; x_wconf 90' lang='lat' dir='ltr'>ma-</span> 
     </span>
     <span class='ocr_line' id='line_1_37' title="bbox 283 2187 1239 2241; baseline 0.001 -14"><span class='ocrx_word' id='word_1_225' title='bbox 283 2190 397 2228; x_wconf 86' lang='lat' dir='ltr'>lorum</span> <span class='ocrx_word' id='word_1_226' title='bbox 406 2187 697 2227; x_wconf 89' lang='lat' dir='ltr'>sollicitudinem.</span> <span class='ocrx_word' id='word_1_227' title='bbox 710 2190 806 2227; x_wconf 89' lang='lat' dir='ltr'>Deus</span> <span class='ocrx_word' id='word_1_228' title='bbox 814 2189 1022 2241; x_wconf 88' lang='lat' dir='ltr'>quippehoc</span> <span class='ocrx_word' id='word_1_229' title='bbox 1031 2190 1239 2228; x_wconf 89' lang='lat' dir='ltr'>universum</span> 
     </span>
     <span class='ocr_line' id='line_1_38' title="bbox 283 2250 1238 2301; baseline 0.002 -13"><span class='ocrx_word' id='word_1_230' title='bbox 283 2251 390 2289; x_wconf 87' lang='lat' dir='ltr'>etiam</span> <span class='ocrx_word' id='word_1_231' title='bbox 405 2264 498 2288; x_wconf 91' lang='lat' dir='ltr'>nunc</span> <span class='ocrx_word' id='word_1_232' title='bbox 510 2250 698 2301; x_wconf 73' lang='lat' dir='ltr'>gubernat,</span> <span class='ocrx_word' id='word_1_233' title='bbox 712 2250 837 2288; x_wconf 89' lang='lat' dir='ltr'>multis</span> <span class='ocrx_word' id='word_1_234' title='bbox 854 2260 973 2289; x_wconf 88' lang='lat' dir='ltr'>autem</span> <span class='ocrx_word' id='word_1_235' title='bbox 993 2250 1028 2289; x_wconf 88' lang='lat' dir='ltr'>id</span> <span class='ocrx_word' id='word_1_236' title='bbox 1049 2265 1118 2289; x_wconf 92' lang='lat' dir='ltr'>non</span> <span class='ocrx_word' id='word_1_237' title='bbox 1137 2250 1238 2290; x_wconf 86' lang='lat' dir='ltr'>vidc-</span> 
     </span>
     <span class='ocr_line' id='line_1_39' title="bbox 285 2311 1238 2365; baseline 0 -15"><span class='ocrx_word' id='word_1_238' title='bbox 285 2322 343 2350; x_wconf 90' lang='lat' dir='ltr'>tur</span> <span class='ocrx_word' id='word_1_239' title='bbox 362 2311 409 2349; x_wconf 91' lang='lat' dir='ltr'>ob</span> <span class='ocrx_word' id='word_1_240' title='bbox 429 2325 545 2349; x_wconf 88' lang='lat' dir='ltr'>rerum</span> <span class='ocrx_word' id='word_1_241' title='bbox 574 2311 876 2362; x_wconf 85' lang='lat' dir='ltr'>perturbationem</span> <span class='ocrx_word' id='word_1_242' title='bbox 907 2325 949 2349; x_wconf 89' lang='lat' dir='ltr'>ac</span> <span class='ocrx_word' id='word_1_243' title='bbox 967 2320 1212 2365; x_wconf 87' lang='lat' dir='ltr'>tempestatem</span> <span class='ocrx_word' id='word_1_244' title='bbox 1227 2341 1238 2360; x_wconf 88' lang='lat'>‚</span> 
     </span>
     <span class='ocr_line' id='line_1_40' title="bbox 285 2372 1238 2425; baseline 0.002 -15"><span class='ocrx_word' id='word_1_245' title='bbox 285 2386 393 2424; x_wconf 90' lang='lat' dir='ltr'>quam</span> <span class='ocrx_word' id='word_1_246' title='bbox 415 2373 448 2410; x_wconf 84' lang='lat' dir='ltr'>hi</span> <span class='ocrx_word' id='word_1_247' title='bbox 472 2372 628 2410; x_wconf 86' lang='lat' dir='ltr'>maxime</span> <span class='ocrx_word' id='word_1_248' title='bbox 643 2372 804 2410; x_wconf 85' lang='lat' dir='ltr'>omnium</span> <span class='ocrx_word' id='word_1_249' title='bbox 836 2374 1006 2411; x_wconf 87' lang='lat' dir='ltr'>excitant.</span> <span class='ocrx_word' id='word_1_250' title='bbox 1025 2374 1151 2425; x_wconf 88' lang='lat' dir='ltr'>ltaque</span> <span class='ocrx_word' id='word_1_251' title='bbox 1171 2387 1238 2412; x_wconf 90' lang='lat' dir='ltr'>non</span> 
     </span>
     <span class='ocr_line' id='line_1_41' title="bbox 287 2433 1239 2483; baseline 0.002 -12"><span class='ocrx_word' id='word_1_252' title='bbox 287 2442 423 2471; x_wconf 89' lang='lat' dir='ltr'>tantum</span> <span class='ocrx_word' id='word_1_253' title='bbox 448 2433 704 2470; x_wconf 86' lang='lat' dir='ltr'>institutionem</span> <span class='ocrx_word' id='word_1_254' title='bbox 737 2446 878 2471; x_wconf 87' lang='lat' dir='ltr'>morum</span> <span class='ocrx_word' id='word_1_255' title='bbox 911 2443 1090 2483; x_wconf 88' lang='lat' dir='ltr'>evertunt,</span> <span class='ocrx_word' id='word_1_256' title='bbox 1117 2433 1179 2473; x_wconf 87' lang='lat' dir='ltr'>sed</span> <span class='ocrx_word' id='word_1_257' title='bbox 1205 2443 1239 2473; x_wconf 89' lang='lat' dir='ltr'>et</span> 
     </span>
     <span class='ocr_line' id='line_1_42' title="bbox 287 2493 1241 2548; baseline 0.004 -18"><span class='ocrx_word' id='word_1_258' title='bbox 287 2495 382 2546; x_wconf 83' lang='lat' dir='ltr'>piam</span> <span class='ocrx_word' id='word_1_259' title='bbox 405 2493 613 2545; x_wconf 81' lang='lat' dir='ltr'>religionem</span> <span class='ocrx_word' id='word_1_260' title='bbox 637 2493 874 2532; x_wconf 79' lang='lat' dir='ltr'>labefactant:</span> <span class='ocrx_word' id='word_1_261' title='bbox 896 2508 959 2532; x_wconf 90' lang='lat' dir='ltr'>uec</span> <span class='ocrx_word' id='word_1_262' title='bbox 978 2509 1061 2533; x_wconf 89' lang='lat' dir='ltr'>sane</span> <span class='ocrx_word' id='word_1_263' title='bbox 1078 2495 1241 2548; x_wconf 86' lang='lat' dir='ltr'>peccabit</span> 
     </span>
     <span class='ocr_line' id='line_1_43' title="bbox 286 2555 1239 2608; baseline 0.004 -17"><span class='ocrx_word' id='word_1_264' title='bbox 286 2556 348 2606; x_wconf 89' lang='lat' dir='ltr'>qui</span> <span class='ocrx_word' id='word_1_265' title='bbox 364 2569 422 2593; x_wconf 88' lang='lat' dir='ltr'>eos</span> <span class='ocrx_word' id='word_1_266' title='bbox 432 2568 637 2593; x_wconf 89' lang='lat' dir='ltr'>communes</span> <span class='ocrx_word' id='word_1_267' title='bbox 648 2555 811 2593; x_wconf 85' lang='lat' dir='ltr'>inimicos</span> <span class='ocrx_word' id='word_1_268' title='bbox 820 2555 1067 2608; x_wconf 85' lang='lat' dir='ltr'>appellaverit,</span> <span class='ocrx_word' id='word_1_269' title='bbox 1085 2557 1147 2608; x_wconf 91' lang='lat' dir='ltr'>qui</span> <span class='ocrx_word' id='word_1_270' title='bbox 1160 2556 1239 2595; x_wconf 89' lang='lat' dir='ltr'>ideo</span> 
     </span>
     <span class='ocr_line' id='line_1_44' title="bbox 287 2615 1239 2664; baseline 0.003 -11"><span class='ocrx_word' id='word_1_271' title='bbox 287 2618 415 2654; x_wconf 72' lang='lat' dir='ltr'>vivunt</span> <span class='ocrx_word' id='word_1_272' title='bbox 439 2625 478 2653; x_wconf 93' lang='lat' dir='ltr'>ut</span> <span class='ocrx_word' id='word_1_273' title='bbox 497 2623 705 2653; x_wconf 76' lang='lat' dir='ltr'>caetcrorum</span> <span class='ocrx_word' id='word_1_274' title='bbox 724 2615 829 2654; x_wconf 90' lang='lat' dir='ltr'>saluti</span> <span class='ocrx_word' id='word_1_275' title='bbox 859 2615 1113 2664; x_wconf 69' lang='lat' dir='ltr'>adversentur,</span> <span class='ocrx_word' id='word_1_276' title='bbox 1134 2631 1239 2656; x_wconf 86' lang='lat' dir='ltr'>exse-</span> 
     </span>
     <span class='ocr_line' id='line_1_45' title="bbox 288 2675 1239 2729; baseline 0 -14"><span class='ocrx_word' id='word_1_277' title='bbox 288 2676 486 2727; x_wconf 88' lang='lat' dir='ltr'>crandaque</span> <span class='ocrx_word' id='word_1_278' title='bbox 503 2690 566 2715; x_wconf 86' lang='lat' dir='ltr'>sua</span> <span class='ocrx_word' id='word_1_279' title='bbox 586 2675 765 2725; x_wconf 87' lang='lat' dir='ltr'>doctrina,</span> <span class='ocrx_word' id='word_1_280' title='bbox 783 2685 892 2727; x_wconf 87' lang='lat' dir='ltr'>atque</span> <span class='ocrx_word' id='word_1_281' title='bbox 904 2675 1146 2729; x_wconf 85' lang='lat' dir='ltr'>impurissima</span> <span class='ocrx_word' id='word_1_282' title='bbox 1166 2677 1239 2717; x_wconf 83' lang='lat' dir='ltr'>vita</span> 
     </span>
     <span class='ocr_line' id='line_1_46' title="bbox 288 2737 1012 2789; baseline -0.001 -14"><span class='ocrx_word' id='word_1_283' title='bbox 288 2751 361 2785; x_wconf 89' lang='lat' dir='ltr'>eos,</span> <span class='ocrx_word' id='word_1_284' title='bbox 380 2738 441 2788; x_wconf 88' lang='lat' dir='ltr'>qui</span> <span class='ocrx_word' id='word_1_285' title='bbox 455 2751 574 2775; x_wconf 88' lang='lat' dir='ltr'>seeum</span> <span class='ocrx_word' id='word_1_286' title='bbox 590 2737 773 2789; x_wconf 87' lang='lat' dir='ltr'>navigant,</span> <span class='ocrx_word' id='word_1_287' title='bbox 789 2737 1012 2789; x_wconf 85' lang='lat' dir='ltr'>demergunt.</span> 
     </span>
    </p>

    <p class='ocr_par' dir='ltr' id='par_1_6' title="bbox 292 2797 1242 2972">
     <span class='ocr_line' id='line_1_47' title="bbox 347 2797 1242 2850; baseline 0.001 -15"><span class='ocrx_word' id='word_1_288' title='bbox 347 2800 407 2835; x_wconf 80' lang='lat' dir='ltr'>tt.</span> <span class='ocrx_word' id='word_1_289' title='bbox 430 2801 474 2835; x_wconf 75' lang='lat' dir='ltr'>At</span> <span class='ocrx_word' id='word_1_290' title='bbox 495 2798 528 2835; x_wconf 90' lang='lat' dir='ltr'>in</span> <span class='ocrx_word' id='word_1_291' title='bbox 548 2797 770 2836; x_wconf 85' lang='lat' dir='ltr'>monasteriis</span> <span class='ocrx_word' id='word_1_292' title='bbox 789 2798 881 2836; x_wconf 84' lang='lat' dir='ltr'>nihil</span> <span class='ocrx_word' id='word_1_293' title='bbox 897 2797 1104 2850; x_wconf 86' lang='lat' dir='ltr'>hujttsmodi</span> <span class='ocrx_word' id='word_1_294' title='bbox 1120 2797 1242 2837; x_wconf 90' lang='lat' dir='ltr'>videre</span> 
     </span>
     <span class='ocr_line' id='line_1_48' title="bbox 292 2858 1241 2911; baseline 0.001 -14"><span class='ocrx_word' id='word_1_295' title='bbox 292 2868 362 2906; x_wconf 79' lang='lat' dir='ltr'>est3</span> <span class='ocrx_word' id='word_1_296' title='bbox 378 2858 438 2897; x_wconf 89' lang='lat' dir='ltr'>sed</span> <span class='ocrx_word' id='word_1_297' title='bbox 456 2858 594 2897; x_wconf 79' lang='lat' dir='ltr'>etiamsi</span> <span class='ocrx_word' id='word_1_298' title='bbox 619 2867 714 2896; x_wconf 89' lang='lat' dir='ltr'>tanta</span> <span class='ocrx_word' id='word_1_299' title='bbox 730 2868 916 2911; x_wconf 85' lang='lat' dir='ltr'>tempestas</span> <span class='ocrx_word' id='word_1_300' title='bbox 933 2859 1157 2908; x_wconf 88' lang='lat' dir='ltr'>intumescat,</span> <span class='ocrx_word' id='word_1_301' title='bbox 1175 2859 1241 2898; x_wconf 88' lang='lat' dir='ltr'>soli</span> 
     </span>
     <span class='ocr_line' id='line_1_49' title="bbox 293 2919 1242 2972; baseline 0.001 -14"><span class='ocrx_word' id='word_1_302' title='bbox 293 2934 327 2958; x_wconf 85' lang='lat' dir='ltr'>tn</span> <span class='ocrx_word' id='word_1_303' title='bbox 355 2929 458 2972; x_wconf 89' lang='lat' dir='ltr'>portu</span> <span class='ocrx_word' id='word_1_304' title='bbox 473 2949 482 2964; x_wconf 89' lang='grc'><strong>,</strong></span> <span class='ocrx_word' id='word_1_305' title='bbox 504 2919 538 2957; x_wconf 91' lang='lat' dir='ltr'>in</span> <span class='ocrx_word' id='word_1_306' title='bbox 568 2919 823 2970; x_wconf 80' lang='lat' dir='ltr'>tranquillitate</span> <span class='ocrx_word' id='word_1_307' title='bbox 846 2929 879 2958; x_wconf 92' lang='lat' dir='ltr'>et</span> <span class='ocrx_word' id='word_1_308' title='bbox 901 2921 1089 2959; x_wconf 83' lang='lat' dir='ltr'>securitate</span> <span class='ocrx_word' id='word_1_309' title='bbox 1113 2933 1242 2972; x_wconf 84' lang='lat' dir='ltr'>magna</span> 
     </span>
    </p>
   </div>
   <div class='ocr_carea' id='block_1_6' title="bbox 1266 2959 1297 2985">
    <p class='ocr_par' dir='ltr' id='par_1_7' title="bbox 1266 2959 1297 2985">
     <span class='ocr_line' id='line_1_50' title="bbox 1266 2959 1297 2985; baseline 0 0"><span class='ocrx_word' id='word_1_310' title='bbox 1266 2959 1297 2985; x_wconf 65' lang='lat'>02</span> 
     </span>
    </p>
   </div>
   <div class='ocr_carea' id='block_1_7' title="bbox 673 212 1858 248">
    <p class='ocr_par' dir='ltr' id='par_1_8' title="bbox 673 212 1858 248">
     <span class='ocr_line' id='line_1_51' title="bbox 673 212 1858 248; baseline 0.003 -5"><span class='ocrx_word' id='word_1_311' title='bbox 673 214 711 243; x_wconf 84' lang='lat' dir='ltr'>S.</span> <span class='ocrx_word' id='word_1_312' title='bbox 748 213 935 244; x_wconf 60' lang='lat' dir='ltr'>,loannis</span> <span class='ocrx_word' id='word_1_313' title='bbox 969 212 1211 243; x_wconf 69' lang='lat' dir='ltr'>cnuvsosT.</span> <span class='ocrx_word' id='word_1_314' title='bbox 1251 214 1460 245; x_wconf 74' lang='lat' dir='ltr'>Attentsst’.</span> <span class='ocrx_word' id='word_1_315' title='bbox 1498 215 1858 248; x_wconf 70' lang='lat' dir='ltr'>CONSTANTtNOP.</span> 
     </span>
    </p>
   </div>
   <div class='ocr_carea' id='block_1_8' title="bbox 1312 298 2344 2567">
    <p class='ocr_par' dir='ltr' id='par_1_9' title="bbox 1312 298 2344 2567">
     <span class='ocr_line' id='line_1_52' title="bbox 1312 298 2336 353; baseline 0.007 -17"><span class='ocrx_word' id='word_1_316' title='bbox 1312 299 1450 346; x_wconf 70' lang='grc' dir='ltr'><strong>ζητεῖν,</strong></span> <span class='ocrx_word' id='word_1_317' title='bbox 1465 298 1572 338; x_wconf 78' lang='grc' dir='ltr'><strong>πόθεν</strong></span> <span class='ocrx_word' id='word_1_318' title='bbox 1596 299 1642 338; x_wconf 76' lang='grc' dir='ltr'>τὰ</span> <span class='ocrx_word' id='word_1_319' title='bbox 1671 299 1777 339; x_wconf 84' lang='grc' dir='ltr'><strong>κακά.</strong></span> <span class='ocrx_word' id='word_1_320' title='bbox 1800 301 1928 339; x_wconf 76' lang='grc' dir='ltr'><strong>Κακῶν</strong></span> <span class='ocrx_word' id='word_1_321' title='bbox 1949 299 2018 353; x_wconf 77' lang='grc' dir='ltr'>γὰρ</span> <span class='ocrx_word' id='word_1_322' title='bbox 2050 302 2114 341; x_wconf 71' lang='grc' dir='ltr'>οὐκ</span> <span class='ocrx_word' id='word_1_323' title='bbox 2130 303 2239 341; x_wconf 77' lang='grc' dir='ltr'><strong>ὄντων</strong></span> <span class='ocrx_word' id='word_1_324' title='bbox 2258 298 2336 342; x_wconf 62' lang='grc' dir='ltr'>οὖδὲ</span> 
     </span>
     <span class='ocr_line' id='line_1_53' title="bbox 1313 359 2337 413; baseline 0.004 -15"><span class='ocrx_word' id='word_1_325' title='bbox 1313 359 1551 412; x_wconf 71' lang='grc' dir='ltr'><strong>φαινομένων,</strong></span> <span class='ocrx_word' id='word_1_326' title='bbox 1567 360 1618 405; x_wconf 83' lang='grc' dir='ltr'>τίς</span> <span class='ocrx_word' id='word_1_327' title='bbox 1633 361 1675 400; x_wconf 71' lang='grc' dir='ltr'>ἂν</span> <span class='ocrx_word' id='word_1_328' title='bbox 1696 361 1857 413; x_wconf 69' lang='grc' dir='ltr'><strong>προήχθη</strong></span> <span class='ocrx_word' id='word_1_329' title='bbox 1875 361 1939 408; x_wconf 78' lang='grc' dir='ltr'>τὴν</span> <span class='ocrx_word' id='word_1_330' title='bbox 1959 362 2075 402; x_wconf 73' lang='grc' dir='ltr'><strong>αἰτίαν</strong></span> <span class='ocrx_word' id='word_1_331' title='bbox 2096 365 2246 412; x_wconf 77' lang='grc' dir='ltr'><strong>ζητῆσαι</strong></span> <span class='ocrx_word' id='word_1_332' title='bbox 2265 367 2337 403; x_wconf 80' lang='grc' dir='ltr'>τῶν</span> 
     </span>
     <span class='ocr_line' id='line_1_54' title="bbox 1314 423 2341 478; baseline 0.007 -20"><span class='ocrx_word' id='word_1_333' title='bbox 1314 426 1454 470; x_wconf 82' lang='grc' dir='ltr'><strong>κακῶν,</strong></span> <span class='ocrx_word' id='word_1_334' title='bbox 1468 423 1527 462; x_wconf 82' lang='grc' dir='ltr'>καὶ</span> <span class='ocrx_word' id='word_1_335' title='bbox 1548 423 1671 475; x_wconf 81' lang='grc' dir='ltr'><strong>μυρίας</strong></span> <span class='ocrx_word' id='word_1_336' title='bbox 1686 424 1756 462; x_wconf 75' lang='grc' dir='ltr'>ἀπὸ</span> <span class='ocrx_word' id='word_1_337' title='bbox 1773 427 1836 470; x_wconf 74' lang='grc' dir='ltr'><strong>τῆς</strong></span> <span class='ocrx_word' id='word_1_338' title='bbox 1855 423 2033 470; x_wconf 60' lang='grc' dir='ltr'><strong>ζηῐῆσεως</strong></span> <span class='ocrx_word' id='word_1_339' title='bbox 2047 424 2175 473; x_wconf 79' lang='grc' dir='ltr'><strong>ταύτης</strong></span> <span class='ocrx_word' id='word_1_340' title='bbox 2189 425 2341 478; x_wconf 77' lang='grc' dir='ltr'>αἱρέσεις</span> 
     </span>
     <span class='ocr_line' id='line_1_55' title="bbox 1315 484 2338 537; baseline 0.003 -15"><span class='ocrx_word' id='word_1_341' title='bbox 1315 485 1569 532; x_wconf 63' lang='grc' dir='ltr'><strong>’ἀνατίλλειη</strong></span> <span class='ocrx_word' id='word_1_342' title='bbox 1592 484 1663 523; x_wconf 71' lang='grc' dir='ltr'>Καὶ</span> <span class='ocrx_word' id='word_1_343' title='bbox 1693 484 1762 536; x_wconf 78' lang='grc' dir='ltr'>γὰρ</span> <span class='ocrx_word' id='word_1_344' title='bbox 1795 484 1987 537; x_wconf 82' lang='grc' dir='ltr'><strong>Μαρκίων,</strong></span> <span class='ocrx_word' id='word_1_345' title='bbox 2015 485 2075 524; x_wconf 75' lang='grc' dir='ltr'>καὶ</span> <span class='ocrx_word' id='word_1_346' title='bbox 2109 485 2255 536; x_wconf 83' lang='grc' dir='ltr'><strong>Μάνης,</strong></span> <span class='ocrx_word' id='word_1_347' title='bbox 2278 486 2338 525; x_wconf 75' lang='grc' dir='ltr'>καὶ</span> 
     </span>
     <span class='ocr_line' id='line_1_56' title="bbox 1315 544 2340 594; baseline 0 -10"><span class='ocrx_word' id='word_1_348' title='bbox 1315 547 1566 594; x_wconf 77' lang='grc' dir='ltr'><strong>Οὖαλεντὶνος,</strong></span> <span class='ocrx_word' id='word_1_349' title='bbox 1582 546 1643 584; x_wconf 79' lang='grc' dir='ltr'>καὶ</span> <span class='ocrx_word' id='word_1_350' title='bbox 1673 548 1741 584; x_wconf 83' lang='grc' dir='ltr'>τῶν</span> <span class='ocrx_word' id='word_1_351' title='bbox 1756 544 1941 592; x_wconf 73' lang='grc' dir='ltr'><strong>Ἑλλήνων</strong></span> <span class='ocrx_word' id='word_1_352' title='bbox 1958 549 1991 585; x_wconf 78' lang='grc' dir='ltr'>οἰ</span> <span class='ocrx_word' id='word_1_353' title='bbox 2014 546 2155 592; x_wconf 81' lang='grc' dir='ltr'><strong>πλείους</strong></span> <span class='ocrx_word' id='word_1_354' title='bbox 2182 550 2340 587; x_wconf 73' lang='grc' dir='ltr'><strong>ἐντεῦθεν</strong></span> 
     </span>
     <span class='ocr_line' id='line_1_57' title="bbox 1315 606 2342 661; baseline 0.003 -16"><span class='ocrx_word' id='word_1_355' title='bbox 1315 606 1441 646; x_wconf 80' lang='grc' dir='ltr'><strong>ἔλαὸον</strong></span> <span class='ocrx_word' id='word_1_356' title='bbox 1459 606 1523 654; x_wconf 90' lang='grc' dir='ltr'>τὴν</span> <span class='ocrx_word' id='word_1_357' title='bbox 1553 606 1678 659; x_wconf 67' lang='grc' dir='ltr'><strong>ἀρχήν.</strong></span> <span class='ocrx_word' id='word_1_358' title='bbox 1712 608 1753 645; x_wconf 64' lang='lat' dir='ltr'>lii</span> <span class='ocrx_word' id='word_1_359' title='bbox 1789 607 1824 646; x_wconf 75' lang='grc' dir='ltr'>δὲ</span> <span class='ocrx_word' id='word_1_360' title='bbox 1856 607 1984 651; x_wconf 84' lang='grc' dir='ltr'><strong>πάντες</strong></span> <span class='ocrx_word' id='word_1_361' title='bbox 2010 607 2342 661; x_wconf 72' lang='grc' dir='ltr'><strong>ἐφιλοσόφουν,οὗκ</strong></span> 
     </span>
     <span class='ocr_line' id='line_1_58' title="bbox 1317 668 2341 720; baseline 0.001 -12"><span class='ocrx_word' id='word_1_362' title='bbox 1317 671 1397 715; x_wconf 77' lang='grc' dir='ltr'><strong>ε’νῆν</strong></span> <span class='ocrx_word' id='word_1_363' title='bbox 1415 673 1527 708; x_wconf 79' lang='grc' dir='ltr'><strong>ταῦτα</strong></span> <span class='ocrx_word' id='word_1_364' title='bbox 1545 671 1681 716; x_wconf 77' lang='grc' dir='ltr'><strong>ζητεῖν,</strong></span> <span class='ocrx_word' id='word_1_365' title='bbox 1704 668 1783 707; x_wconf 73' lang='grc' dir='ltr'><strong>ἀλλ’</strong></span> <span class='ocrx_word' id='word_1_366' title='bbox 1801 670 1832 706; x_wconf 85' lang='grc' dir='ltr'>εί</span> <span class='ocrx_word' id='word_1_367' title='bbox 1861 669 1921 707; x_wconf 81' lang='grc' dir='ltr'>καὶ</span> <span class='ocrx_word' id='word_1_368' title='bbox 1941 669 2145 720; x_wconf 75' lang='grc' dir='ltr'><strong>μηδαμόθεν</strong></span> <span class='ocrx_word' id='word_1_369' title='bbox 2176 670 2341 717; x_wconf 78' lang='grc' dir='ltr'><strong>ἄλλοθεν,</strong></span> 
     </span>
     <span class='ocr_line' id='line_1_59' title="bbox 1317 730 2340 783; baseline -0.001 -13"><span class='ocrx_word' id='word_1_370' title='bbox 1317 731 1388 770; x_wconf 74' lang='grc' dir='ltr'><strong>α’πὸ</strong></span> <span class='ocrx_word' id='word_1_371' title='bbox 1412 735 1494 782; x_wconf 75' lang='grc' dir='ltr'><strong>γοῦν</strong></span> <span class='ocrx_word' id='word_1_372' title='bbox 1526 733 1590 775; x_wconf 67' lang='grc' dir='ltr'>τῆς</span> <span class='ocrx_word' id='word_1_373' title='bbox 1615 730 1766 783; x_wconf 78' lang='grc' dir='ltr'><strong>ἀρίστης</strong></span> <span class='ocrx_word' id='word_1_374' title='bbox 1794 730 1925 778; x_wconf 79' lang='grc' dir='ltr'><strong>ταύτης</strong></span> <span class='ocrx_word' id='word_1_375' title='bbox 1953 730 2131 775; x_wconf 83' lang='grc' dir='ltr'><strong>πολιτείας</strong></span> <span class='ocrx_word' id='word_1_376' title='bbox 2150 730 2278 783; x_wconf 71' lang='grc' dir='ltr'><strong>ἔμαθον</strong></span> <span class='ocrx_word' id='word_1_377' title='bbox 2297 731 2340 769; x_wconf 77' lang='grc' dir='ltr'>ἂν</span> 
     </span>
     <span class='ocr_line' id='line_1_60' title="bbox 1318 792 2342 844; baseline 0.001 -13"><span class='ocrx_word' id='word_1_378' title='bbox 1318 793 1489 837; x_wconf 80' lang='grc' dir='ltr'><strong>ἅπαντες,</strong></span> <span class='ocrx_word' id='word_1_379' title='bbox 1509 793 1560 831; x_wconf 75' lang='grc' dir='ltr'>ὅτι</span> <span class='ocrx_word' id='word_1_380' title='bbox 1581 793 1649 830; x_wconf 74' lang='grc' dir='ltr'>ὑπὸ</span> <span class='ocrx_word' id='word_1_381' title='bbox 1679 795 1762 843; x_wconf 74' lang='grc' dir='ltr'>Θεῷ</span> <span class='ocrx_word' id='word_1_382' title='bbox 1783 793 1896 842; x_wconf 80' lang='grc' dir='ltr'><strong>ζῶμεν</strong></span> <span class='ocrx_word' id='word_1_383' title='bbox 1918 794 2075 844; x_wconf 81' lang='grc' dir='ltr'><strong>βασιλεῖ,</strong></span> <span class='ocrx_word' id='word_1_384' title='bbox 2099 793 2160 831; x_wconf 82' lang='grc' dir='ltr'>καὶ</span> <span class='ocrx_word' id='word_1_385' title='bbox 2177 792 2222 832; x_wconf 73' lang='grc' dir='ltr'>τὰ</span> <span class='ocrx_word' id='word_1_386' title='bbox 2246 792 2342 844; x_wconf 69' lang='grc' dir='ltr'><strong>ἠμέ-</strong></span> 
     </span>
     <span class='ocr_line' id='line_1_61' title="bbox 1318 848 2342 907; baseline -0.002 -14"><span class='ocrx_word' id='word_1_387' title='bbox 1318 870 1403 906; x_wconf 88' lang='grc' dir='ltr'><strong>τερα</strong></span> <span class='ocrx_word' id='word_1_388' title='bbox 1421 848 1519 897; x_wconf 72' lang='grc' dir='ltr'><strong>οὗτος</strong></span> <span class='ocrx_word' id='word_1_389' title='bbox 1550 854 1672 892; x_wconf 76' lang='grc' dir='ltr'>διοικεῖ</span> <span class='ocrx_word' id='word_1_390' title='bbox 1692 854 1752 892; x_wconf 83' lang='grc' dir='ltr'>καὶ</span> <span class='ocrx_word' id='word_1_391' title='bbox 1770 854 1922 907; x_wconf 73' lang='grc' dir='ltr'><strong>κυὸερνᾷ</strong></span> <span class='ocrx_word' id='word_1_392' title='bbox 1953 854 2148 907; x_wconf 82' lang='grc' dir='ltr'><strong>πράγματα</strong></span> <span class='ocrx_word' id='word_1_393' title='bbox 2167 853 2259 893; x_wconf 72' lang='grc' dir='ltr'><strong>κατὰ</strong></span> <span class='ocrx_word' id='word_1_394' title='bbox 2276 854 2342 902; x_wconf 65' lang='grc' dir='ltr'>τὴν</span> 
     </span>
     <span class='ocr_line' id='line_1_62' title="bbox 1319 915 2340 966; baseline 0.001 -12"><span class='ocrx_word' id='word_1_395' title='bbox 1319 917 1423 955; x_wconf 79' lang='grc' dir='ltr'><strong>αὐτοῦ</strong></span> <span class='ocrx_word' id='word_1_396' title='bbox 1451 915 1573 966; x_wconf 73' lang='grc' dir='ltr'><strong>σοφίαν</strong></span> <span class='ocrx_word' id='word_1_397' title='bbox 1592 915 1652 953; x_wconf 79' lang='grc' dir='ltr'>καὶ</span> <span class='ocrx_word' id='word_1_398' title='bbox 1670 915 1808 954; x_wconf 82' lang='grc' dir='ltr'><strong>σύνεσιν</strong></span> <span class='ocrx_word' id='word_1_399' title='bbox 1824 929 1830 936; x_wconf 94' lang='grc'><strong><em>·</em></strong></span> <span class='ocrx_word' id='word_1_400' title='bbox 1850 917 1869 934; x_wconf 75' lang='lat'>&#39;</span> <span class='ocrx_word' id='word_1_401' title='bbox 1888 916 1907 954; x_wconf 84' lang='grc' dir='ltr'>ὃ</span> <span class='ocrx_word' id='word_1_402' title='bbox 1925 921 2073 954; x_wconf 80' lang='grc' dir='ltr'><strong>κινεῖται</strong></span> <span class='ocrx_word' id='word_1_403' title='bbox 2094 915 2156 966; x_wconf 73' lang='grc' dir='ltr'>μὲν</span> <span class='ocrx_word' id='word_1_404' title='bbox 2176 916 2237 955; x_wconf 67' lang='grc' dir='ltr'>καὶ</span> <span class='ocrx_word' id='word_1_405' title='bbox 2254 920 2314 955; x_wconf 76' lang='grc' dir='ltr'>νῦν</span> <span class='ocrx_word' id='word_1_406' title='bbox 2329 945 2340 963; x_wconf 89' lang='grc'><strong>,</strong></span> 
     </span>
     <span class='ocr_line' id='line_1_63' title="bbox 1318 977 2342 1031; baseline 0.001 -16"><span class='ocrx_word' id='word_1_407' title='bbox 1318 978 1478 1030; x_wconf 74' lang='grc' dir='ltr'><strong>φαίνεται</strong></span> <span class='ocrx_word' id='word_1_408' title='bbox 1516 979 1551 1017; x_wconf 82' lang='grc' dir='ltr'>δὲ</span> <span class='ocrx_word' id='word_1_409' title='bbox 1583 979 1620 1017; x_wconf 81' lang='grc' dir='ltr'>οὗ</span> <span class='ocrx_word' id='word_1_410' title='bbox 1651 978 1778 1031; x_wconf 73' lang='grc' dir='ltr'><strong>ῥαδίως</strong></span> <span class='ocrx_word' id='word_1_411' title='bbox 1806 977 1863 1016; x_wconf 71' lang='grc' dir='ltr'><strong>διὰ</strong></span> <span class='ocrx_word' id='word_1_412' title='bbox 1896 977 1959 1024; x_wconf 69' lang='grc' dir='ltr'>τὴν</span> <span class='ocrx_word' id='word_1_413' title='bbox 1985 977 2120 1024; x_wconf 69' lang='grc' dir='ltr'><strong>πολλὴν</strong></span> <span class='ocrx_word' id='word_1_414' title='bbox 2148 977 2281 1030; x_wconf 74' lang='grc' dir='ltr'><strong>ἀχλὺν,</strong></span> <span class='ocrx_word' id='word_1_415' title='bbox 2298 979 2342 1026; x_wconf 68' lang='grc' dir='ltr'>ἦν</span> 
     </span>
     <span class='ocr_line' id='line_1_64' title="bbox 1318 1035 2341 1092; baseline 0 -13"><span class='ocrx_word' id='word_1_416' title='bbox 1318 1040 1578 1079; x_wconf 69' lang='grc' dir='ltr'><strong>κατεσκέδασαν</strong></span> <span class='ocrx_word' id='word_1_417' title='bbox 1602 1035 1697 1078; x_wconf 70' lang='grc' dir='ltr'><strong>οὗτοι</strong></span> <span class='ocrx_word' id='word_1_418' title='bbox 1717 1043 1780 1086; x_wconf 75' lang='grc' dir='ltr'>τῆς</span> <span class='ocrx_word' id='word_1_419' title='bbox 1798 1040 2004 1090; x_wconf 72' lang='grc' dir='ltr'><strong>οἰκουμένης</strong></span> <span class='ocrx_word' id='word_1_420' title='bbox 2023 1039 2182 1087; x_wconf 80' lang='grc' dir='ltr'><strong>ἁπάσης·</strong></span> <span class='ocrx_word' id='word_1_421' title='bbox 2197 1041 2227 1079; x_wconf 76' lang='grc' dir='ltr'>εἰ</span> <span class='ocrx_word' id='word_1_422' title='bbox 2237 1039 2272 1079; x_wconf 60' lang='grc' dir='ltr'>δὲ</span> <span class='ocrx_word' id='word_1_423' title='bbox 2291 1040 2341 1092; x_wconf 74' lang='grc' dir='ltr'><strong>μὴ</strong></span> 
     </span>
     <span class='ocr_line' id='line_1_65' title="bbox 1319 1096 2342 1154; baseline 0.001 -15"><span class='ocrx_word' id='word_1_424' title='bbox 1319 1104 1421 1140; x_wconf 77' lang='grc' dir='ltr'><strong>τοῦτο</strong></span> <span class='ocrx_word' id='word_1_425' title='bbox 1439 1096 1481 1149; x_wconf 75' lang='grc' dir='ltr'>ἦν</span> <span class='ocrx_word' id='word_1_426' title='bbox 1496 1129 1505 1146; x_wconf 93' lang='grc'><strong>,</strong></span> <span class='ocrx_word' id='word_1_427' title='bbox 1524 1102 1682 1154; x_wconf 86' lang='grc' dir='ltr'><strong>καθάπερ</strong></span> <span class='ocrx_word' id='word_1_428' title='bbox 1708 1103 1743 1140; x_wconf 83' lang='grc' dir='ltr'>ἐν</span> <span class='ocrx_word' id='word_1_429' title='bbox 1763 1105 1914 1154; x_wconf 72' lang='grc' dir='ltr'><strong>σταθερᾷ</strong></span> <span class='ocrx_word' id='word_1_430' title='bbox 1931 1101 2134 1153; x_wconf 70' lang='grc' dir='ltr'><strong>μεσημὸρία</strong></span> <span class='ocrx_word' id='word_1_431' title='bbox 2155 1102 2214 1140; x_wconf 76' lang='grc' dir='ltr'>καὶ</span> <span class='ocrx_word' id='word_1_432' title='bbox 2233 1103 2342 1153; x_wconf 79' lang='grc' dir='ltr'><strong>λευκῇ</strong></span> 
     </span>
     <span class='ocr_line' id='line_1_66' title="bbox 1317 1162 2342 1216; baseline 0.001 -16"><span class='ocrx_word' id='word_1_433' title='bbox 1317 1163 1453 1214; x_wconf 76' lang='grc' dir='ltr'><strong>γαλήνῃ</strong></span> <span class='ocrx_word' id='word_1_434' title='bbox 1478 1170 1584 1201; x_wconf 70' lang='grc' dir='ltr'><strong>πᾶσιν</strong></span> <span class='ocrx_word' id='word_1_435' title='bbox 1616 1164 1656 1200; x_wconf 78' lang='grc' dir='ltr'>ἂν</span> <span class='ocrx_word' id='word_1_436' title='bbox 1676 1166 1698 1209; x_wconf 83' lang='grc' dir='ltr'>ἡ</span> <span class='ocrx_word' id='word_1_437' title='bbox 1728 1167 1789 1201; x_wconf 78' lang='grc' dir='ltr'>τοῦ</span> <span class='ocrx_word' id='word_1_438' title='bbox 1815 1165 1910 1201; x_wconf 71' lang='grc' dir='ltr'><strong>Θεοῦ</strong></span> <span class='ocrx_word' id='word_1_439' title='bbox 1936 1163 2083 1214; x_wconf 86' lang='grc' dir='ltr'><strong>πρόνοια</strong></span> <span class='ocrx_word' id='word_1_440' title='bbox 2116 1162 2277 1216; x_wconf 76' lang='grc' dir='ltr'><strong>διεφάνη.</strong></span> <span class='ocrx_word' id='word_1_441' title='bbox 2298 1164 2342 1203; x_wconf 78' lang='grc' dir='ltr'>Εἰ</span> 
     </span>
     <span class='ocr_line' id='line_1_67' title="bbox 1318 1219 2341 1277; baseline 0.001 -15"><span class='ocrx_word' id='word_1_442' title='bbox 1318 1224 1385 1277; x_wconf 81' lang='grc' dir='ltr'>γὰρ</span> <span class='ocrx_word' id='word_1_443' title='bbox 1404 1226 1493 1274; x_wconf 75' lang='grc' dir='ltr'><strong>μήτε</strong></span> <span class='ocrx_word' id='word_1_444' title='bbox 1527 1224 1738 1276; x_wconf 77' lang='grc' dir='ltr'><strong>δικαστήρια</strong></span> <span class='ocrx_word' id='word_1_445' title='bbox 1757 1219 1812 1271; x_wconf 70' lang='grc' dir='ltr'>ἦν,</span> <span class='ocrx_word' id='word_1_446' title='bbox 1831 1224 1920 1274; x_wconf 79' lang='grc' dir='ltr'><strong>μήτε</strong></span> <span class='ocrx_word' id='word_1_447' title='bbox 1939 1224 2145 1276; x_wconf 67' lang='grc' dir='ltr'><strong>κατήγοροι,</strong></span> <span class='ocrx_word' id='word_1_448' title='bbox 2168 1224 2257 1275; x_wconf 79' lang='grc' dir='ltr'><strong>μήτε</strong></span> <span class='ocrx_word' id='word_1_449' title='bbox 2278 1241 2341 1264; x_wconf 83' lang='grc' dir='ltr'>συ-</span> 
     </span>
     <span class='ocr_line' id='line_1_68' title="bbox 1317 1285 2342 1339; baseline 0.001 -14"><span class='ocrx_word' id='word_1_450' title='bbox 1317 1286 1509 1338; x_wconf 76' lang='grc' dir='ltr'><strong>κοφάνται,</strong></span> <span class='ocrx_word' id='word_1_451' title='bbox 1531 1287 1580 1337; x_wconf 87' lang='grc' dir='ltr'><strong>μὴ</strong></span> <span class='ocrx_word' id='word_1_452' title='bbox 1603 1285 1747 1337; x_wconf 81' lang='grc' dir='ltr'><strong>βάσανοι</strong></span> <span class='ocrx_word' id='word_1_453' title='bbox 1763 1286 1823 1324; x_wconf 80' lang='grc' dir='ltr'>καὶ</span> <span class='ocrx_word' id='word_1_454' title='bbox 1841 1286 2027 1337; x_wconf 73' lang='grc' dir='ltr'><strong>τιμωρίαι,</strong></span> <span class='ocrx_word' id='word_1_455' title='bbox 2047 1286 2097 1337; x_wconf 79' lang='grc' dir='ltr'><strong>μὴ</strong></span> <span class='ocrx_word' id='word_1_456' title='bbox 2114 1286 2342 1339; x_wconf 70' lang='grc' dir='ltr'><strong>δεσμωτήρια</strong></span> 
     </span>
     <span class='ocr_line' id='line_1_69' title="bbox 1317 1345 2343 1400; baseline 0.002 -15"><span class='ocrx_word' id='word_1_457' title='bbox 1317 1347 1377 1385; x_wconf 75' lang='grc' dir='ltr'>καὶ</span> <span class='ocrx_word' id='word_1_458' title='bbox 1404 1348 1578 1394; x_wconf 83' lang='grc' dir='ltr'><strong>κολάσεις,</strong></span> <span class='ocrx_word' id='word_1_459' title='bbox 1600 1346 1648 1397; x_wconf 84' lang='grc' dir='ltr'><strong>μὴ</strong></span> <span class='ocrx_word' id='word_1_460' title='bbox 1678 1345 1864 1397; x_wconf 79' lang='grc' dir='ltr'><strong>δημεύσεις</strong></span> <span class='ocrx_word' id='word_1_461' title='bbox 1893 1347 1953 1385; x_wconf 76' lang='grc' dir='ltr'>καὶ</span> <span class='ocrx_word' id='word_1_462' title='bbox 1982 1347 2128 1397; x_wconf 79' lang='grc' dir='ltr'><strong>ζημίαι,</strong></span> <span class='ocrx_word' id='word_1_463' title='bbox 2157 1347 2207 1398; x_wconf 81' lang='grc' dir='ltr'><strong>μὴ</strong></span> <span class='ocrx_word' id='word_1_464' title='bbox 2241 1347 2343 1400; x_wconf 76' lang='grc' dir='ltr'><strong>φόὸοι</strong></span> 
     </span>
     <span class='ocr_line' id='line_1_70' title="bbox 1316 1408 2344 1460; baseline 0.002 -14"><span class='ocrx_word' id='word_1_465' title='bbox 1316 1408 1376 1447; x_wconf 79' lang='grc' dir='ltr'>καὶ</span> <span class='ocrx_word' id='word_1_466' title='bbox 1396 1408 1575 1460; x_wconf 69' lang='grc' dir='ltr'><strong>κίνδυνοι,</strong></span> <span class='ocrx_word' id='word_1_467' title='bbox 1605 1409 1654 1459; x_wconf 84' lang='grc' dir='ltr'><strong>μὴ</strong></span> <span class='ocrx_word' id='word_1_468' title='bbox 1675 1409 1819 1460; x_wconf 75' lang='grc' dir='ltr'><strong>ἔχθραι,</strong></span> <span class='ocrx_word' id='word_1_469' title='bbox 1841 1408 1891 1458; x_wconf 79' lang='grc' dir='ltr'><strong>μὴ</strong></span> <span class='ocrx_word' id='word_1_470' title='bbox 1920 1408 2128 1455; x_wconf 69' lang='grc' dir='ltr'><strong>ἐπιδουλαὶ,</strong></span> <span class='ocrx_word' id='word_1_471' title='bbox 2153 1408 2202 1459; x_wconf 86' lang='grc' dir='ltr'><strong>μὴ</strong></span> <span class='ocrx_word' id='word_1_472' title='bbox 2225 1409 2344 1448; x_wconf 83' lang='grc' dir='ltr'><strong>λοιδο-</strong></span> 
     </span>
     <span class='ocr_line' id='line_1_71' title="bbox 1318 1468 2342 1522; baseline 0.003 -15"><span class='ocrx_word' id='word_1_473' title='bbox 1318 1469 1389 1522; x_wconf 87' lang='grc' dir='ltr'><strong>ρίαι</strong></span> <span class='ocrx_word' id='word_1_474' title='bbox 1410 1471 1470 1508; x_wconf 79' lang='grc' dir='ltr'>καὶ</span> <span class='ocrx_word' id='word_1_475' title='bbox 1501 1475 1623 1521; x_wconf 81' lang='grc' dir='ltr'><strong>μῖσος,</strong></span> <span class='ocrx_word' id='word_1_476' title='bbox 1645 1468 1694 1520; x_wconf 79' lang='grc' dir='ltr'><strong>μὴ</strong></span> <span class='ocrx_word' id='word_1_477' title='bbox 1725 1470 1822 1520; x_wconf 80' lang='grc' dir='ltr'><strong>λιμοὶ</strong></span> <span class='ocrx_word' id='word_1_478' title='bbox 1841 1469 1900 1508; x_wconf 81' lang='grc' dir='ltr'>καὶ</span> <span class='ocrx_word' id='word_1_479' title='bbox 1930 1470 2071 1520; x_wconf 82' lang='grc' dir='ltr'><strong>λοιμοὶ,</strong></span> <span class='ocrx_word' id='word_1_480' title='bbox 2089 1470 2171 1521; x_wconf 83' lang='grc' dir='ltr'><strong>μηδ’</strong></span> <span class='ocrx_word' id='word_1_481' title='bbox 2200 1470 2287 1510; x_wconf 78' lang='grc' dir='ltr'><strong>ἄλλο</strong></span> <span class='ocrx_word' id='word_1_482' title='bbox 2307 1487 2342 1510; x_wconf 88' lang='grc' dir='ltr'>τι</span> 
     </span>
     <span class='ocr_line' id='line_1_72' title="bbox 1314 1530 2342 1584; baseline 0.002 -14"><span class='ocrx_word' id='word_1_483' title='bbox 1314 1535 1384 1570; x_wconf 81' lang='grc' dir='ltr'>τῶν</span> <span class='ocrx_word' id='word_1_484' title='bbox 1402 1532 1705 1584; x_wconf 79' lang='grc' dir='ltr'><strong>ἀπηριθμημένων</strong></span> <span class='ocrx_word' id='word_1_485' title='bbox 1728 1532 1849 1570; x_wconf 78' lang='grc' dir='ltr'><strong>δεινῶν</strong></span> <span class='ocrx_word' id='word_1_486' title='bbox 1861 1561 1871 1580; x_wconf 91' lang='grc'><strong>,</strong></span> <span class='ocrx_word' id='word_1_487' title='bbox 1888 1531 1979 1570; x_wconf 77' lang='grc' dir='ltr'><strong>ἀλλὰ</strong></span> <span class='ocrx_word' id='word_1_488' title='bbox 1995 1530 2122 1575; x_wconf 87' lang='grc' dir='ltr'><strong>πάντες</strong></span> <span class='ocrx_word' id='word_1_489' title='bbox 2138 1534 2215 1583; x_wconf 84' lang='grc' dir='ltr'><strong>μετ’</strong></span> <span class='ocrx_word' id='word_1_490' title='bbox 2233 1534 2342 1572; x_wconf 73' lang='grc' dir='ltr'><strong>ἐπιει-</strong></span> 
     </span>
     <span class='ocr_line' id='line_1_73' title="bbox 1315 1592 2340 1645; baseline 0.002 -13"><span class='ocrx_word' id='word_1_491' title='bbox 1315 1593 1412 1637; x_wconf 83' lang='grc' dir='ltr'><strong>κείας</strong></span> <span class='ocrx_word' id='word_1_492' title='bbox 1443 1594 1529 1638; x_wconf 80' lang='grc' dir='ltr'><strong>ἔζων</strong></span> <span class='ocrx_word' id='word_1_493' title='bbox 1555 1597 1619 1641; x_wconf 80' lang='grc' dir='ltr'>τῆς</span> <span class='ocrx_word' id='word_1_494' title='bbox 1650 1594 1915 1645; x_wconf 85' lang='grc' dir='ltr'><strong>προσηκούσης,</strong></span> <span class='ocrx_word' id='word_1_495' title='bbox 1945 1593 1996 1637; x_wconf 84' lang='grc' dir='ltr'>τίς</span> <span class='ocrx_word' id='word_1_496' title='bbox 2027 1593 2068 1631; x_wconf 81' lang='grc' dir='ltr'>ἂν</span> <span class='ocrx_word' id='word_1_497' title='bbox 2095 1595 2165 1632; x_wconf 81' lang='grc' dir='ltr'>τῶν</span> <span class='ocrx_word' id='word_1_498' title='bbox 2200 1592 2340 1639; x_wconf 80' lang='grc' dir='ltr'><strong>ζώντων</strong></span> 
     </span>
     <span class='ocr_line' id='line_1_74' title="bbox 1314 1655 2341 1710; baseline 0.001 -16"><span class='ocrx_word' id='word_1_499' title='bbox 1314 1656 1480 1695; x_wconf 77' lang='grc' dir='ltr'><strong>ἁπάντων</strong></span> <span class='ocrx_word' id='word_1_500' title='bbox 1499 1655 1751 1708; x_wconf 68' lang='grc' dir='ltr'><strong>ἠμφισὸήτησε</strong></span> <span class='ocrx_word' id='word_1_501' title='bbox 1770 1656 1850 1708; x_wconf 80' lang='grc' dir='ltr'><strong>περὶ</strong></span> <span class='ocrx_word' id='word_1_502' title='bbox 1869 1658 1932 1701; x_wconf 80' lang='grc' dir='ltr'>τῆς</span> <span class='ocrx_word' id='word_1_503' title='bbox 1961 1659 2021 1694; x_wconf 80' lang='grc' dir='ltr'>τοῦ</span> <span class='ocrx_word' id='word_1_504' title='bbox 2046 1657 2139 1694; x_wconf 75' lang='grc' dir='ltr'><strong>θεοῦ</strong></span> <span class='ocrx_word' id='word_1_505' title='bbox 2156 1656 2341 1710; x_wconf 84' lang='grc' dir='ltr'><strong>προνοίας;</strong></span> 
     </span>
     <span class='ocr_line' id='line_1_75' title="bbox 1314 1711 2338 1767; baseline 0 -11"><span class='ocrx_word' id='word_1_506' title='bbox 1314 1718 1393 1756; x_wconf 78' lang='grc' dir='ltr'><strong>Οὐκ</strong></span> <span class='ocrx_word' id='word_1_507' title='bbox 1415 1716 1510 1756; x_wconf 82' lang='grc' dir='ltr'><strong>ἔστιν</strong></span> <span class='ocrx_word' id='word_1_508' title='bbox 1530 1717 1653 1760; x_wconf 81' lang='grc' dir='ltr'><strong>οὐδείς.</strong></span> <span class='ocrx_word' id='word_1_509' title='bbox 1676 1717 1763 1755; x_wconf 75' lang='grc' dir='ltr'><strong>Νυνὶ</strong></span> <span class='ocrx_word' id='word_1_510' title='bbox 1781 1716 1816 1756; x_wconf 81' lang='grc' dir='ltr'>δὲ</span> <span class='ocrx_word' id='word_1_511' title='bbox 1836 1716 1941 1755; x_wconf 80' lang='grc' dir='ltr'>ταύτὸ</span> <span class='ocrx_word' id='word_1_512' title='bbox 1970 1716 2179 1767; x_wconf 71' lang='grc' dir='ltr'><strong>συμὸαίνει,</strong></span> <span class='ocrx_word' id='word_1_513' title='bbox 2207 1711 2277 1757; x_wconf 71' lang='grc' dir='ltr'><strong>οἷον</strong></span> <span class='ocrx_word' id='word_1_514' title='bbox 2296 1718 2338 1756; x_wconf 75' lang='grc' dir='ltr'>ἂν</span> 
     </span>
     <span class='ocr_line' id='line_1_76' title="bbox 1315 1778 2340 1831; baseline 0 -14"><span class='ocrx_word' id='word_1_515' title='bbox 1315 1780 1344 1817; x_wconf 84' lang='grc' dir='ltr'>εἰ</span> <span class='ocrx_word' id='word_1_516' title='bbox 1363 1781 1534 1831; x_wconf 75' lang='grc' dir='ltr'><strong>χειμῶνος</strong></span> <span class='ocrx_word' id='word_1_517' title='bbox 1559 1778 1818 1822; x_wconf 68' lang='grc' dir='ltr'><strong>καταλαὸόντος</strong></span> <span class='ocrx_word' id='word_1_518' title='bbox 1837 1779 2016 1830; x_wconf 79' lang='grc' dir='ltr'><strong>ἐργάζοιτο</strong></span> <span class='ocrx_word' id='word_1_519' title='bbox 2041 1778 2104 1829; x_wconf 81' lang='grc' dir='ltr'>μὲν</span> <span class='ocrx_word' id='word_1_520' title='bbox 2131 1781 2150 1817; x_wconf 78' lang='grc' dir='ltr'><strong>ὁ</strong></span> <span class='ocrx_word' id='word_1_521' title='bbox 2173 1778 2340 1831; x_wconf 68' lang='grc' dir='ltr'><strong>κυΰερνή-</strong></span> 
     </span>
     <span class='ocr_line' id='line_1_77' title="bbox 1315 1839 2340 1893; baseline 0.003 -16"><span class='ocrx_word' id='word_1_522' title='bbox 1315 1854 1376 1886; x_wconf 75' lang='grc' dir='ltr'>της</span> <span class='ocrx_word' id='word_1_523' title='bbox 1387 1840 1426 1877; x_wconf 79' lang='grc' dir='ltr'>τὸ</span> <span class='ocrx_word' id='word_1_524' title='bbox 1447 1842 1570 1886; x_wconf 79' lang='grc' dir='ltr'><strong>αὑτοῦ,</strong></span> <span class='ocrx_word' id='word_1_525' title='bbox 1591 1840 1650 1876; x_wconf 78' lang='grc' dir='ltr'>καὶ</span> <span class='ocrx_word' id='word_1_526' title='bbox 1683 1839 1846 1884; x_wconf 76' lang='grc' dir='ltr'><strong>διασώζοι</strong></span> <span class='ocrx_word' id='word_1_527' title='bbox 1867 1839 1907 1878; x_wconf 83' lang='grc' dir='ltr'>τὸ</span> <span class='ocrx_word' id='word_1_528' title='bbox 1933 1840 2084 1892; x_wconf 59' lang='grc' dir='ltr'><strong>σκάφος,</strong></span> <span class='ocrx_word' id='word_1_529' title='bbox 2100 1839 2149 1891; x_wconf 85' lang='grc' dir='ltr'><strong>μὴ</strong></span> <span class='ocrx_word' id='word_1_530' title='bbox 2182 1839 2340 1893; x_wconf 80' lang='grc' dir='ltr'><strong>φαίνοιτο</strong></span> 
     </span>
     <span class='ocr_line' id='line_1_78' title="bbox 1315 1899 2339 1954; baseline 0.002 -17"><span class='ocrx_word' id='word_1_531' title='bbox 1315 1899 1351 1938; x_wconf 80' lang='grc' dir='ltr'>δὲ</span> <span class='ocrx_word' id='word_1_532' title='bbox 1386 1901 1491 1939; x_wconf 77' lang='grc' dir='ltr'><strong>αὐτοῦ</strong></span> <span class='ocrx_word' id='word_1_533' title='bbox 1518 1902 1580 1946; x_wconf 75' lang='grc' dir='ltr'>τῆς</span> <span class='ocrx_word' id='word_1_534' title='bbox 1607 1900 1806 1951; x_wconf 74' lang='grc' dir='ltr'><strong>ἐπιστήμης</strong></span> <span class='ocrx_word' id='word_1_535' title='bbox 1825 1904 1847 1946; x_wconf 82' lang='grc' dir='ltr'>ἡ</span> <span class='ocrx_word' id='word_1_536' title='bbox 1876 1901 2039 1954; x_wconf 73' lang='grc' dir='ltr'><strong>ἀκρίὸεια</strong></span> <span class='ocrx_word' id='word_1_537' title='bbox 2059 1907 2130 1945; x_wconf 88' lang='grc' dir='ltr'><strong>τοῖς</strong></span> <span class='ocrx_word' id='word_1_538' title='bbox 2154 1900 2339 1946; x_wconf 74' lang='grc' dir='ltr'><strong>ἐπιὸάταις</strong></span> 
     </span>
     <span class='ocr_line' id='line_1_79' title="bbox 1317 1959 2341 2015; baseline 0.002 -17"><span class='ocrx_word' id='word_1_539' title='bbox 1317 1959 1374 1998; x_wconf 81' lang='grc' dir='ltr'><strong>διὰ</strong></span> <span class='ocrx_word' id='word_1_540' title='bbox 1388 1960 1451 2008; x_wconf 74' lang='grc' dir='ltr'>τὴν</span> <span class='ocrx_word' id='word_1_541' title='bbox 1473 1961 1632 2015; x_wconf 73' lang='grc' dir='ltr'><strong>ταραχὴν</strong></span> <span class='ocrx_word' id='word_1_542' title='bbox 1652 1962 1712 1999; x_wconf 80' lang='grc' dir='ltr'>καὶ</span> <span class='ocrx_word' id='word_1_543' title='bbox 1728 1961 1785 1999; x_wconf 87' lang='grc' dir='ltr'>τὸν</span> <span class='ocrx_word' id='word_1_544' title='bbox 1811 1962 1916 2013; x_wconf 65' lang='grc' dir='ltr'><strong>φόῧον</strong></span> <span class='ocrx_word' id='word_1_545' title='bbox 1936 1962 1996 2000; x_wconf 73' lang='grc' dir='ltr'>καὶ</span> <span class='ocrx_word' id='word_1_546' title='bbox 2014 1961 2077 2009; x_wconf 76' lang='grc' dir='ltr'>τὴν</span> <span class='ocrx_word' id='word_1_547' title='bbox 2097 1960 2250 2015; x_wconf 75' lang='grc' dir='ltr'><strong>ἀγωνίαν</strong></span> <span class='ocrx_word' id='word_1_548' title='bbox 2269 1963 2341 2000; x_wconf 74' lang='grc' dir='ltr'>τῶν</span> 
     </span>
     <span class='ocr_line' id='line_1_80' title="bbox 1316 2021 2342 2076; baseline 0.001 -16"><span class='ocrx_word' id='word_1_549' title='bbox 1316 2022 1609 2074; x_wconf 83' lang='grc' dir='ltr'><strong>ἐπικρεμαμένων</strong></span> <span class='ocrx_word' id='word_1_550' title='bbox 1639 2026 1772 2061; x_wconf 80' lang='grc' dir='ltr'><strong>κακῶν.</strong></span> <span class='ocrx_word' id='word_1_551' title='bbox 1805 2022 1909 2062; x_wconf 72' lang='grc' dir='ltr'><strong>Ἐπεὶ</strong></span> <span class='ocrx_word' id='word_1_552' title='bbox 1934 2023 1994 2061; x_wconf 77' lang='grc' dir='ltr'>καὶ</span> <span class='ocrx_word' id='word_1_553' title='bbox 2020 2026 2039 2062; x_wconf 79' lang='grc' dir='ltr'><strong>ὁ</strong></span> <span class='ocrx_word' id='word_1_554' title='bbox 2067 2023 2158 2066; x_wconf 78' lang='grc' dir='ltr'><strong>Θεὸς</strong></span> <span class='ocrx_word' id='word_1_555' title='bbox 2188 2021 2342 2076; x_wconf 67' lang='grc' dir='ltr'><strong>κυὸερνᾷ</strong></span> 
     </span>
     <span class='ocr_line' id='line_1_81' title="bbox 1317 2083 2340 2136; baseline 0 -14"><span class='ocrx_word' id='word_1_556' title='bbox 1317 2083 1380 2134; x_wconf 85' lang='grc' dir='ltr'>μὲν</span> <span class='ocrx_word' id='word_1_557' title='bbox 1401 2085 1441 2123; x_wconf 83' lang='grc' dir='ltr'>τὸ</span> <span class='ocrx_word' id='word_1_558' title='bbox 1459 2091 1529 2123; x_wconf 76' lang='grc' dir='ltr'>πᾶν</span> <span class='ocrx_word' id='word_1_559' title='bbox 1554 2088 1657 2123; x_wconf 72' lang='grc' dir='ltr'><strong>τοῦτο</strong></span> <span class='ocrx_word' id='word_1_560' title='bbox 1675 2084 1734 2123; x_wconf 72' lang='grc' dir='ltr'>καὶ</span> <span class='ocrx_word' id='word_1_561' title='bbox 1760 2089 1840 2132; x_wconf 78' lang='grc' dir='ltr'><strong>νῦν,</strong></span> <span class='ocrx_word' id='word_1_562' title='bbox 1862 2086 1900 2123; x_wconf 83' lang='grc' dir='ltr'>οὗ</span> <span class='ocrx_word' id='word_1_563' title='bbox 1922 2084 2080 2136; x_wconf 82' lang='grc' dir='ltr'><strong>φαίνεται</strong></span> <span class='ocrx_word' id='word_1_564' title='bbox 2100 2083 2135 2124; x_wconf 83' lang='grc' dir='ltr'>δὲ</span> <span class='ocrx_word' id='word_1_565' title='bbox 2154 2089 2226 2128; x_wconf 82' lang='grc' dir='ltr'><strong>τοῖς</strong></span> <span class='ocrx_word' id='word_1_566' title='bbox 2247 2085 2340 2123; x_wconf 88' lang='grc' dir='ltr'><strong>πολ-</strong></span> 
     </span>
     <span class='ocr_line' id='line_1_82' title="bbox 1317 2144 2340 2199; baseline 0.001 -16"><span class='ocrx_word' id='word_1_567' title='bbox 1317 2147 1388 2189; x_wconf 85' lang='grc' dir='ltr'><strong>λοῖς</strong></span> <span class='ocrx_word' id='word_1_568' title='bbox 1407 2145 1464 2184; x_wconf 70' lang='grc' dir='ltr'><strong>διὰ</strong></span> <span class='ocrx_word' id='word_1_569' title='bbox 1482 2145 1540 2184; x_wconf 83' lang='grc' dir='ltr'>τὸν</span> <span class='ocrx_word' id='word_1_570' title='bbox 1554 2148 1623 2184; x_wconf 80' lang='grc' dir='ltr'>τῶν</span> <span class='ocrx_word' id='word_1_571' title='bbox 1646 2145 1864 2199; x_wconf 71' lang='grc' dir='ltr'><strong>πραγμάτιον</strong></span> <span class='ocrx_word' id='word_1_572' title='bbox 1880 2147 2040 2198; x_wconf 75' lang='grc' dir='ltr'><strong>χειμῶνα</strong></span> <span class='ocrx_word' id='word_1_573' title='bbox 2056 2145 2116 2184; x_wconf 79' lang='grc' dir='ltr'>καὶ</span> <span class='ocrx_word' id='word_1_574' title='bbox 2143 2144 2208 2193; x_wconf 75' lang='grc' dir='ltr'>τὴν</span> <span class='ocrx_word' id='word_1_575' title='bbox 2226 2160 2340 2199; x_wconf 88' lang='grc' dir='ltr'><strong>ταρα-</strong></span> 
     </span>
     <span class='ocr_line' id='line_1_83' title="bbox 1317 2201 2341 2260; baseline 0.002 -16"><span class='ocrx_word' id='word_1_576' title='bbox 1317 2207 1399 2259; x_wconf 71' lang='grc' dir='ltr'><strong>χὴν,</strong></span> <span class='ocrx_word' id='word_1_577' title='bbox 1411 2205 1479 2255; x_wconf 75' lang='grc' dir='ltr'>ι’ἢν</span> <span class='ocrx_word' id='word_1_578' title='bbox 1499 2201 1593 2247; x_wconf 69' lang='grc' dir='ltr'><strong>οὗτοι</strong></span> <span class='ocrx_word' id='word_1_579' title='bbox 1609 2208 1650 2255; x_wconf 85' lang='grc' dir='ltr'>δὴ</span> <span class='ocrx_word' id='word_1_580' title='bbox 1673 2209 1827 2258; x_wconf 85' lang='grc' dir='ltr'><strong>μάλιστα</strong></span> <span class='ocrx_word' id='word_1_581' title='bbox 1841 2207 1981 2246; x_wconf 86' lang='grc' dir='ltr'><strong>πάντων</strong></span> <span class='ocrx_word' id='word_1_582' title='bbox 1996 2208 2209 2260; x_wconf 74' lang='grc' dir='ltr'><strong>ἐργάζονται.</strong></span> <span class='ocrx_word' id='word_1_583' title='bbox 2225 2207 2341 2247; x_wconf 78' lang='grc' dir='ltr'><strong>Ὥστε</strong></span> 
     </span>
     <span class='ocr_line' id='line_1_84' title="bbox 1318 2267 2342 2321; baseline -0.001 -14"><span class='ocrx_word' id='word_1_584' title='bbox 1318 2270 1356 2307; x_wconf 84' lang='grc' dir='ltr'>οὗ</span> <span class='ocrx_word' id='word_1_585' title='bbox 1374 2269 1477 2320; x_wconf 89' lang='grc' dir='ltr'><strong>μόνον</strong></span> <span class='ocrx_word' id='word_1_586' title='bbox 1491 2269 1670 2308; x_wconf 81' lang='grc' dir='ltr'><strong>πολιτείαν</strong></span> <span class='ocrx_word' id='word_1_587' title='bbox 1687 2270 1938 2321; x_wconf 80' lang='grc' dir='ltr'><strong>ἀνατρέπουσιν</strong></span> <span class='ocrx_word' id='word_1_588' title='bbox 1952 2299 1962 2316; x_wconf 94' lang='grc'><strong>,</strong></span> <span class='ocrx_word' id='word_1_589' title='bbox 1979 2269 2071 2308; x_wconf 74' lang='grc' dir='ltr'><strong>ἀλλὰ</strong></span> <span class='ocrx_word' id='word_1_590' title='bbox 2086 2267 2146 2307; x_wconf 77' lang='grc' dir='ltr'>καὶ</span> <span class='ocrx_word' id='word_1_591' title='bbox 2162 2268 2342 2309; x_wconf 64' lang='lat' dir='ltr'>tocies-mv</span> 
     </span>
     <span class='ocr_line' id='line_1_85' title="bbox 1317 2329 2343 2384; baseline 0.001 -16"><span class='ocrx_word' id='word_1_592' title='bbox 1317 2330 1547 2382; x_wconf 85' lang='grc' dir='ltr'><strong>λυμαίνονται</strong></span> <span class='ocrx_word' id='word_1_593' title='bbox 1562 2343 1569 2351; x_wconf 93' lang='grc'><em>·</em></span> <span class='ocrx_word' id='word_1_594' title='bbox 1588 2331 1647 2369; x_wconf 76' lang='grc' dir='ltr'>καὶ</span> <span class='ocrx_word' id='word_1_595' title='bbox 1667 2332 1730 2369; x_wconf 79' lang='grc' dir='ltr'>οὐκ</span> <span class='ocrx_word' id='word_1_596' title='bbox 1750 2330 1792 2368; x_wconf 82' lang='grc' dir='ltr'>ἄν</span> <span class='ocrx_word' id='word_1_597' title='bbox 1810 2346 1863 2375; x_wconf 83' lang='grc' dir='ltr'>τις</span> <span class='ocrx_word' id='word_1_598' title='bbox 1879 2331 2031 2384; x_wconf 77' lang='grc' dir='ltr'><strong>ἁμάρτοι</strong></span> <span class='ocrx_word' id='word_1_599' title='bbox 2046 2329 2179 2374; x_wconf 71' lang='grc' dir='ltr'><strong>κοινοὺς</strong></span> <span class='ocrx_word' id='word_1_600' title='bbox 2197 2329 2343 2383; x_wconf 72' lang='grc' dir='ltr'><strong>ἐχθροὺς</strong></span> 
     </span>
     <span class='ocr_line' id='line_1_86' title="bbox 1319 2391 2343 2446; baseline 0.002 -15"><span class='ocrx_word' id='word_1_601' title='bbox 1319 2393 1458 2437; x_wconf 86' lang='grc' dir='ltr'><strong>τούτους</strong></span> <span class='ocrx_word' id='word_1_602' title='bbox 1477 2392 1677 2445; x_wconf 86' lang='grc' dir='ltr'><strong>προσειπὼν</strong></span> <span class='ocrx_word' id='word_1_603' title='bbox 1693 2422 1703 2439; x_wconf 91' lang='grc'><strong>,</strong></span> <span class='ocrx_word' id='word_1_604' title='bbox 1721 2392 1753 2430; x_wconf 88' lang='grc' dir='ltr'>οἳ</span> <span class='ocrx_word' id='word_1_605' title='bbox 1774 2391 1866 2432; x_wconf 81' lang='grc' dir='ltr'><strong>κατὰ</strong></span> <span class='ocrx_word' id='word_1_606' title='bbox 1883 2394 1946 2439; x_wconf 76' lang='grc' dir='ltr'>τῆς</span> <span class='ocrx_word' id='word_1_607' title='bbox 1967 2392 2094 2446; x_wconf 80' lang='grc' dir='ltr'><strong>ἑτέρων</strong></span> <span class='ocrx_word' id='word_1_608' title='bbox 2118 2394 2203 2438; x_wconf 81' lang='grc' dir='ltr'><strong>ζῶσι</strong></span> <span class='ocrx_word' id='word_1_609' title='bbox 2223 2408 2343 2439; x_wconf 81' lang='grc' dir='ltr'><strong>σωτη-</strong></span> 
     </span>
     <span class='ocr_line' id='line_1_87' title="bbox 1320 2452 2344 2509; baseline 0.001 -17"><span class='ocrx_word' id='word_1_610' title='bbox 1320 2455 1395 2506; x_wconf 81' lang='grc' dir='ltr'><strong>ρίας</strong></span> <span class='ocrx_word' id='word_1_611' title='bbox 1409 2484 1419 2501; x_wconf 92' lang='grc'><strong>,</strong></span> <span class='ocrx_word' id='word_1_612' title='bbox 1432 2455 1582 2507; x_wconf 80' lang='grc' dir='ltr'><strong>δόγμασι</strong></span> <span class='ocrx_word' id='word_1_613' title='bbox 1600 2460 1739 2507; x_wconf 86' lang='grc' dir='ltr'><strong>μιαροῖς</strong></span> <span class='ocrx_word' id='word_1_614' title='bbox 1760 2454 1820 2493; x_wconf 78' lang='grc' dir='ltr'>καὶ</span> <span class='ocrx_word' id='word_1_615' title='bbox 1838 2453 1926 2506; x_wconf 86' lang='grc' dir='ltr'><strong>βίοις</strong></span> <span class='ocrx_word' id='word_1_616' title='bbox 1946 2454 2157 2509; x_wconf 80' lang='grc' dir='ltr'><strong>ἀκαθάρτοις</strong></span> <span class='ocrx_word' id='word_1_617' title='bbox 2170 2452 2249 2500; x_wconf 68' lang='grc' dir='ltr'><strong>τοὺς</strong></span> <span class='ocrx_word' id='word_1_618' title='bbox 2265 2452 2344 2505; x_wconf 79' lang='grc' dir='ltr'><strong>μεθ’</strong></span> 
     </span>
     <span class='ocr_line' id='line_1_88' title="bbox 1319 2515 1948 2567; baseline -0.002 -13"><span class='ocrx_word' id='word_1_619' title='bbox 1319 2519 1451 2556; x_wconf 80' lang='grc' dir='ltr'><strong>ἑαυτῶν</strong></span> <span class='ocrx_word' id='word_1_620' title='bbox 1467 2516 1686 2567; x_wconf 84' lang='grc' dir='ltr'><strong>ἐμπλέοντας</strong></span> <span class='ocrx_word' id='word_1_621' title='bbox 1702 2515 1948 2559; x_wconf 80' lang='grc' dir='ltr'><strong>καταδύοντες.</strong></span> 
     </span>
    </p>
   </div>
   <div class='ocr_carea' id='block_1_9' title="bbox 1322 2787 2345 2967">
    <p class='ocr_par' dir='ltr' id='par_1_10' title="bbox 1322 2787 2345 2967">
     <span class='ocr_line' id='line_1_89' title="bbox 1377 2787 2345 2841; baseline -0.005 -11"><span class='ocrx_word' id='word_1_622' title='bbox 1377 2791 1468 2830; x_wconf 82' lang='grc' dir='ltr'><strong>Ἀλλ’</strong></span> <span class='ocrx_word' id='word_1_623' title='bbox 1508 2794 1543 2830; x_wconf 79' lang='grc' dir='ltr'>ἰν</span> <span class='ocrx_word' id='word_1_624' title='bbox 1573 2796 1644 2834; x_wconf 86' lang='grc' dir='ltr'><strong>τοῖς</strong></span> <span class='ocrx_word' id='word_1_625' title='bbox 1679 2789 1925 2841; x_wconf 84' lang='grc' dir='ltr'><strong>μοναστηρίοις</strong></span> <span class='ocrx_word' id='word_1_626' title='bbox 1956 2789 2087 2828; x_wconf 76' lang='grc' dir='ltr'><strong>τούτων</strong></span> <span class='ocrx_word' id='word_1_627' title='bbox 2117 2787 2215 2828; x_wconf 70' lang='grc' dir='ltr'><strong>ὠδίν</strong></span> <span class='ocrx_word' id='word_1_628' title='bbox 2248 2790 2345 2828; x_wconf 64' lang='grc' dir='ltr'><strong>ἔστιν</strong></span> 
     </span>
     <span class='ocr_line' id='line_1_90' title="bbox 1323 2850 2344 2904; baseline -0.003 -12"><span class='ocrx_word' id='word_1_629' title='bbox 1323 2855 1428 2902; x_wconf 84' lang='grc' dir='ltr'><strong>ἶδιῑν,</strong></span> <span class='ocrx_word' id='word_1_630' title='bbox 1447 2853 1538 2892; x_wconf 76' lang='grc' dir='ltr'><strong>ἀλλὰ</strong></span> <span class='ocrx_word' id='word_1_631' title='bbox 1559 2853 1673 2891; x_wconf 86' lang='grc' dir='ltr'><strong>καίτοι</strong></span> <span class='ocrx_word' id='word_1_632' title='bbox 1699 2853 1871 2904; x_wconf 67' lang='grc' dir='ltr'><strong>χειμῶνος</strong></span> <span class='ocrx_word' id='word_1_633' title='bbox 1896 2850 2048 2903; x_wconf 74' lang='grc' dir='ltr'><strong>ἠρμένον</strong></span> <span class='ocrx_word' id='word_1_634' title='bbox 2068 2850 2254 2898; x_wconf 80' lang='grc' dir='ltr'><strong>τοσούτου,</strong></span> <span class='ocrx_word' id='word_1_635' title='bbox 2275 2850 2344 2901; x_wconf 76' lang='grc' dir='ltr'><strong>μό·</strong></span> 
     </span>
     <span class='ocr_line' id='line_1_91' title="bbox 1322 2913 2344 2967; baseline -0.005 -10"><span class='ocrx_word' id='word_1_636' title='bbox 1322 2933 1374 2956; x_wconf 92' lang='grc' dir='ltr'>νοι</span> <span class='ocrx_word' id='word_1_637' title='bbox 1404 2917 1574 2963; x_wconf 81' lang='grc' dir='ltr'><strong>κάθηνται</strong></span> <span class='ocrx_word' id='word_1_638' title='bbox 1607 2917 1642 2954; x_wconf 75' lang='grc' dir='ltr'>ἰν</span> <span class='ocrx_word' id='word_1_639' title='bbox 1669 2915 1786 2966; x_wconf 69' lang='grc' dir='ltr'><strong>λιμένι</strong></span> <span class='ocrx_word' id='word_1_640' title='bbox 1815 2914 1874 2953; x_wconf 83' lang='grc' dir='ltr'>καὶ</span> <span class='ocrx_word' id='word_1_641' title='bbox 1905 2914 2040 2966; x_wconf 74' lang='grc' dir='ltr'><strong>γαλήνῃ</strong></span> <span class='ocrx_word' id='word_1_642' title='bbox 2073 2914 2132 2953; x_wconf 73' lang='grc' dir='ltr'>καὶ</span> <span class='ocrx_word' id='word_1_643' title='bbox 2169 2913 2344 2967; x_wconf 63' lang='grc' dir='ltr'><strong>ἀσφαλείᾳ</strong></span> 
     </span>
    </p>
   </div>
   <div class='ocr_carea' id='block_1_10' title="bbox 292 2976 2342 3033">
    <p class='ocr_par' dir='ltr' id='par_1_11' title="bbox 292 2976 2342 3033">
     <span class='ocr_line' id='line_1_92' title="bbox 292 2976 2342 3033; baseline -0.002 -15"><span class='ocrx_word' id='word_1_644' title='bbox 292 2981 458 3027; x_wconf 85' lang='lat' dir='ltr'>resident,</span> <span class='ocrx_word' id='word_1_645' title='bbox 477 2995 517 3018; x_wconf 88' lang='lat' dir='ltr'>ac</span> <span class='ocrx_word' id='word_1_646' title='bbox 531 2980 632 3032; x_wconf 78' lang='lat' dir='ltr'>quasi</span> <span class='ocrx_word' id='word_1_647' title='bbox 657 2994 701 3018; x_wconf 78' lang='lat' dir='ltr'>ex</span> <span class='ocrx_word' id='word_1_648' title='bbox 720 2981 805 3019; x_wconf 70' lang='lat' dir='ltr'>caeto</span> <span class='ocrx_word' id='word_1_649' title='bbox 821 2981 898 3033; x_wconf 82' lang='lat' dir='ltr'>ipso</span> <span class='ocrx_word' id='word_1_650' title='bbox 919 2990 1130 3020; x_wconf 70' lang='lat' dir='ltr'>caeterorum</span> <span class='ocrx_word' id='word_1_651' title='bbox 1150 2995 1243 3020; x_wconf 86' lang='lat' dir='ltr'>nau-</span> <span class='ocrx_word' id='word_1_652' title='bbox 1267 2978 1292 3025; x_wconf 63' lang='lat' dir='ltr'>&#39;A&#39;</span> <span class='ocrx_word' id='word_1_653' title='bbox 1321 2980 1461 3030; x_wconf 77' lang='grc' dir='ltr'><strong>πολλῇ,</strong></span> <span class='ocrx_word' id='word_1_654' title='bbox 1481 2978 1639 3028; x_wconf 79' lang='grc' dir='ltr'><strong>καθάπερ</strong></span> <span class='ocrx_word' id='word_1_655' title='bbox 1659 2976 1694 3020; x_wconf 75' lang='grc' dir='ltr'>ἐξ</span> <span class='ocrx_word' id='word_1_656' title='bbox 1719 2977 1865 3028; x_wconf 78' lang='grc' dir='ltr'><strong>οὐρανοῦ</strong></span> <span class='ocrx_word' id='word_1_657' title='bbox 1892 2976 1935 3014; x_wconf 79' lang='grc' dir='ltr'><strong>τὰ</strong></span> <span class='ocrx_word' id='word_1_658' title='bbox 1964 2979 2032 3014; x_wconf 71' lang='grc' dir='ltr'>τῶν</span> <span class='ocrx_word' id='word_1_659' title='bbox 2057 2976 2173 3014; x_wconf 77' lang='grc' dir='ltr'><strong>ἄλλων</strong></span> <span class='ocrx_word' id='word_1_660' title='bbox 2193 2976 2342 3014; x_wconf 64' lang='grc' dir='ltr'><strong>ἐπισκο-</strong></span> 
     </span>
    </p>
   </div>
   <div class='ocr_carea' id='block_1_11' title="bbox 291 3041 1243 3215">
    <p class='ocr_par' dir='ltr' id='par_1_12' title="bbox 291 3041 1243 3215">
     <span class='ocr_line' id='line_1_93' title="bbox 292 3041 1243 3093; baseline 0.003 -16"><span class='ocrx_word' id='word_1_661' title='bbox 292 3042 400 3092; x_wconf 82' lang='lat' dir='ltr'>sragia</span> <span class='ocrx_word' id='word_1_662' title='bbox 433 3041 637 3093; x_wconf 78' lang='lat' dir='ltr'>respiciunt.</span> <span class='ocrx_word' id='word_1_663' title='bbox 667 3043 825 3093; x_wconf 88' lang='lat' dir='ltr'>Namque</span> <span class='ocrx_word' id='word_1_664' title='bbox 846 3042 928 3080; x_wconf 81' lang='lat' dir='ltr'>vita:</span> <span class='ocrx_word' id='word_1_665' title='bbox 953 3056 1064 3093; x_wconf 88' lang='lat' dir='ltr'>genus</span> <span class='ocrx_word' id='word_1_666' title='bbox 1085 3042 1172 3082; x_wconf 74' lang='lat' dir='ltr'>caelo</span> <span class='ocrx_word' id='word_1_667' title='bbox 1184 3042 1243 3081; x_wconf 92' lang='lat' dir='ltr'>di-</span> 
     </span>
     <span class='ocr_line' id='line_1_94' title="bbox 291 3099 1242 3152; baseline 0.004 -16"><span class='ocrx_word' id='word_1_668' title='bbox 291 3113 400 3150; x_wconf 85' lang='lat' dir='ltr'>gnum</span> <span class='ocrx_word' id='word_1_669' title='bbox 419 3099 637 3149; x_wconf 80' lang='lat' dir='ltr'>delegerunt,</span> <span class='ocrx_word' id='word_1_670' title='bbox 658 3114 720 3137; x_wconf 83' lang='lat' dir='ltr'>nec</span> <span class='ocrx_word' id='word_1_671' title='bbox 738 3102 912 3139; x_wconf 87' lang='lat' dir='ltr'>minorem</span> <span class='ocrx_word' id='word_1_672' title='bbox 934 3101 1095 3152; x_wconf 79' lang='lat' dir='ltr'>angelico</span> <span class='ocrx_word' id='word_1_673' title='bbox 1110 3111 1242 3140; x_wconf 84' lang='lat' dir='ltr'>statum</span> 
     </span>
     <span class='ocr_line' id='line_1_95' title="bbox 291 3159 1243 3215; baseline 0.004 -18"><span class='ocrx_word' id='word_1_674' title='bbox 291 3159 463 3197; x_wconf 86' lang='lat' dir='ltr'>obtinent.</span> <span class='ocrx_word' id='word_1_675' title='bbox 502 3159 812 3205; x_wconf 84' lang='lat' dir='ltr'>Quemadmodum</span> <span class='ocrx_word' id='word_1_676' title='bbox 847 3162 943 3200; x_wconf 86' lang='lat' dir='ltr'>enim</span> <span class='ocrx_word' id='word_1_677' title='bbox 972 3162 1069 3215; x_wconf 88' lang='lat' dir='ltr'>apud</span> <span class='ocrx_word' id='word_1_678' title='bbox 1097 3163 1243 3215; x_wconf 73' lang='lat' dir='ltr'>angelos</span> 
     </span>
    </p>
   </div>
   <div class='ocr_carea' id='block_1_12' title="bbox 1364 3044 1385 3054">
    <p class='ocr_par' dir='ltr' id='par_1_13' title="bbox 1364 3044 1385 3054">
     <span class='ocr_line' id='line_1_96' title="bbox 1364 3044 1385 3054; baseline 0 0"><span class='ocrx_word' id='word_1_679' title='bbox 1364 3044 1385 3054; x_wconf 64' lang='lat'>0-</span> 
     </span>
    </p>
   </div>
   <div class='ocr_carea' id='block_1_13' title="bbox 1317 3034 2342 3214">
    <p class='ocr_par' dir='ltr' id='par_1_14' title="bbox 1317 3034 2342 3214">
     <span class='ocr_line' id='line_1_97' title="bbox 1319 3034 2342 3090; baseline -0.005 -11"><span class='ocrx_word' id='word_1_680' title='bbox 1319 3055 1462 3083; x_wconf 79' lang='grc' dir='ltr'><strong>πουντες</strong></span> <span class='ocrx_word' id='word_1_681' title='bbox 1488 3038 1637 3090; x_wconf 84' lang='grc' dir='ltr'><strong>ναυάγια</strong></span> <span class='ocrx_word' id='word_1_682' title='bbox 1652 3051 1660 3059; x_wconf 90' lang='grc'><em>·</em></span> <span class='ocrx_word' id='word_1_683' title='bbox 1691 3037 1751 3076; x_wconf 78' lang='grc' dir='ltr'>καὶ</span> <span class='ocrx_word' id='word_1_684' title='bbox 1779 3038 1847 3090; x_wconf 71' lang='grc' dir='ltr'>γὰρ</span> <span class='ocrx_word' id='word_1_685' title='bbox 1877 3037 2055 3076; x_wconf 78' lang='grc' dir='ltr'><strong>πολιτείαν</strong></span> <span class='ocrx_word' id='word_1_686' title='bbox 2085 3037 2221 3090; x_wconf 77' lang='grc' dir='ltr'><strong>οὐρανῷ</strong></span> <span class='ocrx_word' id='word_1_687' title='bbox 2251 3034 2342 3088; x_wconf 66' lang='grc' dir='ltr'><strong>πρί-</strong></span> 
     </span>
     <span class='ocr_line' id='line_1_98' title="bbox 1319 3098 2339 3151; baseline -0.006 -11"><span class='ocrx_word' id='word_1_688' title='bbox 1319 3116 1452 3140; x_wconf 88' lang='grc' dir='ltr'><strong>πουσαν</strong></span> <span class='ocrx_word' id='word_1_689' title='bbox 1472 3099 1623 3147; x_wconf 73' lang='grc' dir='ltr'><strong>εἴλοντο,</strong></span> <span class='ocrx_word' id='word_1_690' title='bbox 1636 3099 1695 3137; x_wconf 81' lang='grc' dir='ltr'>καὶ</span> <span class='ocrx_word' id='word_1_691' title='bbox 1712 3099 1868 3150; x_wconf 79' lang='grc' dir='ltr'><strong>ἀγγέλων</strong></span> <span class='ocrx_word' id='word_1_692' title='bbox 1887 3098 1984 3137; x_wconf 78' lang='grc' dir='ltr'><strong>οὐδὲν</strong></span> <span class='ocrx_word' id='word_1_693' title='bbox 2000 3103 2117 3151; x_wconf 76' lang='grc' dir='ltr'><strong>χιῖρον</strong></span> <span class='ocrx_word' id='word_1_694' title='bbox 2133 3098 2339 3137; x_wconf 68' lang='grc' dir='ltr'><strong>διάκεινται.</strong></span> 
     </span>
     <span class='ocr_line' id='line_1_99' title="bbox 1317 3154 2338 3214; baseline -0.007 -12"><span class='ocrx_word' id='word_1_695' title='bbox 1317 3161 1460 3214; x_wconf 63' lang='grc' dir='ltr'><strong>Ἵὶσπιρ</strong></span> <span class='ocrx_word' id='word_1_696' title='bbox 1479 3154 1537 3201; x_wconf 65' lang='grc' dir='ltr'>οὖν</span> <span class='ocrx_word' id='word_1_697' title='bbox 1558 3162 1594 3198; x_wconf 67' lang='grc' dir='ltr'>ἐν</span> <span class='ocrx_word' id='word_1_698' title='bbox 1614 3160 1756 3202; x_wconf 68' lang='grc' dir='ltr'><strong>ἐκείνοις</strong></span> <span class='ocrx_word' id='word_1_699' title='bbox 1775 3161 1838 3197; x_wconf 78' lang='grc' dir='ltr'>οὐκ</span> <span class='ocrx_word' id='word_1_700' title='bbox 1857 3159 1950 3198; x_wconf 72' lang='grc' dir='ltr'><strong>ἔστιν</strong></span> <span class='ocrx_word' id='word_1_701' title='bbox 1967 3159 2154 3209; x_wconf 79' lang='grc' dir='ltr'><strong>ἀνωμαλία</strong></span> <span class='ocrx_word' id='word_1_702' title='bbox 2168 3172 2222 3202; x_wconf 79' lang='grc' dir='ltr'>τις</span> <span class='ocrx_word' id='word_1_703' title='bbox 2234 3185 2245 3205; x_wconf 82' lang='grc'><strong>,</strong></span> <span class='ocrx_word' id='word_1_704' title='bbox 2259 3157 2338 3196; x_wconf 66' lang='grc' dir='ltr'><strong>οὐδὲ</strong></span> 
     </span>
    </p>
   </div>
   <div class='ocr_carea' id='block_1_14' title="bbox 333 3295 2335 3348">
    <p class='ocr_par' dir='ltr' id='par_1_15' title="bbox 333 3295 2335 3348">
     <span class='ocr_line' id='line_1_100' title="bbox 333 3295 2335 3348; baseline -0.001 -18"><span class='ocrx_word' id='word_1_705' title='bbox 333 3310 345 3324; x_wconf 78' lang='grc'><em>·</em></span> <span class='ocrx_word' id='word_1_706' title='bbox 372 3298 487 3331; x_wconf 52' lang='lat' dir='ltr'>‘lorel-</span> <span class='ocrx_word' id='word_1_707' title='bbox 502 3307 532 3330; x_wconf 75' lang='grc' dir='ltr'>Μ.</span> <span class='ocrx_word' id='word_1_708' title='bbox 554 3299 681 3340; x_wconf 53' lang='lat' dir='ltr'>Interii,</span> <span class='ocrx_word' id='word_1_709' title='bbox 698 3305 882 3334; x_wconf 54' lang='grc' dir='ltr'>ἀνῃτιλὴω,</span> <span class='ocrx_word' id='word_1_710' title='bbox 899 3302 958 3334; x_wconf 77' lang='lat' dir='ltr'>Alii</span> <span class='ocrx_word' id='word_1_711' title='bbox 974 3314 1087 3335; x_wconf 67' lang='lat' dir='ltr'>omna</span> <span class='ocrx_word' id='word_1_712' title='bbox 1103 3309 1291 3346; x_wconf 62' lang='grc' dir='ltr'><strong>ἀναςίμνῃν.</strong></span> <span class='ocrx_word' id='word_1_713' title='bbox 1327 3309 1427 3348; x_wconf 67' lang='grc' dir='ltr'><strong>ραχὴν</strong></span> <span class='ocrx_word' id='word_1_714' title='bbox 1451 3301 1532 3335; x_wconf 76' lang='grc' dir='ltr'><strong>οὗτοι</strong></span> <span class='ocrx_word' id='word_1_715' title='bbox 1559 3303 1606 3338; x_wconf 69' lang='grc' dir='ltr'>δή,</span> <span class='ocrx_word' id='word_1_716' title='bbox 1636 3307 1669 3332; x_wconf 66' lang='grc' dir='ltr'><strong>οἱ</strong></span> <span class='ocrx_word' id='word_1_717' title='bbox 1697 3300 1744 3331; x_wconf 67' lang='lat' dir='ltr'>nic</span> <span class='ocrx_word' id='word_1_718' title='bbox 1768 3299 1887 3331; x_wconf 73' lang='lat' dir='ltr'>Monts.</span> <span class='ocrx_word' id='word_1_719' title='bbox 1912 3298 2130 3331; x_wconf 67' lang='lat' dir='ltr'>Restituimus</span> <span class='ocrx_word' id='word_1_720' title='bbox 2158 3295 2335 3329; x_wconf 72' lang='lat' dir='ltr'>lectionem</span> 
     </span>
    </p>
   </div>
   <div class='ocr_carea' id='block_1_15' title="bbox 335 3350 952 3397">
    <p class='ocr_par' dir='ltr' id='par_1_16' title="bbox 335 3350 952 3397">
     <span class='ocr_line' id='line_1_101' title="bbox 335 3350 952 3397; baseline 0.008 -15"><span class='ocrx_word' id='word_1_721' title='bbox 335 3356 345 3366; x_wconf 85' lang='grc'><strong>”</strong></span> <span class='ocrx_word' id='word_1_722' title='bbox 376 3350 385 3394; x_wconf 71' lang='grc' dir='ltr'>Ῐ</span> <span class='ocrx_word' id='word_1_723' title='bbox 405 3351 508 3384; x_wconf 70' lang='grc' dir='ltr'><strong>ὃιινὶΙ.</strong></span> <span class='ocrx_word' id='word_1_724' title='bbox 526 3353 558 3393; x_wconf 75' lang='grc' dir='ltr'>ᾧ.</span> <span class='ocrx_word' id='word_1_725' title='bbox 582 3351 686 3387; x_wconf 72' lang='lat' dir='ltr'>Fon..</span> <span class='ocrx_word' id='word_1_726' title='bbox 705 3353 763 3391; x_wconf 78' lang='lat' dir='ltr'>nit,</span> <span class='ocrx_word' id='word_1_727' title='bbox 781 3358 794 3386; x_wconf 76' lang='grc' dir='ltr'><strong>ὁ</strong></span> <span class='ocrx_word' id='word_1_728' title='bbox 812 3354 952 3397; x_wconf 65' lang='grc' dir='ltr'><strong>γένιται.Ι</strong></span> 
     </span>
    </p>
   </div>
   <div class='ocr_carea' id='block_1_16' title="bbox 332 3403 1291 3448">
    <p class='ocr_par' dir='ltr' id='par_1_17' title="bbox 332 3403 1291 3448">
     <span class='ocr_line' id='line_1_102' title="bbox 332 3403 1291 3448; baseline 0.008 -16"><span class='ocrx_word' id='word_1_729' title='bbox 332 3405 345 3427; x_wconf 80' lang='grc' dir='ltr'>Ι·</span> <span class='ocrx_word' id='word_1_730' title='bbox 376 3403 382 3445; x_wconf 76' lang='grc' dir='ltr'>Ι</span> <span class='ocrx_word' id='word_1_731' title='bbox 400 3404 470 3435; x_wconf 83' lang='grc' dir='ltr'><strong>Ι)ιιυ</strong></span> <span class='ocrx_word' id='word_1_732' title='bbox 488 3404 563 3434; x_wconf 59' lang='lat' dir='ltr'>Mas.</span> <span class='ocrx_word' id='word_1_733' title='bbox 578 3414 638 3443; x_wconf 70' lang='lat' dir='ltr'>pru</span> <span class='ocrx_word' id='word_1_734' title='bbox 659 3410 688 3438; x_wconf 64' lang='lat' dir='ltr'>Za</span> <span class='ocrx_word' id='word_1_735' title='bbox 707 3403 828 3435; x_wconf 71' lang='lat' dir='ltr'>ltflln&#39;ttl.</span> <span class='ocrx_word' id='word_1_736' title='bbox 849 3412 897 3438; x_wconf 61' lang='lat' dir='ltr'>rbi«</span> <span class='ocrx_word' id='word_1_737' title='bbox 914 3408 942 3437; x_wconf 67' lang='grc' dir='ltr'>δ’(</span> <span class='ocrx_word' id='word_1_738' title='bbox 962 3416 1093 3448; x_wconf 45' lang='grc' dir='ltr'><strong>χιιιυίινα</strong></span> <span class='ocrx_word' id='word_1_739' title='bbox 1105 3414 1152 3440; x_wconf 62' lang='grc' dir='ltr'>καὶ</span> <span class='ocrx_word' id='word_1_740' title='bbox 1168 3422 1219 3444; x_wconf 75' lang='grc' dir='ltr'>την</span> <span class='ocrx_word' id='word_1_741' title='bbox 1239 3422 1291 3440; x_wconf 65' lang='grc' dir='ltr'><strong>τι·</strong></span> 
     </span>
    </p>
   </div>
   <div class='ocr_carea' id='block_1_17' title="bbox 1328 3347 2330 3445">
    <p class='ocr_par' dir='ltr' id='par_1_18' title="bbox 1328 3347 2330 3445">
     <span class='ocr_line' id='line_1_103' title="bbox 1329 3347 2330 3394; baseline -0.005 -8"><span class='ocrx_word' id='word_1_742' title='bbox 1329 3352 1504 3386; x_wconf 66' lang='lat' dir='ltr'>mitorum</span> <span class='ocrx_word' id='word_1_743' title='bbox 1515 3352 1618 3385; x_wconf 80' lang='lat' dir='ltr'>Saril.</span> <span class='ocrx_word' id='word_1_744' title='bbox 1637 3360 1667 3382; x_wconf 83' lang='lat' dir='ltr'>rt</span> <span class='ocrx_word' id='word_1_745' title='bbox 1687 3351 1820 3394; x_wconf 48' lang='lat' dir='ltr'>Horti]</span> <span class='ocrx_word' id='word_1_746' title='bbox 1836 3351 1911 3383; x_wconf 73' lang='lat' dir='ltr'>Mox</span> <span class='ocrx_word' id='word_1_747' title='bbox 1927 3349 2043 3383; x_wconf 66' lang='lat' dir='ltr'>Mon-t.</span> <span class='ocrx_word' id='word_1_748' title='bbox 2060 3352 2217 3386; x_wconf 55' lang='lat' dir='ltr'>wicum.</span> <span class='ocrx_word' id='word_1_749' title='bbox 2228 3347 2330 3381; x_wconf 71' lang='lat' dir='ltr'>Snvtl.</span> 
     </span>
     <span class='ocr_line' id='line_1_104' title="bbox 1328 3402 1984 3445; baseline -0.009 -6"><span class='ocrx_word' id='word_1_750' title='bbox 1328 3422 1381 3443; x_wconf 70' lang='grc' dir='ltr'>την</span> <span class='ocrx_word' id='word_1_751' title='bbox 1405 3409 1568 3441; x_wconf 58' lang='lat' dir='ltr'>«Daciam,</span> <span class='ocrx_word' id='word_1_752' title='bbox 1582 3402 1650 3435; x_wconf 78' lang='lat' dir='ltr'>‹ltu›</span> <span class='ocrx_word' id='word_1_753' title='bbox 1668 3404 1742 3437; x_wconf 56' lang='lat' dir='ltr'>ltus.</span> <span class='ocrx_word' id='word_1_754' title='bbox 1759 3419 1811 3442; x_wconf 64' lang='grc' dir='ltr'>την</span> <span class='ocrx_word' id='word_1_755' title='bbox 1829 3407 1984 3445; x_wconf 56' lang='lat' dir='ltr'>dyona..</span> 
     </span>
    </p>
   </div>
  </div>
 </body>
</html>
