2513 3871
317 246 409 302 47²

315 339 401 391 cipit
418 354 428 374 .·
449 351 491 375 ne
511 350 565 374 ine
582 335 683 373 venia
704 334 887 387 privatum
906 333 1012 381 velis,
1032 333 1062 371 si
1081 332 1214 371 frustra
1228 346 1269 370 ac

316 409 445 437 temere
463 411 518 436 me
537 397 573 434 in
590 394 783 449 perniciem
806 393 893 432 dare
921 393 1049 433 nolim.
1069 393 1214 432 Etenim
1237 393 1267 432 si

313 461 395 513 quis
406 473 532 498 navem
548 456 887 496 duoensinnumeris
896 465 1061 496 onustam
1076 455 1270 504 mercibus,

314 521 580 573 remigibusque
597 519 740 573 plenam
756 549 765 567 ,
785 532 841 557 mc
855 517 903 556 ad
922 517 1165 570 gubernacula
1181 531 1270 557 con-

314 583 479 621 stitutum
496 581 641 635 juberet
673 579 837 632 AEgaeum
863 579 1143 633 Tyri-bonumve
1174 593 1273 618 maie

312 642 551 695 trajicere‚ad
571 641 732 695 primum
752 641 802 679 rei
817 639 982 679 auditum
1007 640 1179 679 resilirem
1201 655 1210 681 :
1231 654 1271 679 ae
1296 650 1319 681 B

313 704 342 742 si
357 704 439 756 quis
454 717 596 742 causam
614 711 833 754 rogaret,me
853 715 983 740 navem
997 700 1270 740 submersurum

312 764 580 818 responderem.
599 765 698 802 Itane
718 763 779 802 ubi
796 762 955 817 pecuniae
977 772 1115 802 tantum
1129 765 1269 817 jactura

311 827 476 873 timetur,
495 840 558 865 nec
571 826 638 864 nisi
655 839 834 879 corporea:
848 825 973 864 mortis
987 825 1187 878 periculum
1202 835 1269 875 est,

312 901 416 927 nemo
432 897 558 939 arguet
577 888 606 927 si
627 887 708 939 quis
728 901 855 939 magna
873 887 1036 925 cautione
1051 895 1173 925 utatur
1186 903 1196 936 ;
1209 887 1271 926 ubi

313 958 431 988 autem
446 949 626 1001 naufragis
640 962 708 987 non
723 948 759 986 in
772 947 841 986 boc
855 948 1001 1000 pelagus
1017 948 1270 996 corruendum,

313 1009 374 1048 sed
394 1010 430 1048 in
453 1009 625 1062 abyssum
647 1010 738 1061 ignis
753 1008 954 1047 cadendum
966 1017 1035 1056 cst,
1051 1017 1085 1047 et
1104 1022 1200 1047 mors
1210 1023 1270 1048 ex-

312 1072 516 1123 spectanda,
529 1084 598 1110 non
618 1084 698 1122 qua:
718 1071 875 1108 animam
895 1084 914 1107 a
935 1083 1098 1122 corpore,
1115 1069 1176 1108 sed
1191 1084 1270 1122 quae

312 1131 405 1170 hanc
418 1147 499 1171 cum
517 1132 580 1170 illo
597 1131 631 1169 in
651 1131 870 1183 supplicium
889 1139 1060 1169 aeternum
1080 1131 1266 1183 conjiciat,

307 1193 383 1244 jam
397 1193 481 1244 quia
504 1206 572 1230 non
593 1202 725 1230 temere
742 1192 777 1229 in
794 1200 932 1229 tantum
949 1205 1014 1230 nos
1027 1191 1162 1229 malum
1179 1205 1270 1244 prae·

311 1254 554 1306 cipitavimus,
577 1252 776 1291 irascemini
794 1265 927 1303 nosque
945 1251 1029 1290 odio
1049 1252 1229 1290 habebitis
1249 1251 1268 1289 Ξ)

736 254 774 281 S.
814 252 999 282 Joxxms
1037 249 1277 280 cttnYSOST.
1320 249 1528 280 Attentsst‘.
1566 249 1926 282 CONSTANTtNOP.

1346 348 1447 382 μενον
1468 333 1528 371 καὶ
1557 333 1647 385 εἰκῇ.
1667 334 1737 372 Καὶ
1761 334 1829 386 γὰρ
1848 336 1879 372 εἰ
1900 334 2122 386 μυριάγωγὸν
2154 350 2207 379 τις
2237 335 2371 374 ὁλκάδα

1346 394 1455 445 ἄγων,
1471 394 1755 446 πεπληρωμένην
1775 396 1901 447 ἐρετῶν
1916 425 1927 443 ,
1947 395 2007 433 καὶ
2027 395 2177 447 φορτίων
2196 395 2372 448 γέμουσαν

1345 457 1559 502 πολυτελῶν,
1578 449 1653 494 εἶτα
1670 456 1728 494 ἐπὶ
1746 457 1814 494 τῶν
1832 456 1962 495 οἰάκων
1975 456 2124 500 καθίσας
2140 455 2307 496 ΙΙἐκέλευέ
2327 472 2373 507 με

1346 523 1456 570 περᾷν
1475 517 1516 556 τὸ
1532 518 1677 568 Αἰγαῖον
1695 517 1718 564 ἢ
1731 518 1771 556 τὸ
1784 517 2003 570 Τυρρηνικὸν
2020 517 2190 569 πέλαγος,
2208 520 2248 557 ἐκ
2271 517 2375 570 πρώ-

1347 596 1410 626 της
1430 580 1471 618 ἂν
1488 580 1700 628 ἀπεπήδησα
1720 584 1783 628 τῆς
1807 583 1924 632 φωνῆς
1939 595 1948 604 ·
1965 580 2024 619 καὶ
2044 581 2076 619 εἴ
2094 597 2147 625 τις
2169 580 2295 632 ἤρετο,
2313 580 2372 620 διὰ

1347 643 1403 690 τί;
1419 642 1475 681 ἵνα
1503 642 1553 693 μὴ
1574 642 1762 681 καταδύσω
1782 642 1821 681 τὸ
1837 643 1972 690 πλοῖον,
1998 636 2095 681 εἷπον
2113 642 2167 681 ἄν.
2187 635 2278 682 Εἶτα
2294 642 2375 681 ἔνθα

1349 704 1411 754 μὲν
1440 705 1486 747 εἷς
1504 703 1675 756 χρήματα
1693 707 1716 750 ἡ
1737 703 1860 755 ζημία,
1882 704 1942 742 καὶ
1958 705 1977 742 ὁ
1995 703 2151 747 κίνδυνος
2171 706 2375 754 σωματικοῦ

1350 766 1456 819 μέχρι
1478 766 1649 816 θανάτου,
1667 765 1776 810 οὐδεὶς
1795 765 1978 817 ἐγκαλέσει
2003 767 2119 818 πολλῇ
2145 765 2376 819 κεχρημένοις

1347 827 1494 879 προνοίᾳ
1507 843 1515 851 ·
1536 827 1624 866 ὅπου
1644 827 1679 866 δὲ
1695 832 1766 871 τοῖς
1788 831 1993 878 ναυαγοῦσιν
2010 829 2071 866 οὐκ
2095 828 2143 871 εἷς
2166 826 2207 866 τὸ
2223 826 2376 879 πέλαγος

1348 893 1467 937 τοῦτο,
1487 889 1566 928 ἀλλ’
1595 891 1643 933 εἷς
1670 888 1734 936 τὴν
1772 888 1925 928 ἅὸυσσον
1958 891 2018 927 τοῦ
2047 887 2155 941 πυρὸς
2189 887 2375 927 ἀπόκειται

1347 955 1467 989 πεσεῖν
1481 981 1493 999 ,
1511 949 1570 988 καὶ
1589 950 1735 994 Θάνατος
1749 949 1872 994 αὐτοὺς
1891 952 1956 1002 οὐχ
1974 952 1992 988 ὁ
2005 949 2068 997 τὴν
2089 949 2206 1002 ψυχὴν
2225 948 2297 989 ἀπὸ
2313 951 2374 989 τοῦ

1346 1011 1510 1062 σώματος
1540 1013 1703 1065 διαιρῶν,
1737 1012 1815 1050 ἀλλ’
1848 1014 1867 1050 ὁ
1900 1011 2029 1058 ταύτην
2060 1013 2136 1062 μετ’
2169 1010 2300 1050 ἐκείνω
2327 1012 2377 1053 εἰς

1347 1072 1490 1111 κόλασιν
1505 1072 1756 1125 παραπέμπων
1777 1071 1915 1110 αἰώνιον
1932 1071 2135 1124 ἐκδέχεται,
2154 1073 2303 1110 ἐνταῦθα
2320 1071 2375 1110 ὅτι

1348 1132 1396 1182 μὴ
1415 1135 1599 1184 προπετῶς
1619 1134 1666 1177 εἷς
1683 1135 1847 1171 τοσοῦτον
1874 1131 2015 1176 ἑαυτοὺς
2033 1132 2225 1185 ἐῤῥίψαμεν
2247 1132 2374 1180 κακὸν,

1344 1195 1516 1244 ὀργιεῖσθε
1535 1193 1596 1232 καὶ
1617 1194 1808 1243 μισήσετε;
1828 1193 1891 1239 Μὴ
1909 1222 1919 1238 ,
1942 1193 2067 1243 δέομαι
2095 1193 2156 1232 καὶ
2186 1193 2373 1233 ἀντιΕολῶ.

1344 1248 1437 1292 Οἶδα
1469 1253 1533 1300 τὴν
1553 1256 1705 1304 ἐμαυτοῦ
1735 1253 1871 1306 ψυχὴν,
1896 1253 1960 1301 τὴν
1992 1256 2120 1300 ἀσθενῆ
2147 1254 2278 1302 ταύτην
2314 1255 2375 1294 καὶ

106 1318 137 1347 ⁸·
161 1319 239 1356 &re
255 1329 299 1346 s·—
313 1313 415 1352 Absit
432 1328 550 1366 quaeso
565 1323 600 1352 et
617 1312 883 1351 obsecro.Novi
904 1312 1063 1350 animam
1084 1312 1270 1359 meam,in·
1291 1324 1315 1355 c

107 1361 299 1438 ;2{{f:{m„,
312 1376 453 1414 firmam
473 1375 573 1414 illam
588 1383 622 1413 et
641 1373 808 1425 exiguam
824 1403 835 1422 ,
857 1387 990 1411 necnon
1012 1373 1190 1425 ingentem
1216 1373 1269 1413 rei

107 1445 130 1469 -i
150 1443 231 1489 ⁴sorti
262 1437 572 1476 ntdiflicultatem.
589 1435 746 1487 Majores
767 1447 850 1473 sane
869 1434 1000 1473 ssuctus
1023 1433 1067 1472 iis
1083 1465 1094 1484 ‚
1114 1448 1204 1486 quos
1231 1434 1267 1472 in

110 1494 218 1512 ³⁰¹¹¹¹⁰¹
309 1498 397 1536 mari
419 1498 575 1537 excitant
592 1497 712 1543 venti,
733 1494 930 1535 sacerdotis
950 1495 1113 1534 animum
1128 1509 1268 1534 concu-

163 1567 196 1596 9-
213 1559 298 1587 V'fl‘
312 1560 416 1598 tinnt.
437 1559 580 1598 Primus
599 1565 718 1595 autem
736 1556 898 1595 omnium
917 1565 970 1595 est
988 1557 1194 1595 teterrimus
1209 1557 1269 1595 ille

1345 1314 1495 1366 μικράν·
1532 1307 1610 1353 οἶδα
1641 1316 1703 1360 τῆς
1729 1313 1906 1358 διακονίας
1935 1313 2071 1362 ἐκείνης
2091 1315 2132 1354 τὸ
2151 1314 2294 1366 μέγεθος
2313 1316 2375 1354 καὶ

1341 1374 1408 1421 τὴν
1429 1374 1564 1421 πολλὴν
1592 1379 1652 1414 τοῦ
1672 1375 1880 1427 πράγματος
1908 1375 2108 1414 δυσκολίαν.
2124 1375 2278 1415 Πλείονα
2305 1375 2374 1428 γὰρ

1343 1439 1413 1475 τῶν
1437 1436 1501 1483 τὴν
1528 1436 1703 1475 θάλατταν
1724 1435 1992 1488 ι’ταραττόντων
2022 1437 2230 1487 πνευμάτων
2248 1437 2375 1489 χειμά-

1344 1501 1394 1543 ζει
1424 1498 1567 1549 κύματα
1599 1496 1663 1545 τὴν
1696 1501 1756 1536 τοῦ
1784 1497 1972 1549 ἱερωμένου
1991 1497 2120 1550 ψυχήν.
2139 1497 2211 1536 Καὶ
2237 1499 2376 1550 πρῶτον

1345 1560 1510 1598 ἁπάντων
1526 1562 1544 1598 ὁ
1563 1558 1759 1602 δεινότατος
1781 1561 1844 1605 τῆς
1868 1558 2062 1604 κενοδοξίας
2087 1559 2278 1607 σκόπελος,
2304 1575 2378 1612 χα-

108 1602 207 1637 plori-
221 1604 300 1638 peri·
513 1620 520 1627 .
618 1619 625 1626 .
651 1619 658 1626 .
875 1617 882 1624 .
981 1617 988 1624 .
1049 1619 1055 1625 .
1140 1617 1162 1626 .-

111 1644 222 1670 tutum.
311 1635 410 1660 vante
429 1620 552 1672 gloria:
570 1628 734 1673 spiritus,
752 1618 858 1670 longe
873 1617 1032 1656 infestior
1048 1617 1111 1656 illo
1124 1619 1272 1656 hirena-

312 1696 393 1720 rum
430 1689 620 1734 portento,
649 1678 747 1732 quod
775 1688 888 1732 poetae
917 1678 1138 1730 confingunt.
1173 1677 1270 1716 Illud

309 1743 403 1782 enim
415 1742 518 1781 multi
533 1741 869 1794 praeternavigantes
881 1739 1038 1791 effingere
1049 1739 1125 1778 sine
1137 1739 1270 1778 damno

310 1812 494 1857 poterant;
511 1803 600 1841 mihi
622 1803 669 1841 ita
690 1801 859 1839 molestus
877 1800 937 1838 hic
953 1800 1123 1852 scopulus
1137 1809 1212 1847 est,
1232 1810 1271 1839 ut

313 1878 461 1903 nenunc
474 1863 634 1915 quidem,
654 1862 716 1900 ubi
738 1861 835 1900 nulla
854 1863 956 1900 mein
973 1861 1041 1911 lioc
1056 1861 1269 1900 barathrum

313 1925 495 1978 compellit
509 1925 698 1963 necessitas
711 1953 721 1970 ‚
739 1937 760 1961 a
779 1922 873 1961 malo
891 1921 1100 1974 hujusmodi
1120 1921 1271 1961 evadere

317 1987 463 2040 possim.
487 1986 524 2026 Si
544 1986 626 2037 quis
649 1993 767 2023 autem
796 1984 888 2022 banc
908 1984 997 2022 mihi
1023 1984 1270 2037 praefecturam

313 2048 444 2096 tradat,
461 2047 606 2101 perinde
622 2047 728 2085 saciat
747 2060 787 2084 ac
807 2047 834 2084 si
855 2045 976 2099 ligatis
995 2061 1014 2084 a
1034 2055 1132 2099 tergo
1150 2047 1272 2084 mani-

315 2110 386 2150 bus
406 2124 461 2148 me
478 2109 560 2148 seris
580 2109 687 2161 liujus
703 2107 841 2161 scopuli
861 2107 988 2146 incolis
1004 2108 1166 2159 quotidie
1180 2108 1273 2147 lace-

315 2170 467 2209 randum
485 2170 616 2210 tradat.
633 2170 806 2216 Quaenam
820 2168 890 2206 illm
904 2168 1012 2207 ferae?
1025 2169 1097 2215 lra,
1112 2169 1272 2218 tristitia,

316 2229 1170 2278 invidia,contcntio,calumniae,criminati0nes,
1180 2245 1276 2269 men·

315 2291 472 2341 dacium,
486 2290 702 2345 hypocrisis,
718 2289 874 2337 insidiae,
888 2289 948 2328 irae
967 2299 1085 2328 contra
1103 2290 1194 2329 nihil
1209 2291 1274 2329 la:-

317 2352 453 2400 dcntes,
473 2353 673 2405 voluptates
694 2351 740 2390 de
759 2351 1004 2390 ministrorum
1025 2352 1248 2405 turpitudine
1261 2383 1271 2398 ,

316 2413 434 2452 luctus
452 2413 498 2452 de
516 2413 762 2466 prosperitate,
784 2411 938 2450 landum
953 2413 1086 2466 cupido
1099 2443 1110 2463 ,
1127 2413 1274 2453 honoris

315 2474 531 2513 desiderium
553 2478 565 2523 (
584 2474 652 2512 hoc
673 2473 769 2512 enim
786 2473 944 2512 maxime
961 2473 1122 2512 omnium
1145 2474 1275 2513 huma-

317 2548 400 2572 num
417 2534 559 2587 perimit
576 2534 763 2582 animum),
780 2532 952 2571 doctrinm
966 2532 1014 2571 ad
1032 2533 1269 2586 voluptatem,

317 2594 510 2634 illiberales
527 2594 765 2641 adulationes,
785 2593 1007 2647 palpationcs
1022 2595 1190 2641 sordidae,
1206 2595 1270 2634 dc-

316 2666 457 2710 spectus
472 2669 683 2709 pauperum,
695 2655 811 2693 cultus
821 2654 994 2703 divitum,
1008 2655 1160 2694 honores
1171 2656 1272 2695 inde-

317 2718 382 2755 biti
395 2726 428 2756 ct
441 2717 602 2755 damnosi
621 2745 631 2763 ,
645 2716 838 2768 gratiarum
854 2716 1058 2768 largitiones
1072 2717 1273 2769 periculum

318 2788 473 2817 creantes
493 2787 563 2816 tam
589 2777 826 2828 largientibus
855 2791 963 2829 quam
991 2778 1271 2831 accipientibus,

318 2841 425 2878 timor
444 2840 584 2877 servilis
622 2839 882 2890 vilissimisque
911 2848 1050 2878 tantum
1083 2841 1273 2894 mancipiis

319 2914 537 2951 congruens,
560 2899 701 2938 fiducia:
721 2900 936 2949 eliminatio‚
958 2900 1174 2941 humilitatis
1191 2915 1273 2955 spc-

319 2961 388 2998 cics
404 2960 548 3011 quidem
568 2961 678 2998 multa
695 2991 704 3006 ‚
720 2960 882 2999 veritatis
900 2961 997 3000 nulla
1020 2991 1030 3009 ,
1045 2963 1218 3013 arguendi
1239 2973 1273 3003 et

318 3021 526 3072 increpandi
557 3021 706 3059 facultas
733 3021 894 3069 sublata3
917 3021 989 3060 imo
1009 3023 1127 3076 potius
1149 3034 1272 3064 contra

318 3080 439 3132 inopes
457 3081 548 3118 ultra
571 3094 784 3129 mensuram,
804 3081 974 3121 adversus
988 3092 1106 3122 autem
1125 3085 1273 3138 optima-

319 3149 370 3176 tes
404 3155 446 3178 ne
477 3141 611 3178 hiscere
647 3141 790 3192 quidem
822 3142 1012 3194 quisquam
1046 3144 1166 3185 audet.
1191 3146 1274 3185 Haec

320 3199 452 3251 quippe
471 3201 589 3238 omnia
607 3210 639 3239 et
657 3202 784 3239 horum
805 3202 909 3254 plura
932 3203 997 3243 alit
1014 3206 1183 3258 scopulus
1210 3207 1272 3245 ille

320 3261 472 3297 ferarum
496 3274 637 3311 genera,
655 3261 788 3311 quibus
808 3263 915 3301 semel
935 3265 1026 3317 capti
1049 3295 1059 3315 ,
1078 3266 1114 3304 in
1135 3276 1269 3306 tantam

363 3391 374 3403 ¹·
403 3379 464 3412 Alli
483 3385 594 3413 ὶιέλιυι
611 3397 659 3421 με.
687 3381 694 3423 Ι
718 3382 836 3415 Ain-rat
854 3385 921 3429 με]

363 3435 378 3453 0·
407 3430 464 3462 ΛΙιι
485 3446 695 3476 expansam
715 3441 863 3474 ustum-m».

1343 1620 1542 1672 λεπώτερος
1560 1620 1609 1657 ὢν
1639 1613 1748 1671 οὗπερ
1774 1622 1805 1659 οἳ
1839 1619 2021 1670 μυθοποιοὶ
2040 1619 2284 1673 τερατεύονται
2301 1621 2372 1659 τῶν

1346 1681 1524 1733 Σειρήνων
1542 1697 1549 1705 ·
1567 1684 1688 1720 τοῦτον
1715 1681 1784 1733 γὰρ
1809 1681 1934 1720 πολλοὶ
1958 1680 2023 1732 μὲν
2041 1681 2192 1733 ἴσχυσαν
2210 1681 2378 1720 διαπλεύ·

1345 1757 1467 1786 σαντες
1488 1743 1668 1794 διαφυγεῖν
1684 1744 1814 1785 ἀσινεῖς
1835 1757 1843 1765 ·
1865 1741 1944 1793 ἐμοὶ
1968 1742 2004 1780 δὲ
2024 1742 2115 1781 οὕτω
2147 1745 2250 1782 τοῦτο
2267 1744 2376 1795 χαλε-

1345 1803 1430 1849 πὸν,
1458 1805 1506 1846 ὡς
1526 1802 1614 1853 μηδὲ
1634 1807 1712 1851 νῦν,
1734 1803 1791 1841 ὅτε
1815 1802 1962 1854 οὐδεμία
1989 1803 2035 1854 μέ
2065 1819 2118 1847 τις
2136 1803 2272 1855 ἀνάγκη
2292 1802 2379 1855 πρὸς

1348 1864 1460 1902 ἐκεῖνο
1475 1864 1559 1902 ὠθεῖ
1575 1864 1615 1903 τὸ
1632 1862 1820 1916 βάραθρον,
1836 1863 2002 1902 δύνασθαι
2015 1863 2218 1917 καθαρεύειν
2232 1867 2293 1902 τοῦ
2307 1864 2379 1902 δει-

1347 1929 1418 1964 νοῦ.
1439 1927 1484 1964 Εἰ
1505 1926 1541 1964 δὲ
1560 1925 1620 1964 καὶ
1636 1925 1700 1973 τὴν
1719 1924 1930 1965 ἐπιστασίαν
1947 1941 1999 1969 τις
2013 1925 2198 1978 ἐγχειρίζω
2224 1923 2378 1972 ταύτην,

1348 1987 1532 2040 μονονουχὶ
1551 1987 1659 2034 δήσας
1678 1987 1792 2026 ὀπίσω
1819 1987 1869 2025 τὼ
1891 1993 2007 2040 χεῖρε,
2023 1986 2225 2039 παραδώσει
2241 1991 2314 2031 τοῖς
2339 1987 2375 2025 ἐν

1348 2049 1471 2102 ἐκείνῳ
1489 2051 1540 2101 τῷ
1560 2049 1722 2102 σκοπέλῳ
1741 2051 1945 2087 κατοικοῦσι
1961 2047 2093 2100 Θηρίοις
2114 2048 2193 2086 καθ’
2224 2046 2377 2095 ἑκάστην

1350 2127 1394 2161 με
1423 2110 1636 2164 σπαράττειν
1659 2110 1722 2158 τὴν
1749 2111 1900 2163 ἡμέραν.
1922 2110 2015 2149 Τίνα
2035 2110 2073 2149 δέ
2095 2111 2170 2149 ἐστι
2189 2108 2234 2148 τὰ
2254 2109 2377 2163 θηρία;

1347 2171 1486 2222 Θυμὸς,
1502 2171 1646 2223 ἀθυμία,
1666 2172 1808 2224 φθόνος,
1828 2171 1914 2224 ἔρις,
1943 2171 2107 2211 διαίολαὶ
2122 2201 2132 2219 ,
2153 2171 2377 2223 κατηγορίαι,

1348 2233 1492 2285 ψεῦδος,
1523 2232 1706 2285 ὑπόκρισις
1722 2262 1732 2280 ,
1763 2237 1777 2254 ⁰
1798 2232 1983 2272 ἐπιδουλαὶ
1997 2263 2006 2280 ,
2038 2231 2140 2285 ὀργαὶ
2175 2232 2267 2271 κατὰ
2310 2235 2379 2272 τῶν

1349 2294 1570 2342 ἠδικηκότων
1590 2294 1699 2340 οὐδὲν,
1719 2294 1841 2341 ἡδοναὶ
1866 2294 1925 2333 ἐπὶ
1949 2300 2026 2339 ταῖς
2047 2296 2116 2332 τῶν
2142 2293 2380 2346 λειτουργούν·

1348 2359 1418 2394 τῶν
1449 2355 1714 2408 ἀσχημοσύναις
1728 2386 1738 2402 ,
1773 2355 1897 2400 πένθος
1931 2355 1989 2394 ἐπὶ
2031 2361 2108 2399 ταῖς
2141 2354 2347 2408 εὐημερίαις
2365 2384 2376 2403 ,

1351 2416 1502 2455 ἐπαίνων
1533 2416 1638 2470 ἔρως,
1665 2419 1771 2467 τιμῆς
1794 2416 1899 2460 πόθος
1934 2418 2056 2465 (τοῦτο
2086 2415 2128 2463 δὴ
2159 2415 2200 2454 τὸ
2225 2415 2383 2466 μάλιστα

1348 2478 1493 2516 πάντων
1514 2478 1578 2525 τὴν
1604 2477 1825 2530 ἀνθρωπείαν
1844 2478 2095 2530 ἐκτραχηλίζον
2113 2476 2259 2530 ψυχήν),
2279 2475 2380 2515 διδα-

1348 2539 1493 2577 σκαλίαι
1513 2539 1600 2591 πρὸς
1619 2538 1759 2587 ἡδονὴν,
1778 2539 1994 2589 ἀνελεύθεροι
2017 2539 2212 2585 κολακεῖαι,
2233 2540 2381 2575 θωπεῖαι

1349 2601 1518 2651 ἀγεννεῖς,
1540 2600 1818 2652 καταφρονήσεις
1842 2599 2022 2645 πενήτων,
2055 2602 2237 2650 θεραπεῖαι
2268 2599 2380 2635 πλου-

1348 2661 1453 2708 σίων,
1477 2660 1657 2712 ἀλόγιστοι
1685 2661 1786 2711 τιμαὶ
1814 2660 1874 2698 καὶ
1899 2657 2121 2706 ἐπιὸλαέῗεῖς,
2146 2658 2289 2710 χάριτες
2307 2656 2379 2695 κίν-

1349 2723 1446 2760 δυνον
1467 2721 1631 2773 φέρουσαι
1648 2721 1708 2759 καὶ
1722 2727 1793 2764 τοῖς
1806 2719 2000 2772 παρέχουσι
2018 2718 2077 2757 καὶ
2093 2721 2164 2763 τοῖς
2180 2718 2381 2771 δεχομένοις

1348 2783 1475 2828 αὐτὰς,
1511 2780 1616 2835 φόΰος
1649 2783 1889 2833 δουλοπρεπὴς
1903 2810 1912 2827 ,
1941 2780 2000 2818 καὶ
2040 2786 2113 2825 τοῖς
2146 2779 2376 2832 φαυλοτάτοις

1347 2847 1417 2882 τῶν
1437 2843 1666 2896 ἀνδραπόδων
1686 2842 1876 2893 προσήκων
1898 2842 2037 2892 μόνοις,
2063 2841 2262 2894 παῤῥησίας
2281 2840 2383 2880 ἀναί-

1350 2921 1441 2958 ρεσις
1455 2934 1464 2951 ,
1479 2902 1798 2955 ταπεινοφροσύνης
1818 2903 1857 2941 τὸ
1877 2902 1940 2952 μὲν
1971 2904 2095 2954 σχῆμα
2115 2901 2227 2949 πολὺ,
2249 2903 2272 2948 ἡ
2291 2901 2381 2949 ἀλή-

1347 2971 1422 3005 θεια
1440 2965 1475 3004 δὲ
1492 2966 1662 3015 οὐδαμοῦ,
1680 2962 1819 3015 ἔλεγχοι
1833 2962 1867 3000 δὲ
1886 2962 2044 3001 ἐκποδὼν
2066 2962 2126 3000 καὶ
2146 2961 2383 3013 ἐπιτιμήσεις,

1348 3026 1481 3076 μᾶλλον
1507 3024 1543 3065 δὲ
1570 3022 1662 3062 κατὰ
1698 3022 1761 3074 μὲν
1787 3025 1855 3061 τῶν
1887 3025 2060 3061 ταπεινῶν
2100 3021 2160 3060 καὶ
2200 3020 2292 3075 πέρα
2318 3024 2381 3060 τοῦ

1348 3086 1495 3138 μέτρου,
1515 3084 1574 3123 ἐπὶ
1594 3084 1629 3124 δὲ
1649 3086 1718 3122 τῶν
1750 3082 1955 3122 δυναστείαν
1976 3081 2286 3135 περιίεὸλημένων
2304 3080 2382 3120 οὐδὲ

1347 3147 1466 3199 διᾶραί
1486 3163 1537 3190 τις
1557 3146 1600 3185 τὰ
1619 3146 1721 3198 χείλη
1749 3146 1877 3195 τολμᾷ.
1901 3144 2027 3182 Ταῦτα
2046 3143 2115 3195 γὰρ
2142 3142 2298 3189 ἅπαντα,
2321 3142 2382 3180 καὶ

1347 3208 1391 3246 τὰ
1413 3207 1544 3246 τούτων
1558 3205 1701 3245 πλείονα
1714 3234 1724 3252 ,
1740 3207 1758 3243 ὁ
1774 3203 1941 3247 σκόπελος
1967 3206 2095 3246 ἐκεῖνος
2113 3202 2232 3255 τρέφει
2255 3203 2379 3255 θηρία,

1346 3264 1395 3313 οἷς
1430 3268 1507 3312 τοὺς
1545 3266 1639 3311 ἅπαξ
1674 3265 1819 3309 ἅλόντας
1857 3267 1904 3308 εἷς
1940 3268 2102 3304 τοσοῦτον
2137 3263 2273 3315 ἀνάγκη
2311 3278 2379 3302 κα-

1408 3401 1419 3413 *
1450 3389 1509 3421 Alii
1527 3394 1690 3426 επιέουὶαῐ,
1706 3394 1785 3431 1211?
1807 3395 1894 3422 anu·-
1909 3387 1982 3419 Mox
2000 3386 2100 3430 aliqui
2119 3390 2373 3430 τυλὶεςτσυργούν·

1366 3456 1432 3472 3²1,-
