2549 3825
629 273 688 302 AD
735 272 958 303 STAGmUM
999 274 1023 302 A
1061 272 1257 302 DAEMONE
1293 269 1531 299 vExATUM.

2159 247 2216 274 r'l'

1573 267 1657 297 LlB.
1698 265 1744 296 11.
2126 265 2215 293 23)

159 358 217 395 καὶ
247 355 417 407 ἐτρύφων·
441 359 458 394 ὁ
478 355 513 393 δὲ
550 357 683 393 πενθῶν
712 354 771 392 καὶ
805 353 997 404 ἀνιώμενος
1023 356 1083 393 καὶ
1116 355 1244 420 »ια-’ΝΑὃ
1261 366 1366 403 quam
1388 352 1441 390 illi
1463 360 1619 389 moestus.
1644 350 1735 387 Nam
1756 360 1837 386 cum
1858 346 2017 385 vitulum
2035 346 2214 390 fecerunt,

158 417 357 469 ταρώμενος
387 419 500 467 ἑαυτῷ
533 415 595 462 τὴν
626 414 788 467 χαλεπὴν
809 415 945 462 ἐκείνην
974 415 1061 466 ἀρὰν
1091 418 1178 453 Μω-

159 482 222 525 σῆς
248 472 308 524 ἦν,
331 477 392 515 καὶ
419 476 515 516 οὐδὲν
549 477 652 515 αὐτὸν
689 476 780 520 ὅλως
815 475 949 514 ἔπειθεν
985 476 1181 521 ἀποστῆναι

159 542 220 585 τῆς
240 538 458 589 συμπαθείας
477 541 539 584 τῆς
563 538 648 590 πρὸς
668 537 800 580 αὐτούς.
816 536 908 580 Τοὺς
924 529 980 574 οἶν
997 535 1105 580 οὕτως
1124 538 1182 573 ὑπ’

160 602 262 638 αὐτοῦ
291 599 521 650 ποθουμένους
552 600 610 637 ἐπὶ
635 599 675 637 τὸ
707 604 824 650 χεῖρον
845 598 899 636 ἀεὶ
930 597 1186 649 προὸαίνοντας

164 663 272 712 ὁρῶν,
296 659 388 711 πόσῃ
425 660 543 712 λύπῃ,
563 660 685 703 πόσοις
715 661 751 697 δε
785 659 853 711 ἄρα
889 658 1184 710 συνανεστρέφετο

161 722 350 773 δάκρυσιν;
373 722 417 759 Εἰ
434 721 503 773 γὰρ
518 719 579 758 ἕνα
598 736 651 763 τις
675 720 748 758 υἱὸν
771 720 862 772 ἔχων
890 720 954 757 οὐκ
982 718 1022 756 ἂν
1046 718 1183 758 δύναιτο

161 785 234 832 ζῇν,
256 782 288 820 εἴ
322 797 407 820 ποτε
436 782 592 820 αἴσθοιτο
621 781 706 832 πρὸς
735 780 862 819 κακίαν
892 780 996 818 αὐτὸν
1033 780 1183 818 ἀποκλί-

161 858 289 889 ναντα,
309 843 368 880 καὶ
387 844 417 880 εἷ
439 842 581 880 πάντων
610 842 711 884 αὐτὸς
735 840 967 893 πονηρότερος
989 840 1037 878 ὢν
1059 840 1180 893 τύχοι,

160 903 219 941 τὸν
249 903 418 954 μυριάδας
446 902 615 946 τοσαύτας
647 905 680 940 ἐν
713 901 808 946 τάξει
837 900 972 939 παίδων
1006 902 1181 951 κεκτημέ-

160 979 238 1011 νον,
272 965 405 1013 μᾶλλον
434 963 471 1001 δὲ
502 963 563 1001 καὶ
590 962 678 1014 ὑπὲρ
703 964 832 1006 παῖδας
862 964 1047 1013 φιλοῦντα·
1074 963 1183 1006 οὐδεὶς

160 1024 227 1076 γὰρ
261 1024 300 1062 ἂν
332 1023 462 1071 ηὔξατο
493 1023 614 1075 πατὴρ
649 1023 904 1062 συναπολέσθαι
941 1024 1040 1061 παιδὶ
1074 1024 1182 1073 μηδὲν

159 1084 373 1136 ἡμαρτηκὼς
387 1113 397 1132 ,
418 1083 576 1135 καθάπερ
609 1085 757 1127 ἐκεῖνος·
779 1083 836 1121 τὸν
869 1083 910 1130 δὴ
933 1083 1023 1121 οὕτω
1055 1085 1184 1126 παῖδας

159 1146 373 1196 κεκτημένον
409 1144 612 1193 τοσούτους,
659 1144 895 1196 μισοπόνηρόν
933 1161 971 1182 τε
1009 1145 1093 1183 ὄντα
1124 1145 1185 1182 καὶ

160 1207 367 1259 φιλάγαθον,
387 1207 422 1244 τί
445 1206 511 1245 οἴει
530 1206 681 1258 πάσχειν
701 1205 834 1248 πάντας
854 1205 976 1250 αὐτοὺς
1001 1205 1121 1258 ὥσπερ
1146 1206 1186 1245 ἔκ

159 1283 250 1312 τινος
281 1268 497 1318 συνθήματος
527 1269 574 1310 εἷς
590 1268 648 1306 τὸν
667 1269 730 1312 τῆς
752 1266 879 1309 κακίας
898 1267 1053 1319 κρημνὸν
1078 1283 1187 1305 κατα-

159 1329 356 1381 δραμόντας
382 1329 524 1376 ἷδόντα;
547 1330 600 1367 Οὐ
619 1328 687 1379 γὰρ
715 1328 754 1366 ἂν
784 1328 882 1378 εἰμὴ
917 1327 1050 1380 σφόδρα
1083 1328 1185 1366 αὐτὸν

159 1391 333 1429 ἐσκότωσε
360 1390 420 1428 καὶ
445 1391 485 1428 ἐκ
508 1390 646 1442 βάθρων
673 1390 777 1427 αὐτοῦ
807 1388 870 1435 τὴν
898 1389 1015 1440 ψυχὴν
1049 1389 1186 1442 ἀνέτρε·

160 1454 223 1501 ψεν
243 1454 261 1489 ὃ
287 1455 349 1498 τῆς
380 1451 530 1501 ἀθυμίας
557 1450 692 1496 ἐκείνης
723 1449 880 1502 ἴλιγγος,
899 1450 961 1493 τὰς
981 1450 1118 1493 πλάκας
1145 1450 1184 1488 ἂν

160 1512 299 1564 ἔῤῥιψεν
330 1511 399 1550 ἀπὸ
425 1515 494 1550 τῶν
526 1513 653 1563 χειρῶν
685 1510 745 1548 καὶ
777 1510 1001 1563 συνέτριψεν,
1019 1512 1096 1549 ἀλλ’
1128 1511 1186 1549 ἰά-

162 1587 248 1610 σατο
266 1572 400 1623 ταχέως
426 1571 490 1617 τὴν
511 1571 705 1623 συμφοράν.
723 1571 829 1610 Ἀλλὰ
849 1572 884 1609 τί
902 1572 1068 1618 ποιήσας,
1088 1573 1184 1620 ein-5¹3

160 1633 219 1671 καὶ
248 1632 317 1684 γὰρ
335 1635 354 1670 ὁ
371 1637 434 1677 τῆς
465 1633 618 1685 ἰατρείας
653 1632 800 1683 τρόπος,
828 1635 858 1670 εἰ
888 1632 948 1670 καὶ
976 1634 1183 1684 παρεμυθή-

160 1709 246 1733 σατο
271 1695 311 1733 τὸ
339 1693 496 1745 γεγονὸς,
513 1695 590 1731 ἀλλ’
609 1693 702 1743 ὅμως
721 1693 781 1731 καὶ
801 1693 901 1736 αὐτὸς
921 1695 1059 1732 πολλῶν
1079 1693 1182 1743 ἔγεμε

159 1754 329 1807 δακρύων·
345 1754 405 1792 καὶ
431 1754 540 1797 οὐδεὶς
561 1754 652 1792 οὕτω
680 1753 807 1797 λίθινος
829 1749 894 1801 ἦν,
915 1757 961 1796 ὡς
983 1753 1092 1805 μηδὲν
1113 1770 1183 1792 πα-

160 1818 228 1852 θεῖν
248 1814 416 1867 ἀδελφοὺς
442 1816 501 1853 καὶ
529 1820 703 1866 συγγενεῖς
731 1815 798 1852 ὑπὸ
817 1817 886 1852 τῶν
916 1814 1054 1853 οἰκείων
1071 1831 1182 1867 σφατ-

158 1875 321 1925 τομένους
346 1879 457 1926 ὁρῶν,
487 1875 547 1914 καὶ
578 1879 626 1919 εἷς
658 1875 865 1928 τρισχιλίων
899 1877 1075 1928 σωμάτων
1107 1879 1181 1928 ἀρι-

160 1935 244 1986 θμὸν
265 1936 328 1982 τὴν
351 1936 503 1983 ἐλεεινὴν
524 1936 652 1984 ταύτην
673 1936 916 1987 ἐκτεινομένην
938 1938 1090 1990 σφαγήν.
1112 1939 1182 1977 Καὶ

158 1996 227 2050 γὰρ
256 1999 358 2048 ἡμεῖς
375 1997 455 2041 τοὺς
476 1999 604 2042 παῖδας
634 1997 712 2041 τοὺς
740 2000 872 2037 ἑαυτῶν
898 1998 982 2038 ὅταν
1020 2001 1077 2038 ἐπί
1112 2017 1181 2039 τινι

159 2059 394 2110 λαμὸάνωμεν
432 2061 554 2114 δεινῷ,
587 2060 821 2112 στρεὸλοῧμεν
851 2060 936 2112 μὲνε,
966 2062 1026 2100 καὶ
1054 2078 1183 2113 μαστι-

160 2124 310 2170 γοῧμεν,
339 2124 401 2160 οὐκ
433 2121 605 2174 ἀναλγητὶ
641 2121 677 2160 δὲ
710 2125 813 2160 τοῦτο
842 2122 1062 2174 πράττομεν,
1088 2124 1179 2162 ἀλλὰ

161 2180 250 2230 μετὰ
272 2181 419 2234 θλίψεως
437 2184 499 2221 οὐκ
518 2182 699 2226 ἐλάττονος
723 2184 792 2220 τῶν
823 2183 1031 2236 πασχόντων
1052 2186 1178 2223 αὐτῶν.

210 2430 348 2468 Πολλοῦ
377 2431 418 2478 δὴ
450 2431 527 2469 τότε
565 2431 708 2476 πένθους
741 2433 841 2471 αὐτὸν
869 2433 927 2470 καὶ
964 2433 1003 2470 τὸ
1031 2432 1177 2485 στρατό-

157 2499 260 2537 πεδον
290 2499 451 2552 ἔχοντος,
484 2501 586 2553 ἑτέρα
630 2502 737 2540 πάλιν
775 2503 907 2554 ἀγωνία
941 2502 1175 2554 προσετίθετο.

155 2570 231 2608 Οὐκ
262 2569 313 2608 ἔτι
333 2569 401 2623 γὰρ
434 2572 549 2616 αὐτοῖς
576 2571 847 2623 στρατηγήσειν,
867 2573 944 2610 ἀλλ’
965 2572 1174 2623 ἐγκαταλεί-

157 2641 232 2690 ψειν
253 2639 374 2686 αὐτὸν,
394 2640 454 2679 καὶ
474 2639 613 2694 ἀγγέλῳ
631 2640 853 2694 παραδώσειν
871 2640 933 2687 τὴν
959 2642 1174 2694 προστασίαν

157 2708 267 2746 αὐτῶν
299 2708 492 2755 ἠπείλησεν
527 2712 545 2748 ὁ
576 2709 678 2754 Θεός·
702 2710 720 2748 ὃ
748 2709 890 2748 πάντων
919 2713 1173 2766 ἀφορητότερον

155 2771 196 2825 ἦν
217 2780 267 2830 τῷ
289 2779 415 2830 Μωσῇ.
429 2778 592 2818 Ἄκουσον
609 2782 688 2830 γοῦν
709 2774 764 2817 οἷά
782 2795 868 2832 φησι
892 2781 977 2832 πρὸς
993 2782 1051 2820 τὸν
1071 2783 1174 2820 Θεόν·

159 2848 199 2886 Εἰ
227 2847 277 2898 μὴ
303 2847 344 2888 σὺ
375 2848 476 2892 αὐτὸς
507 2849 710 2902 συμπορεύῃ
743 2865 824 2900 μοι,
843 2850 891 2902 μὴ
922 2851 1099 2904 ἀναγάγῃς
1130 2869 1173 2902 με

154 2916 318 2956 ἐντεῦθεν.
338 2916 448 2969 Ὁρᾷς
469 2920 543 2961 πῶς
574 2918 674 2970 φόὸοι
713 2918 859 2970 φόὸους,
882 2923 942 2959 καὶ
972 2923 1081 2959 λῦπαι
1105 2923 1174 2960 διε·

154 2981 294 3035 δέχοντο
321 2985 461 3035 λύπας;
487 2986 556 3025 Καὶι
587 2987 662 3024 οὐδὲ
692 2986 796 3040 μέχρι
827 2989 956 3028 τούτων
982 2990 1104 3029 ἵστατο
1135 2991 1173 3028 τὸ

152 3052 272 3090 διινόν·
293 3056 369 3093 ἀλλ’
392 3056 510 3104 ἐπειδὴ
530 3056 589 3094 καὶ
617 3059 719 3096 τοῦτο
745 3057 863 3096 ἔπεισε
891 3059 948 3097 τὸν
978 3059 1091 3104 Θεὸν,
1113 3059 1171 3096 καὶ

152 3121 328 3162 ι’πίνιυσεν
359 3125 669 3180 ὁφιλάνθρωπος,
702 3127 760 3164 καὶ
800 3127 862 3174 τὴν
896 3128 1000 3180 χάριν
1043 3127 1171 3174 ἔδωκε,

152 3190 254 3231 πάλιν
276 3193 411 3246 ἑτέραις
437 3195 537 3233 αὐτὸν
566 3195 795 3248 περιέὸαλλον
816 3197 975 3244 ὀδύναις,
993 3197 1050 3235 τὸν
1069 3197 1171 3236 ἵλεων

153 3260 332 3312 γινόμενον
359 3263 624 3316 παροξύνοντες,
655 3266 712 3304 καὶ
742 3272 817 3309 ταῖς
849 3266 1014 3318 ἐσχάταις
1035 3266 1175 3310 ἑαυτοὺς

155 3332 409 3384 πιριπιίροντες
444 3341 647 3386 συμφοραῖς.
692 3336 791 3374 Μετὰ
832 3336 900 3388 γὰρ
932 3338 993 3383 τὴν
1039 3339 1174 3389 σφαγὴν

156 3398 216 3445 τὴν
233 3401 488 3452 πολυδάκρυτον
511 3402 600 3441 οὕτω
621 3404 882 3456 προσέκρουσαν
905 3404 1028 3449 πάλιν,
1046 3408 1092 3448 ὡς
1119 3408 1177 3444 ι’)ι-

157 3468 362 3508 )ιαλίσασθαι
400 3474 475 3508 καθ’
500 3475 629 3510 ἑαυτῶν
659 3473 714 3509 τὸν
750 3475 958 3524 ἐμπρησμὸν
993 3477 1140 3521 ἐκεῖνον,
1161 3479 1177 3513 ¹)

1206 2802 1227 2830 Ι)

1260 412 1326 463 ipsi
1342 410 1485 461 quidem
1501 410 1670 448 ludebant
1687 422 1727 445 ac
1742 406 2000 452 lasciviebant,
2019 407 2138 443 Moses
2153 419 2218 443 au·

1261 480 1330 508 tem
1346 471 1470 521 lugens
1491 485 1531 508 ac
1554 483 1706 507 moerore
1732 469 1898 513 affectus,
1919 466 2150 504 maledjctum
2169 466 2217 504 il-

1263 530 1327 567 lud
1342 530 1500 567 terribile
1515 529 1584 566 sibi
1600 527 1877 580 imprecabatur,
1896 526 2056 577 nihilque
2072 525 2218 563 omnino

1262 590 1329 641 ipsi
1345 590 1558 641 persuadere
1571 596 1708 641 poterat
1720 617 1729 633 ,
1750 596 1790 624 ut
1805 601 1823 623 a
1839 587 2076 624 miserationis
2090 587 2218 624 affectu

1261 649 1467 686 abstineret.
1492 650 1584 686 Cum
1611 649 1722 698 igitur
1741 646 1791 684 sic
1813 645 1962 682 dilectos
1989 646 2024 683 in
2044 646 2218 683 deteriora

1261 721 1398 758 semper
1426 707 1593 758 progredi
1623 705 1860 757 conspiceret,
1889 713 2021 754 quanto
2047 704 2151 741 illum
2180 705 2217 741 in

1260 766 1383 803 dolore
1395 796 1405 814 ‚
1417 766 1548 816 quibus
1564 765 1733 817 lacrymis
1743 764 1877 815 jugiter
1892 773 2071 801 versatum
2090 764 2218 814 putas?

1260 826 1300 864 Si
1319 826 1413 863 enim
1431 840 1542 862 unum
1557 827 1639 876 quis
1658 833 1795 862 tantum
1814 824 1949 861 habens
1966 823 2082 860 filium
2101 823 2221 860 vivere

1261 886 1336 923 sine
1348 885 1471 923 dolore
1481 899 1550 922 non
1569 894 1681 936 potest
1692 915 1701 931 ,
1717 898 1799 921 eum
1815 883 1920 920 illum
1935 896 2074 934 semper
2087 882 2121 919 in
2135 882 2221 920 vitia

1262 958 1414 996 pronum
1431 943 1704 991 animadvertit,
1721 944 1828 980 etiam
1845 942 1873 980 si
1891 942 1966 993 ipse
1982 941 2150 978 omnibus
2165 954 2220 978 ne-

1261 1003 1364 1053 quior
1378 1003 1445 1041 sit:
1468 1003 1499 1041 is
1516 1002 1579 1053 qui
1600 1011 1651 1039 tot
1670 1001 1783 1039 millia
1801 1000 1986 1038 hominum
2008 1001 2043 1038 in
2063 1000 2222 1038 filiorum

1261 1064 1387 1102 ordine
1403 1064 1602 1110 locaverat,
1617 1063 1690 1100 imo
1709 1076 1792 1100 vero
1809 1062 2002 1114 plusquam
2017 1061 2113 1098 filios
2127 1074 2222 1098 ama—

1261 1123 1322 1162 bat
1339 1124 1482 1172 (nullus
1499 1124 1592 1161 enim
1613 1131 1728 1174 pater,
1746 1121 1838 1159 sicut
1854 1121 1916 1158 ille
1929 1151 1939 1169 ⁷
1962 1134 2042 1158 eum
2059 1120 2134 1173 filio
2152 1134 2220 1157 una

1264 1186 1380 1236 perire
1392 1184 1489 1237 eupit
1499 1215 1509 1233 ,
1528 1198 1609 1222 eum
1623 1182 1804 1236 praecipue
1816 1181 1907 1219 nihil
1920 1182 2159 1233 peccaverim:
2177 1182 2221 1226 is,

1264 1246 1408 1296 inquam
1421 1275 1430 1293 ‚
1453 1245 1513 1296 qui
1537 1254 1586 1283 tot
1604 1243 1759 1282 habebat
1778 1242 1895 1291 filios,
1917 1242 2013 1279 mala
2032 1256 2197 1280 aversans
2210 1273 2219 1289 ,

1263 1319 1304 1342 ac
1321 1305 1411 1342 bona
1431 1304 1588 1342 studiose
1606 1303 1779 1355 diligens,
1803 1302 1892 1352 quid
1912 1315 2035 1353 passus
2055 1315 2129 1338 esse
2147 1316 2217 1354 pu-

1265 1365 1392 1403 tandus
1411 1375 1482 1413 est,
1504 1379 1586 1403 cum
1604 1379 1662 1402 eos
1681 1377 1799 1401 omnes
1814 1393 1823 1411 ‚
1857 1363 1966 1400 veluti
1991 1376 2035 1399 ex
2064 1362 2219 1413 quodam

1264 1425 1445 1472 condicto,
1466 1423 1513 1462 ad.
1531 1424 1700 1461 vitiorum
1721 1422 1918 1474 praecipitia
1939 1435 2079 1459 currere
2100 1421 2220 1461 intuc-

1264 1486 1386 1523 retur?
1405 1486 1527 1536 Neque
1546 1484 1641 1522 enim
1661 1482 1728 1520 nisi
1749 1482 1904 1520 tenebris
1923 1482 2061 1520 offusus
2081 1482 2220 1520 anima-

1263 1560 1332 1596 que
1357 1561 1403 1584 ex
1431 1546 1556 1583 intimo
1583 1544 1717 1582 doloris
1744 1557 1848 1580 sensu
1880 1543 2032 1594 caligine
2052 1542 2217 1592 turbata,

1263 1605 1402 1643 tabulas
1433 1604 1478 1643 de
1505 1604 1672 1642 manibus
1700 1616 1871 1652 umquam
1901 1602 2086 1654 abjecisset
2115 1601 2234 1653 atque'

1263 1664 1501 1702 contrivisset.
1521 1662 1592 1701 Sed
1610 1663 1680 1700 cito
1696 1660 1814 1699 clades
1830 1661 1892 1698 illa
1907 1660 2026 1699 sedata
2043 1660 2088 1698 ah
2103 1675 2143 1698 eo
2156 1670 2219 1699 est.

1263 1722 1448 1768 Quonam,
1466 1735 1586 1772 quaeso
1598 1752 1608 1766 ,
1630 1720 1784 1759 remedio
1796 1719 1813 1755 ἶ)
1827 1720 1962 1770 Nempe
1977 1718 2069 1756 enim
2084 1719 2222 1757 etiamsi

1262 1781 1455 1819 curationis
1469 1781 1534 1818 illo
1548 1794 1673 1833 genere
1689 1790 1848 1818 sanatum
1866 1777 1970 1816 suerit
1984 1777 2129 1824 vulnus,
2147 1778 2223 1829 ipse

1263 1851 1377 1879 tamen
1390 1850 1464 1879 erat
1478 1854 1617 1893 semper
1631 1840 1667 1877 in
1683 1839 1866 1892 lacrymis.
1890 1836 2022 1875 Nullus
2042 1837 2135 1874 enim
2150 1837 2222 1876 sere

1261 1903 1309 1939 ita
1329 1911 1417 1939 esset
1436 1900 1600 1953 lapideus
1614 1930 1623 1946 ‚
1648 1899 1708 1950 qui
1735 1899 1826 1936 nihil
1849 1906 2026 1950 pateretur
2045 1897 2167 1934 fratres
2186 1907 2220 1935 et

1260 1970 1426 2013 cognatos
1444 1976 1462 1999 a
1489 1961 1561 1998 suis
1580 1957 1754 2003 interfici,
1777 1966 1882 2008 atque
1899 1954 1944 1992 ad
1961 1954 2090 2004 viginti
2107 1954 2217 1992 trium

1260 2021 1416 2059 millium
1435 2032 1623 2058 numerum
1643 2031 1720 2056 eam
1736 2015 1868 2054 caedem
1885 2013 2053 2067 progredi
2072 2013 2218 2065 conspi-

1259 2083 1367 2121 ciens.
1390 2082 1462 2120 Nos
1481 2080 1616 2132 quippe
1633 2093 1714 2116 eum
1732 2077 1862 2115 liberos
1882 2084 2019 2114 nostros
2040 2074 2074 2111 in
2097 2074 2217 2125 aliquo

1259 2156 1418 2196 peccasse
1438 2139 1760 2193 deprehendimus,
1792 2136 1977 2175 tormentis
2003 2134 2148 2186 quidem
2178 2149 2218 2172 ac

1258 2204 1378 2255 flagris
1404 2203 1486 2241 illos
1512 2201 1722 2249 subdimus3
1745 2213 1870 2237 verum
1896 2198 1934 2236 id
1962 2210 2030 2234 non
2056 2197 2130 2234 sine
2152 2196 2219 2234 do-

1260 2266 1332 2303 lore
1358 2265 1530 2312 facimus,
1562 2276 1623 2300 nec
1651 2262 1769 2299 minus
1795 2273 1902 2310 quam
1930 2258 1992 2309 qui
2029 2258 2218 2310 patiuntur

1257 2326 1466 2377 affligimur.

1311 2438 1349 2473 4.
1373 2435 1463 2472 Cum
1484 2447 1566 2484 ergo
1588 2442 1619 2469 et
1647 2432 1750 2468 illum
1770 2440 1800 2467 et
1822 2439 1934 2467 castra
1956 2428 2136 2466 maximus
2157 2428 2214 2464 lu-

1257 2507 1334 2535 ctus
1353 2503 1555 2547 occupasset
1570 2523 1577 2535 ,
1599 2492 1666 2528 alia
1687 2505 1808 2528 rursus
1824 2490 1984 2527 anxietas
2000 2488 2138 2540 adjecta
2152 2497 2215 2524 est.

1258 2560 1354 2596 Deus
1383 2556 1478 2593 euim
1508 2568 1544 2591 se
1577 2565 1644 2589 nun
1670 2551 1743 2601 jani
1775 2550 1846 2586 illis
1876 2549 2121 2600 parciturum.
2152 2547 2211 2585 sed

1256 2633 1314 2656 eos
1340 2617 1613 2656 derelicturiuu.
1636 2611 1848 2661 angelosque
1873 2609 2042 2646 daturum
2068 2609 2211 2646 illorum

1257 2694 1379 2718 curam
1417 2676 1631 2715 minulmtur.
1671 2674 1711 2711 hl
1750 2685 1835 2709 vero
1877 2673 1969 2708 Mosi
2009 2671 2125 2707 visum
2161 2680 2213 2708 est

1254 2741 1414 2779 munium
1441 2736 1722 2776 acerbissimum.
1748 2732 1841 2770 Audi
1870 2745 2022 2783 natuque
2042 2731 2131 2782 qnid
2155 2731 2215 2769 ille

1254 2802 1300 2841 ad
1329 2803 1441 2840 Deum
1471 2799 1639 2848 loquutus
1667 2795 1836 2832 sirmis-1·
1855 2795 1935 2843 ipse
1963 2797 2101 2830 <venias
2132 2806 2214 2829 me·-

1254 2877 1338 2902 cum
1354 2892 1361 2906 ,
1382 2876 1427 2898 ne
1443 2861 1584 2897 edm-as
1599 2871 1658 2894 me
1674 2858 1775 2893 hinc.
1798 2853 1954 2891 videsue
1971 2862 2007 2890 ut
2023 2853 2213 2890 timoribus
2254 2853 2269 2868 ·“

1254 2926 1397 2962 timores
1409 2953 1417 2966 ,
1439 2933 1674 2969 uueroresque
1691 2915 1903 2954 nuri-oribus
1919 2928 2058 2966 semper
2075 2929 2214 2952 succes—

1253 2985 1385 3024 serint?
1403 2985 1522 3033 Neque
1539 2991 1650 3018 tsunen
1669 2980 1835 3016 lut-tenus
1854 2985 2022 3013 steterunt
2038 2975 2186 3013 adversa
2201 3006 2210 3016 ,

1255 3064 1376 3087 reruni
1393 3062 1473 3085 euin
1492 3047 1526 3083 id
1544 3059 1684 3096 «pioque
1701 3041 1928 3095 persuasisset
1949 3041 2021 3077 Deo
2036 3070 2044 3082 ,
2062 3040 2214 3077 :munis-

1251 3119 1371 3160 setque
1395 3109 1454 3145 ille
1474 3105 1682 3142 clementius
1697 3132 1705 3144 ,
1733 3117 1772 3138 .·u·
1800 3100 2016 3152 pru-stitisset
2039 3101 2189 3149 gratiam
2205 3131 2214 3141 ,

1251 3171 1331 3208 siliis
1350 3182 1471 3207 rursus
1489 3165 1676 3203 ‹tolon-ibus
1693 3163 1879 3211 affligitur.
1907 3161 2020 3197 Deum
2037 3161 2110 3211 janu
2131 3174 2215 3212 pro-

1252 3231 1379 3283 pitium
1400 3229 1450 3265 illi
1471 3227 1666 3267 irritantes,
1686 3237 1758 3259 sese
1780 3220 1929 3258 summis
1947 3220 2213 3257 ralmututibus

1251 3298 1487 3343 exposuerunt
1508 3303 1513 3322 t
1535 3300 1615 3323 nutu
1638 3294 1713 3336 pust
1745 3282 1875 3320 cardoun
1899 3281 1996 3319 illam
2026 3281 2208 3333 lacryma-

1253 3355 1375 3394 bilem.
1396 3353 1441 3388 itu
1462 3352 1574 3387 lleuin
1593 3361 1713 3385 rursus
1726 3344 1946 3382 attenderunt
1959 3374 1967 3388 ,
1985 3352 2022 3380 ut
2039 3354 2158 3380 eontra
2176 3358 2211 3379 se

1255 3413 1456 3452 iun-rudium
1479 3410 1566 3448 illud
1587 3415 1816 3461 proruentem
1829 3436 1838 3450 ,
1855 3420 1895 3442 rx
1916 3419 1986 3455 qun
2004 3419 2123 3441 munes
2142 3405 2212 3440 sru-

1254 3476 1426 3512 sons-nnn
1449 3472 1651 3524 petiissent.
1675 3469 1740 3506 uisi
1765 3481 1901 3504 stitutum
1923 3481 2003 3513 erg-i
2034 3466 2111 3502 illos
2141 3465 2191 3501 ιΙι·

2236 2439 2298 2466 Aha

2233 2481 2342 2508 huom-

2327 2442 2403 2467 tuln

2393 2491 2417 2509 Η

2296 2534 2420 2550 niu-tut·-

2232 2562 2322 2601 ,ιιι-μ.
2333 2579 2343 2589 ,

2233 2614 2363 2634 tensum.

2233 2802 2322 2827 Ι“ι.·Ι

2356 2803 2403 2829 ἶὴ
