2549 3825
669 249 728 279 AD
764 247 1001 278 STAGlRlUM
1040 248 1065 276 Α
1104 248 1301 278 ΠΕΜΟΝΕ

207 343 322 375 πᾶσαν
347 332 410 379 τὴν
431 331 574 385 πρώτην
600 331 740 378 ἡλικίαν
771 331 839 369 υπὸ
869 330 1055 382 βαρὸάρων
1089 331 1221 382 ἀνδρων

206 394 455 468 ἀνατρέφεται·
475 396 514 431 οὓ
533 391 568 430 τί
587 391 714 444 γένοιτ’
738 391 779 429 ἂν
794 391 1043 443 ’χαλεπώτερον
1062 390 1221 443 Ἑὸραίῳ

203 454 373 508 μειρακίῳ
391 468 452 492 και
469 468 548 492 νουν
570 452 706 506 ἔχοντι,
726 452 791 491 κᾶν
823 451 984 504 μυριάκις
1015 456 1104 489 εἰναι
1135 453 1218 501 δοκῇ

204 516 376 570 βασιλέως
391 515 480 563 υἱός;
501 513 593 553 Ἰότε
613 514 650 552 δὲ
669 516 708 552 οὖ
727 518 828 552 τοῦτο
849 513 951 564 μόνον
968 516 1012 559 ἠν
1033 513 1074 551 τὸ
1094 513 1220 557 δεινὸν,

201 576 280 615 ἀλλ’
307 577 361 615 ὅτι
394 576 454 614 καὶ
482 575 523 614 τὸ
553 575 724 627 ὁμόφυλον
759 574 854 613 ἅπαν
889 576 923 613 ἐν
954 580 1030 618 ταῖς
1055 573 1222 625 ἐσχάταις

200 637 293 691 ἐώρα
320 644 528 689 συμφοραῖς.
547 636 598 686 Ὁ,
625 636 693 688 γὰρ
733 635 821 686 μηδὲ
859 638 920 686 ζῇν
959 635 1220 688 ἀνασχόμενος,

201 699 289 750 μηδὲ
307 701 341 737 ἐν
360 702 403 750 τῇ
427 698 539 752 βίὸλῳ
554 697 749 751 γεγράφθαι
767 702 826 736 τοῦ
845 700 938 737 Θεοῦ
957 700 1020 744 τῆς
1044 696 1221 748 σωτηρίας

199 762 261 806 τῆς
289 759 427 799 ἐκείνων
457 759 584 812 χωρὶς,
602 761 677 802 πῶς
705 758 745 797 ἂν
772 760 852 797 τῶν
872 760 906 797 ἐν
935 764 1006 800 τοῖς
1034 757 1222 808 βασιλείοις

200 820 378 859 ἀπέλαυσε
392 822 510 858 καλῶν
532 822 567 858 ἐν
588 818 741 872 τοσούτῳ
763 819 913 857 κλύδωνι
931 818 1113 869 κειμένους
1132 820 1220 870 ὁρῶν

199 881 355 924 ἅπαντας
364 896 374 928 ;
393 883 438 919 Εἰ
463 881 532 935 γὰρ
557 884 651 931 ἡμᾶς
676 879 754 924 τοὺς
783 880 874 930 μετὰ
898 883 1060 919 τοσοῦτον
1093 879 1220 931 χρόνον

198 942 447 994 γεγενημένους
478 943 538 981 καὶ
568 942 664 980 οὐδὲν
694 945 831 981 τοιοῦτο
872 941 1050 992 δικαίωμα
1080 957 1222 991 συμπα-

199 1005 292 1048 θείας
310 1004 397 1056 πρὸς
415 1003 604 1048 Ἰουδαίους
632 1004 777 1056 ἔχοντας
805 1007 967 1046 τοσοῦτος
989 1003 1083 1047 ἔλεος
1111 1001 1222 1054 εἷσέρ-

197 1081 300 1118 χεται
317 1068 380 1112 τῆς
393 1064 636 1108 παιδοκτονίας
652 1064 786 1112 ἐκείνης
798 1094 808 1112 ,
826 1064 860 1102 τί
880 1067 942 1102 οὐκ
958 1063 997 1101 ἂν
1016 1067 1034 1102 ὃ
1051 1064 1223 1116 μακάριος

196 1127 326 1170 ἐκεῖνος
356 1126 484 1175 ἔπαθε,
506 1127 628 1178 πολλῷ
663 1125 726 1176 μὲν
758 1128 808 1178 τῷ
838 1125 936 1178 πόθῳ
965 1125 1052 1176 πρὸς
1084 1131 1154 1163 πᾶν
1184 1126 1224 1163 τὸ

199 1187 295 1231 ἔθνος
316 1188 578 1238 συνδεδεμένος,
594 1187 696 1240 ὄψεσι
725 1186 760 1226 δὲ
785 1187 847 1231 τὰς
873 1186 1013 1226 ἐκείνων
1034 1188 1222 1239 παραλαμ-

199 1248 314 1287 ὅάνων
341 1249 541 1301 συμφορὰς,
563 1249 624 1287 καὶ
650 1248 728 1292 τοὺς
757 1252 868 1287 ταῦτα
900 1248 1148 1300 ἐργαζομένους
1178 1247 1223 1286 τὰ

199 1309 291 1348 κακὰ
337 1315 459 1361 γονεῖς·
493 1310 747 1363 ἐπιγράφεσθαι
793 1309 1094 1360 ἀναγκαζόμενος;
1125 1309 1223 1360 Ἐγὼ

199 1370 266 1423 γὰρ
297 1369 400 1408 αὐτὸν
427 1371 488 1409 καὶ
517 1374 585 1409 τῶν
615 1371 786 1408 τεκόντων
817 1371 950 1420 μᾶλλον
979 1368 1057 1412 τοὺς
1087 1368 1224 1412 ἀθλίους

198 1431 326 1474 παῖδας
340 1430 490 1475 ἐκείνους
504 1435 603 1481 οἶμαι
633 1431 712 1469 τότε
737 1435 892 1469 πενθεῖν·
912 1430 971 1468 καὶ
992 1434 1093 1468 τοῦτο
1118 1431 1222 1476 δῆλον

2154 237 2239 283 251

1297 331 1535 382 ignoransque
1550 346 1570 369 a
1585 332 1717 383 quibus
1736 334 1876 384 genitus
1890 342 2003 384 esset,
2024 334 2137 386 priori
2150 336 2247 373 omni

1298 401 1398 429 aetate
1416 407 1435 429 a
1457 393 1623 431 barbaris
1644 393 1735 432 viris
1751 395 1943 436 educatur:
1968 409 2040 446 quo
2056 396 2145 446 quid
2168 409 2248 447 gra-

1247 457 1272 487 D
1299 452 1379 489 vius
1411 452 1582 502 Hebraeo,
1604 455 1850 505 singularique
1882 455 2070 508 prudentia
2099 457 2249 508 praedito

1296 512 1510 551 adolescenti
1525 515 1642 565 potuit
1660 515 1884 566 contingere,
1905 517 1969 555 etsi
1998 517 2127 555 millies
2151 517 2249 555 filius

1295 573 1388 624 regis
1401 587 1475 611 esse
1487 575 1785 625 putaretui-PNon
1799 586 1918 614 autem
1931 578 1998 615 hoc
2010 579 2084 616 solo
2095 579 2250 630 angeba-

1296 643 1355 671 tur
1377 633 1440 672 ille
1468 643 1577 683 tunc,
1601 649 1725 672 verum
1758 635 1855 686 quod
1886 636 2084 675 intueretur
2109 648 2248 689 gentem

1296 709 1397 732 suam
1417 695 1567 733 summis
1586 696 1850 734 calamitatibus
1869 698 2038 749 opprimi.
2062 699 2134 744 Qui
2154 700 2247 738 enim

1302 756 1377 794 sine
1392 756 1538 794 illorum
1560 757 1673 795 salute
1696 771 1740 795 ne
1757 757 1880 796 vivere
1906 758 2065 809 quidem,
2081 772 2194 810 neque
2212 760 2247 797 in

1296 817 1364 855 Dei
1383 817 1478 855 libro
1505 818 1680 856 conscribi
1709 819 1934 870 patiebatur,
1954 820 2135 870 quomodo
2159 822 2248 858 aulae

1297 880 1403 930 regiae
1422 880 1594 931 regnique
1609 879 1713 918 bonis
1732 880 1802 918 frui
1822 881 1995 933 potuisset
2009 911 2019 929 ‚
2045 895 2126 919 cum
2150 889 2249 919 tanta

1293 953 1416 978 omnes
1433 950 1638 992 tempestate
1648 941 1776 992 jactari
1793 942 1942 993 gentiles
1957 951 2114 980 cerneret
2128 942 2145 980 Ρ
2158 943 2190 981 N
2192 956 2249 981 am

1294 1000 1398 1039 sinos
1408 1015 1549 1052 quoque
1560 1012 1639 1054 post
1651 1011 1726 1040 tam
1739 1003 1851 1041 multa
1862 1003 1990 1041 saecula
2002 1012 2162 1050 exortos,
2172 1003 2251 1040 nul·

1295 1062 1438 1113 lamque
1458 1063 1667 1114 hujusmodi
1695 1077 1839 1101 causam
1859 1064 2177 1102 commiserationis
2195 1078 2251 1102 er—

1295 1137 1341 1175 ga
1357 1123 1502 1162 Judaeos
1521 1122 1690 1162 habentes
1704 1153 1712 1168 ‚
1729 1134 1826 1162 tanta
1841 1125 1940 1163 subit
1951 1125 2149 1163 occisorum
2164 1139 2252 1177 pue-

1246 1189 1271 1219 E
1296 1199 1418 1223 rorum
1431 1186 1705 1234 commiseratio,
1717 1186 1804 1237 quid
1820 1187 1946 1224 beatus
1958 1187 2018 1225 ille
2036 1201 2104 1225 non
2125 1201 2251 1239 passus

1296 1255 1369 1296 est,
1387 1247 1449 1297 qui
1465 1256 1538 1284 tam
1560 1247 1733 1299 singulari
1751 1248 1881 1285 affectu
1903 1248 1997 1300 genti
2015 1263 2087 1286 suae
2112 1248 2249 1286 adstri-

1296 1315 1373 1344 ctus
1388 1307 1482 1359 ipsas
1499 1322 1622 1345 eorum
1636 1308 1755 1346 clades
1771 1308 1884 1346 oculis
1900 1309 2128 1361 percipiebat,
2140 1323 2181 1346 ac
2192 1323 2250 1347 eos

1296 1377 1462 1420 praeterea
1483 1369 1545 1419 qui
1566 1369 1674 1406 tantis
1693 1368 1773 1406 illos
1792 1369 1896 1407 malis
1908 1369 2111 1407 afficiebant
2126 1383 2251 1421 paren-

1296 1438 1372 1466 tum
1391 1429 1497 1467 titulo
1511 1429 1684 1467 honorare
1700 1430 1922 1481 cogebatur?
1937 1431 2058 1468 Reor'
2048 1444 2167 1482 ipsum
2181 1431 2250 1468 mi-

1338 248 1555 278 VEXATUM
1565 267 1574 277 .
1615 249 1700 279 LlB.
1739 250 1786 280 11.

199 1491 268 1535 ἐξ
248 1508 296 1529 ων
313 1492 402 1542 μετὰ
418 1509 528 1530 ταυτα
543 1492 705 1544 ἔπραξεν.
726 1491 873 1550 Ἐπειδὴ
898 1491 966 1544 γὰρ
985 1490 1064 1529 οὔτε
1090 1492 1221 1529 πείθειν
1236 1520 1285 1544 2⁰5
1297 1504 1391 1527 selos
1413 1490 1493 1528 illos
1513 1500 1597 1528 tunc
1617 1490 1767 1528 infantes
1787 1492 1870 1543 plus
1889 1492 2044 1539 luxisse,
2067 1505 2174 1542 quam
2198 1493 2252 1530 fe-

199 1555 312 1604 εἶχεν,
329 1552 407 1591 οὔτε
437 1553 644 1603 ἀναγκάζειν
673 1552 824 1599 ἠδύνατο
851 1551 910 1589 τὸν
939 1553 1107 1590 δοκοῦντα
1134 1555 1223 1589 εἰναι

198 1612 335 1664 πατέρα
362 1613 548 1652 καταλύειν
567 1614 607 1652 τὸ
634 1613 800 1664 θηριωδες
822 1627 884 1650 και
907 1611 1110 1663 τυραννικὸν
1140 1612 1222 1650 ἐπί-

197 1688 338 1723 ταγμα,
359 1674 460 1717 αὐτὸς
501 1675 609 1725 ὁμόσε
649 1673 770 1712 λοιπὸν
816 1679 888 1716 τοῖς
921 1671 1060 1710 ἐκείνων
1095 1673 1222 1724 ἐχώρει

197 1740 331 1778 κακοῖς.
353 1734 424 1774 Καὶ
453 1736 491 1773 οὗ
521 1739 622 1773 τοῦτο
646 1734 814 1785 θαυμάζω
844 1736 1009 1771 τοσοῦτον
1040 1736 1120 1781 ν’ὔν,
1143 1733 1222 1771 ἀλλ’

197 1795 266 1833 ἀπὸ
287 1799 348 1833 τοῦ
367 1795 470 1848 φόνου
489 1797 744 1848 στοχαζόμενος
771 1795 856 1843 ὅσην
887 1797 922 1833 ἐν
942 1798 992 1848 τῷ
1011 1795 1219 1849 παρελθόντι

195 1854 312 1909 χρόνῳ
339 1856 451 1910 φλόγα
470 1858 619 1908 ἀθυμίας
649 1857 793 1910 ἔτρεφε,
821 1856 952 1903 ταύτην
994 1858 1127 1907 μᾶλλον
1158 1859 1222 1896 ἐκ·

196 1917 409 1969 πλήττομαι.
429 1917 475 1958 ζΟ
504 1919 572 1972 γὰρ
602 1921 650 1963 εἰς
669 1920 770 1971 φόνον
794 1918 993 1972 ἀπορρήξας
1022 1918 1086 1965 τὴν
1111 1919 1221 1957 ὠδῖνα

196 1978 350 2027 ἐκείνην,
369 1980 524 2027 ἐδήλωσε
556 1980 613 2018 διὰ
633 1984 701 2019 τῶν
723 1980 885 2033 ἐσχάτων
906 1980 952 2020 τὰ
978 1980 1143 2032 πρότερα.
1168 1982 1222 2020 Οὐ

195 2040 263 2091 γὰρ
282 2040 323 2078 ἂν
344 2040 435 2090 μετὰ
464 2041 636 2088 τοσαύτης
666 2043 782 2086 αὐτοῖς
801 2041 1035 2094 σφοδρότητος
1066 2041 1196 2091 ἤμυνεν
1211 2072 1221 2088 ,

195 2101 224 2138 εἷ
256 2101 304 2150 μὴ
337 2105 406 2140 τῶν
438 2102 600 2155 πατέρων
633 2105 766 2154 μᾶλλον
799 2109 870 2146 τοῖς
901 2102 1041 2142 ἐκείνων
1075 2103 1221 2150 ἐτήκετο

194 2167 327 2206 κακοῖς.
356 2163 402 2201 Τί
430 2167 488 2201 οὖν
511 2163 632 2210 ἐπειδὴ
661 2165 792 2214 ἤμυνε,
812 2164 872 2202 καὶ
899 2163 962 2210 τὴν
995 2163 1110 2215 ψυχὴν
1141 2162 1223 2202 ἀνέ-

193 2237 306 2262 παυσε
323 2224 447 2276 μικρὸν
469 2224 539 2262 ἀπὸ
560 2240 622 2272 της
647 2225 796 2275 ἀθυμίας
822 2224 977 2271 ἐκείνης;
992 2229 1061 2277 ἀρα
1087 2225 1221 2271 ηδυνή-

194 2287 235 2331 θη
255 2284 372 2323 τέλεον
403 2286 604 2324 ἀπολαυσαι
637 2301 698 2331 της
726 2284 954 2338 παραμυθίας
993 2284 1127 2330 ἐκείνης
1159 2287 1221 2330 τῆς

193 2346 264 2383 ἀπὸ
287 2347 350 2391 τῆς
370 2346 582 2392 ἐκδικήσεως
603 2346 860 2398 γεγενημένης;
880 2345 1036 2396 Δευτέρα
1068 2347 1130 2395 μὲν
1161 2340 1218 2384 οὖν

192 2407 253 2444 οὐκ
272 2406 419 2457 ἔφθασεν
446 2406 584 2458 ἡμέρα,
604 2407 662 2444 καὶ
687 2410 750 2453 τῆς
773 2407 945 2459 προτέρας
976 2407 1078 2458 ἑτέρα
1108 2409 1217 2458 χαλε-

191 2467 335 2519 πωτέρα
361 2467 535 2519 διεδέχετο
565 2467 622 2506 τὸν
651 2468 824 2520 μακάριον
855 2470 985 2506 ἐκεῖνον
1013 2466 1139 2515 ὀδύνη,
1159 2469 1217 2506 καὶ

192 2528 296 2579 φόὸος
328 2533 509 2575 τοσοῦτος,
541 2531 588 2572 ὡς
633 2530 693 2567 καὶ
731 2529 907 2568 ἀπελάσαι
949 2532 1012 2576 τῆς
1036 2528 1216 2580 Αἰγύπτου

191 2589 308 2638 πάσης
339 2589 453 2628 αὐτόν.
487 2590 608 2629 Δεινὸν
641 2590 705 2641 μὲν
734 2585 791 2630 οὖν
823 2591 884 2629 καὶ
920 2592 959 2630 τὸ
989 2591 1046 2643 ὑφ’
1078 2594 1218 2630 ὁτουοῦν

191 2650 327 2690 ἀκούειν
347 2654 483 2697 κακῶς,
501 2650 582 2690 ὅταν
613 2651 648 2690 δὲ
670 2653 729 2690 καὶ
750 2655 819 2690 τῶν
851 2652 1146 2705 εὐεργετηθέντων
1166 2669 1218 2696 τις

190 2714 208 2749 ὁ
225 2716 327 2751 τοῦτο
345 2716 453 2751 ποιῶν
474 2707 516 2764 ᾗ,
537 2713 596 2752 καὶ
617 2713 680 2758 τὰς
706 2716 755 2756 εἰς
776 2714 879 2752 αὐτὸν
906 2713 1104 2765 εὐεργεσίας
1125 2716 1214 2752 ὀνει-

192 2773 267 2823 δίζῃ
296 2773 356 2811 καὶ
386 2772 567 2826 προφέρῃ,
590 2774 651 2821 Μὴ
681 2777 816 2814 ἀνελεῖν
846 2792 891 2826 με
920 2774 988 2828 γὰρ
1014 2775 1077 2821 σὺ,
1102 2776 1214 2827 φησὶ,

191 2834 320 2881 θέλεις,
339 2834 376 2872 ὃν
404 2834 532 2886 τρόπον
551 2838 683 2879 ἀνεῖλες
702 2836 784 2888 χθὲς
811 2836 870 2875 τὸν
892 2836 1103 2887 Αἰγύπτιον;
1134 2839 1212 2877 τότε

191 2895 251 2943 δὴ,
271 2896 349 2934 τότε
371 2899 393 2942 ἡ
422 2895 520 2946 &epm
549 2896 722 2949 ἀφόρητος
751 2898 909 2949 γίνεται,
933 2898 992 2936 καὶ
1021 2897 1153 2937 δύναιτ’
1176 2900 1216 2937 ἂν

191 2958 250 2996 καὶ
268 2957 458 3001 ἀποπνίξαι
483 2959 540 2995 τὸν
574 2958 797 3010 ὓίριζόμενον
813 2976 819 2983 ·
838 2964 1000 2998 τοσοῦτον
1035 2961 1124 3010 μετὰ
1154 2964 1216 3006 τ’ἧς

191 3019 339 3069 ἀθυμίας
360 3018 482 3070 ἐπάγει
503 3019 562 3058 καὶ
583 3020 639 3058 τὸν
666 3021 785 3071 θυμόν.
811 3022 895 3060 Ἐπὶ
925 3022 959 3060 δὲ
980 3026 1039 3060 τοῦ
1063 3023 1216 3066 Momm<

191 3080 250 3117 καὶ
279 3080 394 3131 τρίτον
429 3080 545 3132 ἕτερον
577 3081 709 3125 τούτοις
740 3087 896 3134 προσῆν,
917 3087 934 3121 ὁ
962 3088 1020 3121 τοῦ
1046 3085 1217 3134 βασιλέως

192 3141 351 3215 φόῧος,’
334 3156 369 3184 ος
397 3142 505 3185 ούτως
534 3141 705 3217 ἐκράτησε
738 3147 799 3189 τῆς
830 3159 889 3181 του
920 3145 1054 3182 δικαιου
1083 3147 1217 3196 ψυχῆς,

191 3204 236 3245 ὡς
257 3202 316 3240 καὶ
335 3206 397 3248 τ’ἧς
426 3202 544 3254 ’χώρας
573 3205 712 3251 ἁπάσης
740 3205 842 3242 αὐτον
873 3206 1046 3243 infindent
1078 3207 1217 3244 Ιίνεται

193 3261 233 3308 δὴ
255 3264 312 3298 οὐν
332 3262 439 3314 φυγὰς
461 3267 477 3300 ὁ
498 3268 556 3301 τοὺ
579 3265 700 3314 βασιλέ
703 3281 747 3306 ως
768 3268 853 3307 υἷος·
876 3264 964 3303 (lant
990 3267 1020 3303 ἴ
1046 3284 1094 3310 τις
1116 3267 1216 3304 mutim

194 3324 376 3375 μακαρίζει
415 3324 469 3362 διὰ
502 3339 564 3371 την
598 3327 630 3363 ἐν
664 3332 733 3368 τοῖς
767 3328 888 3377 pun)
896 3327 956 3369 ίοις
991 3328 1218 3380 ἀνατροφὴν,

195 3389 249 3422 νῦν
269 3386 512 3434 μνημονευζτιι)
545 3390 605 3432 τῆς
639 3388 801 3437 ἀφθονίας
825 3388 978 3434 ἑκιίνης,
1008 3390 1064 3426 καὶ
1096 3390 1216 3441 μυρία,

673 3449 725 3482 10⁴2
763 3455 778 3485 ‘f
807 3451 942 3488 ’ἱνοὶίψ
978 3451 1137 3486 ''urrist-'ww

198 3445 301 3490 '‘sstly
336 3447 455 3496 ‘'lvprqu.
490 3449 637 3498 dinastia..
1175 3467 1216 3486 τι.»

1248 1559 1272 1587 Α
1296 1551 1407 1588 cerint
1434 1561 1596 1603 parentes
1626 1552 1718 1603 ipsi:
1735 1552 1830 1618 quod
1851 1566 1896 1590 ex
1927 1552 2014 1604 ipsis
2039 1552 2152 1602 liquet
2171 1566 2250 1602 quae

1296 1621 1416 1663 postea
1448 1613 1566 1663 gessit.
1582 1614 1673 1650 Cum
1701 1613 1795 1649 enim
1825 1627 1907 1650 eum
1939 1613 2000 1663 qui
2039 1622 2140 1664 pater
2176 1627 2250 1651 esse

1295 1674 1490 1726 putabatur
1519 1688 1583 1712 nec
1603 1673 1787 1712 suadendo
1806 1675 1945 1712 flectere
1964 1705 1973 1722 ‚
1990 1689 2106 1726 neque
2128 1689 2251 1727 cogere

1295 1734 1447 1781 valeret,
1480 1744 1519 1772 ut
1554 1735 1698 1773 feralem
1727 1736 2023 1788 tyrannicamque
2053 1737 2248 1788 jussionem

1294 1805 1513 1846 removeret,
1531 1796 1607 1848 ipse
1631 1810 1700 1834 una
1721 1796 1897 1834 malorum
1914 1799 2160 1835 communium
2179 1811 2249 1836 vo-

1294 1856 1362 1895 luit
1387 1871 1462 1895 esse
1492 1858 1682 1910 particeps.
1720 1859 1843 1909 Neque
1875 1858 1970 1896 istud
1989 1867 2039 1896 est
2067 1860 2161 1909 quod
2184 1873 2249 1910 ego

1294 1932 1387 1957 nunc
1398 1928 1582 1971 tantopere
1596 1919 1778 1967 admiror,
1797 1919 1859 1957 sed
1879 1934 1923 1957 ex
1942 1921 2038 1958 caede
2056 1920 2116 1957 illa
2133 1922 2249 1973 conji-

1293 1979 1402 2025 ciens,
1416 1994 1522 2031 quam
1540 1980 1720 2032 praeterito
1736 1989 1893 2031 tempore
1904 1981 2046 2019 moerori
2067 1981 2247 2020 flammam

1292 2040 1434 2089 aluerit,
1450 2041 1488 2079 id
1507 2041 1702 2079 admodum
1722 2051 1859 2093 stupeo.
1879 2043 1972 2080 Nam
1990 2042 2051 2093 qui
2071 2056 2116 2080 ex
2133 2043 2249 2080 maxi—

1294 2116 1350 2140 ma
1370 2102 1507 2141 doloris
1518 2103 1553 2141 vi
1568 2102 1613 2141 ad
1630 2103 1867 2141 homicidium
1882 2104 2045 2156 protinus
2058 2104 2188 2155 erupit,
2205 2118 2250 2143 ex

1292 2178 1332 2202 eo
1348 2179 1454 2217 opere
1473 2165 1534 2216 qui
1567 2164 1668 2217 prius
1691 2164 1800 2202 animi
1824 2163 1929 2202 dolor
1954 2165 2060 2202 suerit
2078 2164 2246 2204 ostendit.

1292 2226 1415 2276 Neque
1436 2227 1531 2264 enim
1552 2235 1649 2264 tanta
1662 2225 1743 2263 illos
1760 2225 1981 2264 vehementia
2002 2226 2098 2264 ultus
2116 2226 2249 2268 fuisset.

1247 2292 1269 2320 B
1291 2287 1358 2325 nisi
1371 2287 1452 2339 plus
1465 2301 1572 2337 quam
1584 2297 1701 2339 patres
1718 2287 1786 2338 ipsi
1797 2301 1920 2325 eorum
1933 2287 2037 2324 malis
2049 2287 2249 2325 contabuis-

1291 2357 1355 2389 set.
1373 2348 1472 2396 Quid
1489 2349 1601 2398 igitur
1616 2356 1846 2399 posteaquam
1865 2348 1943 2386 illos
1963 2349 2057 2386 ultus
2075 2357 2147 2392 cst,
2163 2362 2248 2386 num

1292 2408 1345 2445 vel
1363 2422 1489 2460 parum
1510 2409 1649 2446 animus
1660 2422 1702 2446 ex
1717 2423 1867 2446 moerore
1883 2409 1944 2446 illo
1961 2409 2141 2446 relaxatus
2162 2418 2211 2446 est
2231 2409 2248 2445 1‘

1291 2469 1452 2522 potuitne
1467 2469 1604 2507 diutius
1618 2469 1686 2507 frui
1707 2470 1944 2508 consolatione
1960 2470 2057 2508 illius
2076 2470 2248 2508 ultiouis?

1290 2530 1367 2568 Vix
1386 2529 1462 2566 dies
1480 2530 1590 2566 altera
1607 2528 1789 2575 illuxerat,
1803 2543 1885 2566 euin
1903 2528 2046 2566 beatum
2063 2528 2165 2565 illum
2185 2528 2247 2566 do-

1290 2590 1345 2628 lor
1357 2589 1450 2627 alius
1469 2600 1501 2627 et
1521 2589 1665 2641 quidem
1682 2590 1798 2641 priore
1817 2590 1920 2639 louge
1937 2589 2079 2640 gravior
2096 2591 2245 2641 excepit.

1287 2661 1486 2703 tantusque
1502 2661 1616 2690 uictus
1631 2682 1640 2697 ‚
1661 2661 1698 2689 ut
1722 2651 1838 2704 ipsum
1857 2651 2015 2703 .l·'.gypto
2032 2661 2103 2688 tota
2122 2650 2247 2689 detur-

1289 2714 1403 2753 haret.
1428 2715 1568 2751 Durum
1585 2712 1728 2763 quidem
1750 2728 1790 2751 ur
1814 2712 2001 2750 molestum
2027 2723 2076 2750 est
2090 2742 2098 2755 .
2116 2728 2134 2750 .·ι
2153 2727 2247 2763 quo-

1291 2775 1345 2813 vis
1366 2774 1510 2812 hoiuiue
1527 2773 1727 2811 maledictis
1745 2774 1865 2810 lacessi
1883 2791 1890 2818 ;
1905 2788 2029 2811 verum
2045 2788 2129 2811 cuiu
2145 2774 2248 2811 beuv-

1288 2836 1378 2874 ficiis
1397 2835 1575 2887 qui>pi11n
1595 2835 1741 2873 Wtss'ettus
1757 2835 1927 2872 benaici-1
1956 2835 2030 2887 ipsa
2054 2836 2211 2888 exprolu
2214 2850 2246 2872 .·ι

1290 2897 1407 2935 mit.-
1428 2897 1630 2947 Λιιηιιμιιιί
1656 2898 1827 2934 υιὼιιιΙιιι
1858 2910 1916 2933 mc
1947 2905 1986 2934 tn
2016 2897 2244 2948 vs‚i111uit.

1289 2958 1612 3010 quemadmmlum
1628 2958 1688 2994 13
1677 2958 2245 3008 “iplmmhert‹›‘'‹·'11‹Iisti.tuuc

1285 3022 1375 3071 jum,
1390 3029 1471 3056 ιιιιιι·
1487 3018 1640 3055 ellit-itur
1655 3033 1694 3054 eu
1710 3018 1922 3055 connum-li.-
1936 3017 2182 3063 intolerabilis,
2197 3020 2244 3058 ita

1241 3099 1263 3125 t'.
1291 3090 1326 3119 ut
1347 3081 1453 3132 possit
1478 3080 1535 3116 illu
1571 3079 1691 3116 laus-um
1709 3079 1905 3116 suffia-arr:
1922 3088 2051 3115 tauhun
2076 3080 2163 3117 iram
2180 3080 2243 3119 do-

1290 3143 1354 3180 lori
1371 3142 1597 3191 conjunct-uu
1623 3140 1737 3176 usli-rt.
1764 3143 1803 3175 M
1830 3154 1914 3175 ιιϊιι
1935 3140 1969 3175 iu
1997 3141 2093 3177 Mose
2119 3152 2246 3193 {tr-'rtet

1292 3206 1363 3242 Ιι.ιϊ
1384 3202 1482 3240 :iliud
1503 3215 1643 3251 quoquc
1678 3201 1820 3236 tritium
1855 3200 1983 3247 ιιιι-ιιιι,
2005 3202 2098 3251 legis
2121 3204 2243 3242 ιιιΙι-Ιι»

1291 3276 1340 3302 ιϊι
1365 3274 1475 3301 uni-tm
1492 3294 1498 3304 ,
1517 3263 1575 3311 qui
1597 3261 1683 3298 ,ιιΙι-ιι
1700 3264 1787 3311 jum
1809 3273 2040 3312 osculnm-uu
2065 3265 2242 3307 .ιιιίιιιιιιιι,

1292 3338 1326 3363 ιιι
1351 3341 1511 3362 nimrim
1547 3325 1647 3359 ιΙΙιιιιι
1669 3338 1810 3372 uginus·
1830 3323 2049 3361 rxtunlmirt.
2080 3325 2238 3363 tisun-uu·

1291 3383 1703 3435 sugimus113,1stili=·s.
1736 3384 1855 3433 ltaque
1871 3383 1897 3419 >i
1922 3384 2000 3433 qui>
2019 3386 2120 3433 ι·ι-;,;ι’.ι·
2142 3386 2241 3422 illuni

1290 3448 1508 3483 «ιίιμηιινιιικ
1538 3461 1637 3481 rimi
1675 3446 1812 3481 lwutuui
1846 3456 2044 3494 ΙιῑιΙΛιι-ιιθ,
2079 3462 2106 3480 is
2138 3448 2241 3484 iit-ulo

2262 2891 2427 2918 Eme»

2267 2931 2311 2965 ιΐ-
