2549 3825
917 313 974 341 DE
1010 312 1187 342 LAZARO
1223 311 1389 341 CONCIO
1426 310 1457 339 1.

171 393 247 433 ἔστι
265 398 366 434 τοῦτο
396 397 504 434 εἰπεῖν
520 411 527 419 ·
547 395 655 438 οὐδεὶς
674 395 742 447 γὰρ
767 395 869 433 αὐτοῦ
889 394 1109 446 διαφεύξεται
1127 394 1189 441 τὴν

169 463 284 514 ψ’ῆφον
297 492 307 510 ,
329 462 419 501 ἀλλὰ
434 462 562 505 πάντες
575 462 715 506 πάντως
734 465 765 500 οἱ
783 463 819 499 ἐν
830 461 1044 505 πλεονεξίαις
1057 461 1115 499 καὶ
1130 462 1189 513 ἁρ-

169 533 300 578 παγαῖς
319 531 442 573 ζῶντες
472 528 535 575 τὴν
569 529 653 579 παρ’
681 528 783 566 αὐτοῦ
817 527 914 574 δίκην
937 526 1190 565 ἕπισπάσονται

167 595 231 643 τὴν
264 596 433 634 ἀθάνατον
463 595 598 643 ἐκείνην
629 594 689 633 καὶ
716 594 813 637 τέλος
841 596 904 632 οὐκ
931 594 1097 645 ἔχουσαν,
1126 609 1188 631 κα-

169 661 279 713 θάπερ
295 656 352 700 οῧν
372 663 432 700 καὶ
450 667 467 701 ὃ
482 661 645 704 πλούσιος
665 663 804 704 ἐκεῖνος.
825 659 936 711 Ἅπερ
963 653 1020 697 οὖν
1050 660 1188 697 ἅπαντα

166 731 252 781 παρ’
288 731 423 773 ἑαυτοῖς
457 728 700 781 συλλέγοντες,
729 727 927 779 ἀγαπητοὶ,
966 726 1015 777 μὴ
1046 726 1125 769 τοὺς
1153 728 1189 764 ἐν

166 794 329 847 πλούτῳ,
352 795 442 833 ἀλλὰ
470 794 549 837 τοὺς
570 797 603 832 ἐν
624 797 730 846 ἀρετῇ
763 797 894 838 ζῶντας
914 792 1164 844 μακαρίζωμεν
1179 809 1186 816 ·

169 860 217 912 μὴ
236 861 315 905 τοὺς
337 865 369 900 ἐν
386 862 487 914 πενίᾳ
498 892 508 909 ,
529 862 619 900 ἀλλὰ
645 860 724 904 τοὺς
749 864 782 899 ἐν
804 860 912 913 κακίᾳ
927 859 1165 910 ταλανίζωμεν
1179 876 1187 883 ·

169 927 217 978 μὴ
237 930 282 967 τὰ
313 929 470 981 παρόντα
504 928 708 979 βλέπωμεν,
728 925 819 964 ἀλλὰ
847 925 892 964 τὰ
913 925 1087 975 μέλλοντα
1103 941 1188 964 σκο-

165 997 288 1045 πῶμεν
301 1007 309 1015 ”
332 995 379 1046 μὴ
402 994 464 1041 τὴν
485 994 607 1038 ἔξωθεν
626 992 816 1044 περιὸολὴν
830 1022 840 1039 ,
861 991 952 1030 ἀλλὰ
971 992 1010 1030 τὸ
1040 992 1187 1031 ἑκάστου

166 1061 318 1103 συνειδὸς
337 1061 549 1111 ἐξετάζωμεν
563 1089 574 1107 ,
595 1058 655 1097 καὶ
673 1057 736 1105 τὴν
755 1060 795 1096 ἐκ
816 1061 886 1096 τῶν
905 1058 1187 1110 κατορθωμάτων

164 1126 290 1177 ἀρετὴν
302 1125 361 1163 καὶ
375 1125 488 1178 χαρὰν
505 1125 686 1169 διώκοντες
696 1155 706 1172 ,
726 1124 938 1176 ζηλώσωμεν
952 1126 1010 1164 τὸν
1028 1126 1186 1179 Λάζαρον

919 1191 982 1205 tw!

165 1193 226 1231 καὶ
239 1192 400 1232 πλούσιοι
410 1192 470 1231 καὶ
484 1192 641 1239 πένητες.
653 1194 706 1230 Οὐ
716 1191 782 1243 γὰρ
798 1191 858 1230 ἕνα
873 1208 932 1230 και
945 1208 1003 1230 ουο
1019 1193 1078 1230 καὶ
1097 1199 1188 1244 τρεῖς

166 1259 269 1310 μόνον
283 1254 379 1304 οὗτος
392 1290 402 1309 ,
424 1259 514 1298 ἀλλὰ
530 1258 713 1302 πλείστους
732 1259 854 1302 ἄθλους
874 1261 1000 1311 ἀρετῆς
1013 1259 1164 1310 ὑπέμενε
1177 1290 1186 1306 ,

165 1327 228 1375 τὴν
247 1327 369 1366 πενίαν
388 1328 502 1379 λέγω,
524 1326 587 1374 τὴν
617 1325 834 1379 ἀρρωστίαν,
857 1325 919 1372 τὴν
950 1326 1097 1376 ἐρημίαν
1117 1329 1185 1364 τῶν

164 1395 457 1446 προστησομένων
471 1423 481 1441 ,
495 1394 534 1432 τὸ
549 1395 583 1431 ἐν
597 1392 688 1443 οἰκίᾳ
702 1392 876 1443 δυναμένῃ
888 1391 932 1430 τὰ
949 1398 1092 1431 τοιαῦτα
1106 1393 1188 1432 <565-

166 1479 225 1501 σαι
244 1461 336 1500 κακὰ
359 1461 498 1500 ἅπαντα
517 1463 703 1510 ὑπομεῖναι
722 1462 836 1498 ἐκεῖνα
850 1489 859 1506 ,
885 1459 944 1496 καὶ
974 1460 1120 1508 μηδενὸς
1139 1463 1187 1503 εἷς

163 1527 388 1581 παραμυθίας
415 1528 514 1578 λόγον
553 1526 730 1570 ἀξιοῦσθαι
745 1557 755 1577 ,
793 1526 833 1564 τὸ
864 1529 994 1579 τρυφῆς
1014 1526 1187 1574 τοσαύτης

163 1595 384 1634 ἀπολαύοντα
413 1594 471 1632 τὸν
504 1596 726 1646 ὑπερορῶντα
762 1595 865 1643 ὃρᾷν,
895 1593 955 1631 καὶ
989 1594 1027 1630 οὗ
1056 1596 1187 1645 τρυφῆς

163 1661 387 1699 ἀπολαύοντα
405 1659 508 1710 μόνον
523 1690 532 1705 ,
552 1658 642 1697 ἀλλὰ
662 1659 721 1697 καὶ
743 1662 777 1698 ἐν
797 1659 947 1711 πονηρίᾳ
974 1661 1106 1707 ζῶντα,
1126 1662 1185 1698 καὶ

1199 1709 1246 1734 7⁴26

2126 293 2220 357 889

1264 393 1430 430 manibus
1451 392 1561 444 elapsi
1581 401 1680 429 sunt:
1699 390 1934 429 nihilominus
1954 404 2034 428 cum
2054 390 2122 429 hoc
2132 391 2221 428 seia·

1263 469 1343 492 mus
1364 484 1374 503 ‚
1405 463 1440 491 et
1470 469 1489 491 a
1523 453 1625 491 nobis
1647 453 1734 505 ipsis
1764 452 2000 505 deprecamur
2023 461 2057 490 et
2084 452 2130 490 ab
2152 452 2220 489 ho-

1263 516 1377 553 stibus
1399 516 1546 553 istorum
1569 514 1683 552 vitam
1700 545 1711 561 ‚
1735 528 1805 552 uua
1825 529 1906 552 cum
1923 513 2135 552 exsecrabili
2156 527 2218 551 re-

1261 590 1342 613 rum
1361 576 1473 628 copia.
1494 576 1603 626 Atqui
1632 575 1700 612 sub
1729 576 1806 613 Deo
1827 589 1896 613 non
1928 575 2009 613 lieet
2039 574 2137 612 istud
2156 574 2219 612 di-

1262 650 1339 674 cere
1356 653 1366 674 :
1383 637 1504 674 nullus
1520 636 1615 673 enim
1635 636 1733 673 illius
1753 636 1901 686 effugiet
1920 635 2143 680 sententiam,
2155 633 2218 673 sed

1261 710 1381 734 omnes
1401 697 1546 734 omuino
1568 726 1578 744 ‚
1597 698 1659 746 qui
1685 710 1768 733 eum
1800 695 1987 733 fraudibus
2019 705 2052 734 et
2082 695 2219 747 rapinis

1260 757 1408 802 vivunt,
1429 757 1495 794 Dei
1516 756 1715 794 vindictam
1734 756 1804 794 sibi
1824 766 2007 794 accersunt
2028 757 2129 794 illam
2143 756 2216 794 im-

1261 817 1448 854 mortalem
1478 817 1618 867 fineque
1645 826 1820 854 carentem
1837 846 1846 863 ‚
1863 816 2167 866 quemadmodum
2185 826 2219 854 et

1261 877 1363 915 dives
1381 877 1456 914 ille.
1477 878 1567 923 Quae
1599 875 1744 926 quidem
1777 877 1899 914 omnia
1920 876 2017 928 apud
2037 890 2100 914 nos
2123 877 2218 928 ipsos

1262 937 1490 984 conferentes,
1504 937 1745 984 dilectissimi,
1758 951 1801 974 ne
1809 937 1931 974 beatos
1944 936 2146 987 judicemus
2155 938 2220 987 qui

1262 997 1402 1035 divitiis
1419 1027 1431 1047 ,
1449 996 1511 1034 sed.
1543 996 1604 1047 qui
1638 996 1773 1034 virtute
1808 995 1951 1047 praediti
1971 1005 2056 1034 sunt
2078 1012 2086 1032 :
2107 1010 2219 1046 neque

1262 1057 1408 1096 miseros
1427 1058 1588 1096 dicamus
1602 1087 1613 1107 ‚
1631 1058 1692 1108 qui
1714 1057 1848 1108 degunt
1867 1057 1903 1095 in
1918 1066 2141 1109 paupertate,
2157 1057 2220 1095 sed

1263 1121 1325 1172 qui
1343 1135 1423 1158 cum
1439 1120 1669 1173 improbitate
1683 1136 1692 1157 :
1709 1134 1752 1157 ne
1766 1120 1954 1172 praesentia
1968 1120 2215 1172 respiciamus,

1261 1181 1322 1220 sed
1337 1183 1456 1220 futura
1472 1181 1752 1234 prospiciamus:
1766 1196 1809 1219 ne
1824 1190 2010 1219 externum
2030 1182 2216 1232 amictum,

1262 1243 1327 1282 sed
1347 1245 1519 1296 cujusque
1538 1243 1791 1280 conscientiam
1812 1243 2069 1287 examinemus,
2082 1251 2219 1280 sectan-

1261 1314 1383 1355 tesque
1394 1305 1564 1342 virtutem
1578 1318 1617 1342 ae
1628 1304 1853 1356 voluptatem
1867 1318 1944 1354 quae
1961 1318 2005 1341 ex
2015 1313 2106 1341 recte
2116 1305 2220 1342 factis

1260 1365 1500 1418 proficiscitur
1515 1395 1525 1415 ,
1548 1366 1722 1402 Lazarum
1736 1364 1918 1402 imitemur
1932 1394 1941 1411 ‚
1958 1363 2092 1402 divites
2111 1364 2219 1402 simut

1261 1440 1301 1463 ae
1323 1439 1506 1477 pauperes.
1523 1426 1603 1464 Non
1626 1425 1717 1462 enim
1740 1438 1851 1462 unum
1874 1433 2013 1462 tantum
2032 1433 2092 1462 aut
2113 1424 2184 1462 duo
2206 1455 2216 1471 ‚

1261 1487 1376 1525 triave
1403 1487 1548 1524 virtutis
1580 1486 1774 1524 certamina
1802 1485 1995 1523 sustinuit:
2016 1500 2140 1523 verum
2180 1496 2214 1524 et

1260 1547 1374 1585 multo
1394 1547 1511 1600 plura,
1532 1555 1777 1598 paupertatem
1796 1576 1805 1590 ‚
1824 1545 2010 1583 adversam
2030 1546 2217 1584 valetudi-

1262 1621 1342 1645 nem
1362 1638 1371 1656 ‚
1393 1607 1622 1645 solitudinem
1641 1621 1682 1644 ac
1716 1606 1982 1644 destitutionem
2011 1606 2056 1644 ab
2076 1606 2120 1644 iis
2154 1607 2217 1657 qui

1261 1682 1385 1706 curam
1406 1668 1505 1706 illius
1521 1682 1642 1719 gerere
1661 1667 1837 1705 debebant
1855 1683 1862 1703 :
1880 1667 2012 1705 deinde
2029 1667 2125 1718 quod
2141 1667 2218 1705 haec

162 1727 271 1778 μηδὲν
290 1726 473 1779 πάσχοντα
504 1725 636 1763 δεινόν·
670 1724 709 1762 τὸ
739 1724 798 1762 καὶ
828 1724 876 1775 μὴ
907 1725 993 1777 πρὸς
1023 1727 1184 1778 Λάζαρον
1211 1747 1237 1776 Α
1261 1728 1378 1766 omnia
1393 1728 1595 1780 patiebatur
1608 1732 1643 1765 in
1660 1728 1782 1776 domo,
1799 1728 2216 1780 quaepoterathaecmala

161 1794 277 1846 ἕτερον
298 1794 390 1846 ἔχειν
417 1794 500 1831 ἰδεῖν
518 1822 528 1840 ,
560 1792 600 1830 τὸ
629 1791 736 1842 μηδὲν
768 1791 848 1844 περὶ
879 1792 1102 1836 ἀναστάσεως
1122 1793 1185 1830 δύ-

161 1865 285 1900 νασθαι
313 1861 530 1913 φιλοσοφεῖν,
560 1858 600 1897 τὸ
631 1859 721 1910 μετὰ
756 1862 824 1896 τῶν
854 1859 1048 1911 εἰρημένων
1068 1863 1184 1900 κακῶν

161 1928 221 1966 καὶ
239 1927 393 1980 πονηρὰν
424 1927 521 1980 παρὰ
555 1932 626 1970 τοῖς
651 1927 794 1970 πολλοῖς
815 1926 884 1964 ἀπὸ
903 1929 971 1964 τῶν
998 1930 1183 1979 συμφορῶν

161 1994 300 2033 ἐκείνων
321 1993 538 2044 ὅλαμὸοίνειν
558 1992 731 2045 ὑπόληψιν
744 2023 754 2040 ,
773 1993 813 2031 τὸ
844 1993 892 2043 μὴ
914 1994 1020 2046 μέχρι
1049 1994 1107 2032 δύο
1124 1995 1184 2033 καὶ

161 2065 266 2113 τριῶν
285 2065 427 2114 ἡμερῶν
440 2091 450 2109 ,
467 2060 558 2099 ἀλλὰ
573 2062 591 2098 δ
597 2059 629 2098 ιὰ
643 2061 773 2104 παντὸς
788 2064 848 2099 τοῦ
867 2061 943 2112 βίου
955 2091 966 2107 ,
988 2061 1047 2099 καὶ
1064 2061 1182 2100 ἑαυτὸν

160 2130 196 2166 ἐν
210 2128 342 2172 τούτοις
358 2158 367 2174 ,
388 2128 449 2166 καὶ
467 2127 524 2166 τὸν
554 2127 719 2166 πλούσιον
743 2130 776 2165 ἐν
796 2133 867 2170 τοῖς
896 2127 1064 2171 ἐναντίοις
1086 2131 1180 2181 ὁρᾷν.

159 2194 251 2233 Τίνα
267 2188 324 2234 οὖν
343 2194 464 2245 ἕξομεν
485 2193 674 2245 ἀπολογίαν
689 2223 700 2239 ,
719 2196 748 2231 εἷ
762 2193 883 2232 τούτου
903 2195 1018 2232 πάντα
1035 2198 1121 2246 ὁμοῦ
1139 2195 1181 2233 τὰ

158 2262 254 2301 δεινὰ
277 2262 366 2313 μετὰ
384 2261 556 2308 τοσαύτης
585 2262 746 2313 φέροντος
767 2261 946 2313 ἀνδρείας,
970 2265 1072 2313 ἡμεῖς
1093 2263 1180 2313 μηδὲ

157 2328 203 2366 τὰ
230 2329 345 2379 ἡμίση
372 2328 503 2366 τούτων
524 2328 683 2378 οἴσομεν;
716 2330 768 2364 Οὐ
788 2328 855 2380 γὰρ
875 2329 988 2379 ἔχεις,
1006 2331 1068 2367 οὐκ
1088 2330 1180 2381 ἔχεις

159 2394 289 2440 δεῖξαι,
313 2394 390 2432 οὐδὲ
412 2396 519 2432 εἰπεῖν
541 2394 644 2432 ἄλλον
675 2394 753 2432 τινὰ
779 2400 930 2433 τοσαῦτα
952 2396 1011 2433 καὶ
1034 2401 1180 2435 τοιαῦτα

158 2461 356 2500 πεπονθότα
376 2462 480 2499 κακά.
503 2460 571 2498 Διὰ
587 2460 655 2512 γὰρ
673 2465 772 2499 τοῦτο
795 2461 896 2499 αὐτὸν
923 2462 982 2500 καὶ
1003 2465 1049 2506 εἰς
1076 2464 1180 2514 μέσον

161 2527 356 2579 προύθηκεν
376 2531 393 2565 ὁ
414 2526 584 2579 Χριστὸς,
621 2526 676 2564 ἵνα
711 2527 862 2580 ὅπουπερ
896 2528 935 2566 ἂν
971 2530 1180 2581 ἐμπέσωμεν

161 2597 231 2633 τῶν
261 2596 404 2640 δεινῶν,
443 2596 591 2646 ὁρῶντες
619 2594 715 2646 παρὰ
748 2596 860 2647 τούτῳ
893 2595 955 2642 τὴν
987 2597 1181 2648 ὑπερῧολὴν

161 2654 267 2699 οὖσαν
287 2663 355 2698 τῶν
374 2659 523 2712 θλίψεων
535 2690 543 2706 ,
560 2660 682 2706 ἱκανὴν
703 2663 740 2699 ἐκ
757 2664 820 2706 τῆς
835 2662 964 2701 ἐκείνου
980 2665 1184 2716 φιλοσοφίας

162 2727 221 2767 καὶ
249 2730 425 2777 ὑπομονῆς
460 2726 694 2779 ἀναλάέωμεν
727 2728 949 2779 παράκλησιν
981 2731 1039 2768 καὶ
1070 2748 1185 2783 παρα-

165 2793 307 2844 μυθίαν·
329 2794 440 2837 κοινὸς
459 2793 526 2845 γὰρ
554 2798 616 2840 τῆς
638 2795 843 2845 οἰκουμένης
865 2798 1071 2842 διδάσκαλος
1092 2802 1181 2851 πρό-

163 2876 278 2899 κειται
297 2866 366 2903 τοῖς
384 2863 498 2898 ὁτιοῦν
526 2862 703 2912 πάσχουσι
725 2863 833 2901 δεινὸν
848 2894 856 2910 ,
883 2865 969 2916 πρὸς
991 2867 1092 2905 αὐτὸν
1111 2884 1182 2906 πα-

165 2926 276 2979 ρέχων
292 2933 398 2965 πᾶσιν
414 2929 517 2979 ὃρᾷν,
539 2927 597 2965 καὶ
627 2928 761 2972 πάντας
781 2930 903 2974 αὐτοὺς
923 2935 1026 2970 νικῶν
1044 2938 1086 2983 τῇ
1114 2937 1182 2972 τῶν

162 2998 298 3037 οἰκείων
323 3001 440 3037 κακῶν
460 2999 649 3052 ὑπερὸολῇ.
670 3000 780 3054 Ὑπὲρ
801 3002 842 3049 δὴ
868 3005 1000 3042 τούτων
1018 3006 1181 3044 ἁπάντων

162 3072 477 3125 εὐχαριστήσαντες
499 3076 549 3126 τῷ
578 3074 814 3127 φιλανθρώπῳ
845 3077 949 3128 (θεῷ,
983 3079 1184 3128 καρπωσώ-

162 3150 251 3197 μεθα
283 3146 345 3194 τὴν
376 3148 410 3184 ἐν
448 3150 507 3184 τοῦΙ
545 3147 758 3199 διηγήματος
792 3149 962 3200 ὠφέλειαν
978 3179 987 3194 ,
1030 3154 1180 3202 συνεχέὶις

165 3217 268 3256 αὐτὸν
289 3217 348 3256 καὶ
368 3219 407 3256 ἐκ
428 3218 631 3271 συνεδρίοις,
654 3220 712 3257 καὶ
732 3223 765 3258 ἐν
788 3220 900 3272 οἰκία,
924 3222 981 3259 καὶ
1000 3224 1034 3260 ἐν
1057 3226 1178 3275 ἀγορᾷ,

164 3290 224 3328 καὶ
257 3295 437 3342 πανταχοῦ
474 3292 714 3344 περιφέροντες
728 3324 736 3340 ,
779 3296 835 3331 καὶ
875 3296 962 3341 μετὰ
1003 3299 1181 3347 ἀχριῐὶείας

165 3361 300 3400 ἅπαντα
324 3363 381 3400 τὸν
403 3365 440 3400 ἐκ
470 3367 530 3410 τῆς
563 3366 763 3415 παραδολῆς
797 3367 918 3413 ταύτης
953 3372 1177 3419 ›tarvisino-2.

212 3496 224 3509 ⁸
252 3484 314 3519 All!
332 3490 405 3526 ὅλων
423 3488 507 3520 ''J-ri).

1206 3087 1228 3117 C

1260 1788 1453 1841 depellere,
1476 1803 1588 1840 neque
1603 1803 1682 1826 eum
1705 1789 1779 1826 ullo
1800 1789 1926 1827 solatio
1946 1790 2136 1840 quisquam
2155 1788 2216 1827 di-

1260 1850 1459 1902 gnabatur;
1475 1849 1572 1900 quod
1595 1849 1728 1886 videret
1748 1849 1864 1895 illum,
1876 1864 1893 1886 a
1908 1864 1977 1900 quo
1992 1850 2218 1902 despicieba-

1260 1919 1338 1959 tur,
1353 1911 1460 1948 tantis
1475 1910 1543 1948 frui
1555 1910 1707 1957 deliciis,
1723 1924 1835 1960 neque
1852 1911 1991 1949 deliciis
2008 1911 2114 1948 modo
2126 1911 2214 1960 frui,

1259 1985 1385 2010 verum
1402 1971 1510 2009 etiam
1530 1985 1611 2009 cum
1637 1971 1801 2023 improbe
1816 1970 1966 2017 viveret,
1991 1971 2083 2008 nihil
2101 1980 2215 2010 tamen

1259 2046 1367 2084 grave
1385 2033 1521 2085 perpeti
1545 2049 1552 2070 :
1571 2041 1738 2085 praeterea
1757 2032 1854 2083 quod
1877 2046 1945 2070 non
1964 2033 2107 2070 liaberet
2126 2033 2216 2070 alte-

1257 2107 1338 2131 rum
1357 2094 1530 2131 Lazarum
1551 2093 1599 2131 ad
1615 2108 1721 2144 quem
1743 2093 2007 2146 respicerettad
2026 2093 2101 2131 liaec
2117 2094 2215 2145 quod

1255 2154 1301 2192 de
1321 2155 1579 2193 resurrectione
1605 2155 1697 2192 nihil
1714 2164 1828 2206 posset
1848 2155 2095 2208 philosophari
2122 2172 2130 2192 :
2150 2156 2213 2194 ad-

1255 2214 1300 2253 de
1323 2215 1420 2265 quod
1439 2230 1546 2268 super
1574 2216 1649 2254 haec.
1676 2230 1754 2266 quae
1772 2216 1934 2254 diximus
1954 2217 2061 2262 mala,
2085 2232 2128 2255 ex
2147 2232 2210 2256 ca-

1254 2275 1477 2314 lamitatibus
1487 2277 1558 2314 illis
1570 2292 1589 2314 a
1603 2277 1713 2328 vulgo
1728 2276 1859 2314 malam
1870 2277 1973 2314 ferret
1986 2279 2188 2330 opinionem
2201 2295 2210 2321 ;

1254 2336 1351 2386 quod
1376 2351 1444 2375 non
1474 2337 1627 2374 biduum
1652 2336 1881 2383 triduumve,
1904 2337 1965 2374 sed
1986 2352 2050 2390 per
2073 2354 2214 2378 omnem

1253 2398 1363 2435 vitam
1379 2407 1411 2435 et
1431 2398 1586 2450 seipsum
1611 2398 1746 2435 videret
1774 2398 1809 2435 in
1831 2398 2006 2449 ejusmodi
2029 2400 2215 2438 calamita·

1254 2457 1350 2495 tibus
1368 2488 1377 2506 ,
1400 2467 1431 2495 et
1448 2458 1598 2496 divitem
1620 2458 1811 2496 indiverso
1833 2473 1952 2496 rerum
1978 2469 2085 2497 statu.
2109 2464 2212 2508 Quo-

1255 2519 1361 2557 modo
1376 2519 1486 2570 igitur
1497 2521 1628 2557 erimus
1643 2518 1979 2562 excusamli.sic11111
1995 2520 2053 2558 liic
2068 2532 2213 2560 cunctas

1255 2580 1463 2618 afflictiones
1496 2581 1603 2618 simul
1623 2580 1900 2630 conglomeratus
1917 2590 2009 2618 tauta
2026 2583 2212 2633 pertulerit

1256 2641 1367 2678 animi
1391 2642 1612 2685 ltu-titudine,
1635 2655 1695 2678 uus
1711 2655 1752 2678 ue
1772 2640 2125 2692 dimidiumquidem
2147 2644 2211 2682 lm-

1258 2716 1337 2739 runi
1357 2702 1573 2740 tulvi-inuis?
1593 2704 1669 2739 Nun
1690 2702 1782 2738 euim
1806 2711 1917 2753 potes,
1931 2716 1996 2738 ιιυιι
2015 2712 2126 2754 potes.
2152 2705 2210 2741 iu—

1258 2762 1504 2812 qu:un‚uliuiu
1525 2776 1740 2814 quemquam
1751 2766 2112 2815 criiuueuwrare,qui
2128 2766 2210 2804 talia

1257 2832 1425 2873 unumque
1468 2838 1656 2876 perpessus
1677 2824 1719 2860 sit
1751 2824 1857 2860 mala.
1882 2823 2042 2874 Plautique
2063 2825 2109 2862 ob
2137 2841 2209 2864 rem

1257 2885 1418 2922 Clu-istus
1440 2885 1532 2922 Ιιιιιιι·
1549 2885 1772 2938 potissimum
1788 2886 1941 2937 exempli
1960 2901 2063 2924 musa
2081 2902 2205 2940 propo-

1255 2946 1323 2982 suit
1362 2946 1396 2983 iu
1431 2946 1604 2989 inedium,
1629 2956 1664 2983 ut
1701 2947 1727 2983 si
1765 2946 1907 2997 quaudo
1941 2947 1975 2984 iu
2001 2962 2054 2985 res
2092 2951 2208 2988 uisu-s.

1256 3005 1497 3049 inciderimus.
1515 3006 1775 3044 consult-rantes
1795 3017 1925 3056 «punito
1943 3008 2003 3045 ille
2020 3009 2208 3048 intervallo

1256 3081 1317 3103 uus
1348 3068 1522 3119 superarit
1545 3098 1553 3110 ,
1575 3083 1618 3105 ex
1656 3068 1751 3105 illius
1773 3068 2000 3120 philosophia
2022 3072 2107 3107 saus.
2129 3086 2203 3110 uia-

1256 3142 1363 3176 guum
1381 3128 1544 3164 solatium
1567 3128 1806 3178 uiolentiaque
1839 3129 1990 3167 lenimen
2011 3132 2204 3183 capiamus.

1256 3189 1463 3225 ‹Iouini-mis
1495 3189 1589 3226 euim
1606 3188 1703 3226 urhis
1721 3188 1844 3226 ‹lm-tor
1860 3189 1918 3226 ιΙΙι·
1935 3191 2137 3242 pmpmitus
2156 3204 2204 3231 est

1257 3264 1328 3286 ιϊιιι
1344 3264 1608 3300 ιμιειιιιιηιιιιιμιι·
1628 3250 1808 3287 molestam
1831 3251 2044 3302 patientibus
2060 3284 2069 3300 ,
2089 3254 2150 3305 qui
2171 3270 2206 3293 st·

1257 3310 1544 3362 conspiriviuliuu
1563 3311 1690 3362 prat-liri
1712 3311 1876 3348 numitius
1894 3342 1902 3354 .
1924 3312 2056 3365 hosque
2085 3329 2206 3354 omnes

1258 3386 1425 3424 superaus·
1470 3372 1702 3410 ¹illlirtiuuuiu
1741 3372 1995 3422 inaguiuuluw.
2034 3376 2100 3414 Pro
2151 3377 2204 3414 tuis·
