2549 3825
708 278 935 308 ADVERSUS
970 279 1325 310 OPPUGNATORES
1362 278 1474 309 VtTf,
1509 277 1709 308 MONAST.
1749 278 1833 307 Lus.
1877 278 1939 308 111.
2273 282 2336 327 09

290 360 448 414 καθάπερ
478 360 555 399 τινὰ
583 359 808 412 αἰχμάλωτον
841 359 1030 408 δήσαντες,
1048 360 1139 398 οὕτω
1170 361 1312 412 δαίμοσι

288 426 450 472 πονηροῖς
475 421 534 458 καὶ
567 419 699 472 ἀγρίοις
730 420 790 458 καὶ
823 426 894 464 τοῖς
922 420 1063 458 ἐκείνων
1097 422 1310 471 παραδίδοτε

1334 457 1365 481 81

288 480 445 520 πάθεσιν.
463 480 578 520 ”Οταν
598 481 666 532 γὰρ
690 480 779 531 μήτε
807 482 906 519 αὐτοὶ
927 481 1124 533 παραινῆτέ
1143 498 1176 519 τι
1205 497 1308 520 πνευ-
1336 498 1361 523 A

288 541 459 591 ματικὸν,
492 543 581 592 μήτε
626 541 763 594 ἑτέρους
799 542 1028 593 βουλομένους
1065 546 1168 581 τοῦτο
1199 549 1310 580 ποιεῖν

290 601 429 654 ἀφίητε,
447 602 542 642 οὐδὲν
571 601 725 654 ἕτερονῆ
745 608 845 641 τοῦτο
873 602 1069 654 ἐργάζεσθε.
1085 603 1155 640 Καὶ
1178 602 1228 652 μή
1251 618 1310 652 μοι

288 663 418 715 λεγέτω
432 681 483 709 τις
498 664 551 703 ὅτι
570 665 692 703 πολλοὶ
713 664 877 714 μειζόνως
891 667 950 702 τοῦ
967 663 1066 702 Ἠλεὶ
1085 667 1154 702 τῶν
1174 664 1309 702 οἰκείων

291 725 531 774 ἀμελήσαντες
571 725 704 764 παίδων
745 725 842 764 οὐδὲν
870 721 1017 763 ἔπαθον’
1035 719 1104 763 οἷον
1138 728 1156 763 ὁ
1185 725 1309 763 Ἠλεί·

289 785 415 823 ἔπαθον
443 786 505 836 μὲν
530 786 600 839 γὰρ
620 786 679 824 καὶ
705 786 827 824 πολλοὶ
847 785 1018 828 πολλάκις
1047 785 1107 824 καὶ
1140 786 1311 838 χαλεπώ-

287 862 371 897 τερα
390 847 520 885 τούτων
536 877 545 895 ,
565 848 624 885 καὶ
650 847 706 885 διὰ
734 847 862 894 ταύτην
883 846 947 894 τὴν
975 847 1163 898 ἁμαρτίαν.
1196 848 1309 886 Πόθεν

287 907 353 958 γὰρ
386 907 493 956 ἄωροι
513 907 676 955 θάνατοι,
696 907 798 946 πόθεν
821 906 915 946 νόσοι
947 907 1103 958 χαλεπαὶ
1136 908 1196 945 καὶ
1231 923 1312 946 συν-

288 974 392 1019 εχεῖς,
410 968 469 1006 καὶ
485 970 570 1018 ἡμῖν
588 968 648 1006 καὶ
669 974 739 1011 τοῖς
759 968 879 1006 παισὶν
896 969 1011 1012 αὐτοῖς
1027 985 1036 1016 ;
1051 969 1154 1006 πόθεν
1176 968 1311 1017 ζημίαι,

287 1028 389 1066 πόθεν
420 1029 663 1081 περιστάσεις,
679 1029 783 1067 πόθεν
811 1028 994 1080 ἐπήρειαι,
1013 1030 1116 1067 πόθεν
1139 1028 1183 1066 τὰ
1205 1027 1312 1080 μυρία

287 1089 398 1136 κακά;
418 1092 479 1128 οὐκ
501 1092 540 1128 ἐκ
571 1096 628 1129 τοῦ
654 1090 851 1143 μοχθηροὺς
883 1092 983 1133 ὄντας
1008 1089 1085 1134 τοὺς
1104 1091 1230 1133 παῖδας
1249 1106 1312 1127 πε-

289 1157 426 1202 ριορᾶν,
446 1150 516 1188 Και
547 1150 601 1190 ὅτι
635 1153 672 1189 οὐ
702 1151 902 1204 στοχασμὸς
935 1150 1038 1188 τουτό
1070 1152 1187 1196 ἐστιν,
1208 1152 1311 1188 ἱκανὰ

287 1211 349 1261 μὲν
366 1211 483 1250 καὶτὰ
501 1216 561 1250 τοῦ
583 1212 778 1265 πρεσῧύτου
797 1211 1041 1250 πιστώσασθαι
1061 1211 1170 1258 πάθη·
1186 1211 1292 1261 ἐγὼο
1279 1212 1307 1226 ⁸

287 1273 368 1322 ὑμῖν
395 1273 455 1311 καὶ
477 1272 610 1326 λόγον
599 1273 687 1347 υπὲρ
707 1288 837 1312 τουτων
858 1274 927 1326 ἐρῶ
948 1276 1054 1324 σοφοῦ
1075 1288 1166 1316 τινος
1190 1273 1312 1325 ἀνδρος

287 1349 355 1371 των
378 1335 462 1409 παρ’
481 1338 584 1384 ἡμῖν·
599 1334 680 1386 περὶ
698 1334 768 1386 γὰρ
786 1333 920 1372 παίδων
945 1337 1042 1376 οὗτος
1070 1333 1313 1383 διαλεγόμενος

288 1394 379 1432 οὕτω
397 1393 472 1438 πώς
491 1408 586 1447 φησι·
606 1394 668 1441 Μὴ
687 1395 870 1447 εὐφραίνου
891 1394 948 1432 ἐπὶ
975 1397 1061 1438 υἱοῖς
1085 1393 1260 1432 ἀσεὸέσιν·
1283 1396 1313 1432 εἰ

290 1455 339 1506 μή
361 1456 435 1494 ἐστι
455 1456 559 1508 φόὸος
586 1458 661 1506 μετ’
684 1459 796 1494 αὐτῶν
813 1457 921 1502 Θεοῦ,
943 1454 990 1504 μὴ
1012 1455 1248 1506 ἐμπιστεύσῃς
1267 1458 1310 1507 τῇ

289 1518 360 1568 ζωῇ
390 1519 517 1556 αὐτῶν.
543 1517 725 1562 Στενάξεις
751 1516 818 1568 γὰρ
849 1516 965 1555 πένθει
999 1515 1125 1568 ἀώρῳ,
1146 1516 1205 1554 καὶ
1229 1516 1311 1560 ἐξά-

287 1593 372 1615 πινα
389 1579 498 1615 αὐτῶν
519 1578 718 1616 συντέλειαν
741 1577 872 1629 γνώσῃ.
892 1576 1024 1614 Πολλοὶ
1046 1576 1108 1627 μὲν
1129 1571 1186 1615 οῧν
1200 1607 1208 1623 ,
1225 1578 1311 1629 ὅπερ

288 1637 372 1688 ἔφην
384 1667 394 1684 ,
411 1637 524 1676 πολλὰ
538 1642 682 1677 τοιαῦτα
697 1637 923 1676 πεπόνθασιν·
941 1639 970 1674 εἷ
988 1637 1026 1676 δέ
1045 1653 1135 1680 τινες
1161 1637 1220 1674 καὶ
1240 1638 1312 1675 διέ-

286 1713 414 1749 φυγον,
432 1700 532 1737 ὃἀλλ’
559 1701 621 1736 οὐκ
655 1701 704 1742 εἷς
740 1698 838 1742 τέλος
869 1698 1113 1750 ἐκφεύξονται,
1142 1699 1219 1736 ἀλλ’
1252 1698 1310 1736 ἐπὶ

287 1762 385 1811 κακῷ
405 1762 468 1806 τῆς
500 1762 633 1798 ἑαυτῶν
670 1762 847 1811 κεφαλῆς·
865 1759 1076 1812 πικροτέραν
1103 1759 1171 1811 γὰρ
1203 1762 1311 1798 ἀπελ-

288 1820 403 1864 θόντες
422 1822 492 1859 ἐκεῖ
515 1820 664 1860 δώσουσι
692 1821 804 1868 δίκην.
830 1820 933 1864 Τίνος
950 1820 1018 1872 γὰρ
1036 1819 1167 1867 ἕνεκεν,
1187 1821 1308 1872 φησιν,

285 1882 347 1920 οὐκ
366 1884 512 1920 ἐνταῦθα
527 1882 655 1925 πάντες
673 1882 901 1929 κολάζονται;
916 1881 1003 1920 εὈτι
1025 1881 1150 1933 ὥρισεν
1175 1882 1310 1935 ἡμέραν

284 1945 303 1980 ὁ
319 1942 427 1989 Θεὸς,
442 1944 477 1980 ἐν
495 1937 515 1994 ᾗ
537 1943 657 1994 μέλλει
676 1943 805 1994 κρίνειν
833 1942 896 1988 τὴν
917 1942 1142 1993 οἰκουμένην
1164 1942 1252 1990 αὕτη
1274 1943 1310 1980 δὲ

284 2003 380 2042 οὔπω
398 2004 567 2056 πάρεστιν
594 2007 616 2051 ἡ
637 2004 767 2055 ἡμέρα.
788 2003 859 2042 Καὶ
878 2004 992 2047 ἄλλως
1011 2003 1047 2041 δὲ
1066 2007 1168 2041 τοῦτο
1187 2006 1215 2042 εἷ
1240 2004 1310 2055 ἐγί-

284 2079 380 2112 νετο,
396 2064 626 2118 προανάλωτο
645 2064 684 2103 ἂν
709 2065 770 2103 καὶ
796 2066 1072 2118 προανήρπαστο
1092 2067 1194 2114 ἡμῶν
1216 2065 1308 2103 ἅπαν

285 2125 324 2163 τὸ
343 2123 452 2174 γένος.
470 2125 561 2164 Ἀλλ’
586 2125 643 2164 ἵνα
674 2124 763 2176 μήτε
788 2128 892 2163 τοῦτο
917 2125 1036 2177 συμὸῇ
1051 2155 1060 2173 ,
1087 2125 1175 2175 μήτε
1203 2128 1309 2178 ῥᾳθυ,

285 2184 425 2238 μότεροι
453 2185 576 2224 πολλοὶ
602 2185 789 2237 γίγνωνται
809 2189 852 2238 τῇ
880 2187 1047 2236 μελλήσει
1066 2190 1129 2232 τῆς
1148 2186 1306 2238 κρίσεως,

283 2246 473 2297 λαμὸάνων
507 2246 603 2290 τινὰς
636 2247 843 2290 ὑπευθύνους
881 2247 1134 2298 ἁμαρτημασιν
1164 2251 1182 2285 ὁ
1204 2248 1306 2295 Θεὸς,

283 2323 343 2346 και
362 2308 517 2352 κολάζων
533 2310 699 2355 ἐνταῦθα,
717 2307 873 2346 διδάσκει
893 2324 970 2353 τους
989 2308 1169 2351 λοιπους
1151 2310 1194 2346 σι’
1218 2309 1307 2347 ἐκεί-

283 2386 368 2418 νων,
388 2369 432 2408 τὰ
454 2370 566 2422 μέτρα
582 2373 651 2408 τῶν
682 2369 851 2420 κειμένων
878 2373 993 2413 αὐτοῖς
1023 2373 1222 2422 τιμωριῶν,
1249 2371 1305 2408 ι’να

284 2433 496 2469 ἐπιστῶνται
514 2430 586 2478 ὅτι,
603 2430 666 2468 κᾶν
694 2433 842 2469 ἐνταῦθα
873 2431 962 2481 μὴ
944 2445 1030 2469 οωσι
1056 2431 1177 2478 δίκην,
1196 2433 1303 2469 ἀπελ·

284 2491 399 2535 Οόντες
422 2493 494 2530 ἐκεῖ
514 2491 662 2530 δώσουσι
689 2492 828 2535 πάντως
846 2491 1114 2567 χαλεπωτέραν.
1138 2492 1198 2539 Μὴ
1221 2492 1304 2544 γὰρ,

283 2552 404 2599 ἐπειοὴ
434 2553 615 2605 προφήτην
635 2555 673 2591 οὐ
694 2552 828 2603 πέμπει
863 2557 941 2600 ν’ὔν,
972 2553 1048 2592 οὖοὲ
1078 2569 1250 2604 προαγορε
1238 2569 1305 2591 υει

282 2613 346 2660 τὴν
359 2614 543 2666 τιμωρίαν,
558 2614 746 2666 καθάπερ
731 2614 789 2652 επὶ
805 2618 865 2652 τοῦ
881 2614 991 2662 ἸΙλεὶ,
1007 2613 1064 2652 διὰ
1086 2630 1195 2652 ταυτα
1212 2617 1307 2652 ἀναι-

283 2677 481 2726 σθητῶμεν·
510 2677 547 2714 οὐ
576 2675 644 2728 γάρ
672 2677 746 2713 ἐστι
780 2677 967 2727 προφητῶν
1006 2675 1143 2727 καιρὸς,
1173 2677 1305 2726 μᾶλλον

284 2735 319 2774 δὲ
349 2737 482 2787 πέμπει
514 2736 573 2774 καὶ
599 2739 670 2774 νῦν.
689 2737 826 2786 [Πόθεν
857 2736 892 2775 δὲ
925 2739 1008 2786 ἡμῖν
1046 2741 1148 2774 τοῦτο
1179 2738 1305 2782 &Ham

281 2795 484 2849 wlfiloum,
512 2798 618 2849 φησὶ,
644 2798 778 2836 Μωσέα
808 2797 868 2835 καὶ
898 2797 974 2840 τοὺς
1005 2797 1217 2849 προφήτας.]
1249 2799 1304 2836 Τὰ

282 2859 348 2912 γὰρ
367 2860 451 2910 πρὸς
471 2859 620 2902 ἐκείνους
639 2859 805 2910 εἰρημένα
827 2860 891 2911 οὐχ
909 2855 1012 2906 ἧττον
1031 2859 1089 2896 καὶ
1109 2860 1193 2910 πρὸς
1214 2863 1306 2909 ἡμᾶς

283 2918 432 2972 εἴρηται,
447 2920 506 2958 καὶ
526 2920 604 2971 οὐχὶ
622 2923 672 2972 τῷ
689 2920 788 2958 Ἠλεὶ
805 2921 922 2971 μόνον,
946 2920 1035 2958 ἀλλὰ
1053 2921 1112 2958 καὶ
1130 2928 1217 2959 πᾶσι
1237 2929 1306 2964 τοῖς

283 2980 327 3019 τὰ
357 2980 445 3018 αὐτὰ
481 2980 738 3032 ἁμαρτάνουσιν
769 2981 890 3033 ἐκείνῳ
917 2982 960 3018 δι’
987 2980 1117 3019 ἐκείνου
1145 2981 1204 3018 καὶ
1235 2985 1303 3019 τῶν

284 3041 413 3079 ἐκείνου
437 3041 633 3092 διαλέγεται
658 3044 788 3080 παθῶν.
807 3042 899 3080 Οὐδὲ
921 3042 988 3093 γάρ
1012 3045 1085 3080 ἐστι
1115 3057 1305 3094 προσωπο-

284 3101 418 3149 λήπτης
435 3104 452 3139 ὁ
467 3102 571 3148 Θεὸς,
593 3102 669 3140 οὐδὲ
684 3106 701 3141 ὁ
716 3103 774 3140 τὸν
794 3103 962 3141 ἐλάττονα
987 3104 1189 3156 ἁμαρτόντα
1216 3104 1306 3140 οὕτω

284 3163 469 3202 πανέστιον
495 3164 711 3216 ἀνατρέψας,
730 3162 809 3207 τοὺς
829 3164 1060 3216 χαλεπώτερα
1090 3166 1304 3215 πεπλημμε-

284 3223 434 3271 ληκότας
453 3224 697 3276 ἀτιμωρήτους
711 3225 848 3276 ἀφίησι.

330 3365 343 3380 ¹·
367 3356 456 3398 lime,
475 3359 584 3389 ἀλλ’...

1337 1284 1360 1314 Β

1387 360 1611 398 daemonibus
1637 374 1830 410 eorumque
1853 360 2040 398 affectibus
2066 360 2221 399 traditis.
2246 363 2336 400 Cum

1385 422 1480 459 enim
1502 435 1612 472 neque
1634 421 1701 473 ipsi
1729 421 1917 473 quidpiam
1946 421 2131 474 spirituale
2157 422 2334 470 monetis,

1385 496 1496 534 neque
1515 482 1602 520 alios
1625 482 1661 519 id
1688 482 1866 533 cupientes
1893 483 2004 520 facere
2032 483 2255 535 permittitis,
2277 485 2335 522 ni-

1384 542 1436 580 hil
1455 545 1610 595 profecto
1623 543 1723 580 aliud
1743 544 1858 594 agitis.
1874 545 1946 581 Nec
1965 544 2055 581 mihi
2074 544 2170 582 dicat
2187 545 2333 595 aliquis,

1384 605 1537 653 multos,
1560 604 1622 654 qui
1646 604 1728 656 plus
1749 618 1856 654 quam
1877 604 1957 641 Heli
1977 605 2071 643 filios
2088 606 2330 657 neglexerant,

1384 664 1475 701 nihil
1493 665 1609 702 simile
1625 678 1743 717 passos
1763 679 1848 704 esse.
1864 666 1973 703 Multi
1985 667 2079 703 enim
2097 681 2187 719 saepe
2201 669 2247 705 ob
2266 668 2335 706 hu-

1379 725 1542 777 jusmodi
1567 726 1711 777 eulpam
1729 726 1837 764 etiam
1856 726 1901 764 iis
1924 727 2086 777 graviora
2113 730 2207 780 passi
2235 740 2331 770 sunt.

1384 787 1476 823 Nam
1493 785 1584 824 unde
1600 796 1823 838 praematurae
1843 788 2004 824 mortes?
2020 787 2114 824 unde
2133 790 2335 839 gravissimi

1384 855 1417 883 et
1445 847 1642 897 frequentes
1668 847 1785 885 morbi
1810 856 1846 886 et
1874 848 1976 886 nobis
1997 857 2030 885 et
2055 849 2178 886 liberis
2207 852 2335 888 nostris

1385 906 1586 945 inferuntur
1601 909 1617 945 ‚⁰
1631 908 1724 946 unde
1735 908 1877 955 damna,
1889 909 1983 947 unde
1998 909 2228 959 calamitates,
2242 912 2337 949 unde

1386 978 1610 1016 nocumenta,
1634 969 1729 1007 unde
1749 970 1843 1008 mala
1864 970 2083 1008 innumera?
2103 985 2219 1009 nonne
2239 972 2334 1022 quod

1385 1029 1568 1081 improbos
1582 1029 1674 1075 filios
1685 1030 1874 1068 emendare
1886 1031 2134 1082 negligamus?
2145 1032 2249 1078 Quod
2261 1033 2337 1071 haec

1385 1099 1502 1128 autem
1518 1104 1586 1127 non
1604 1092 1805 1142 conjectura
1825 1092 1886 1139 sit,
1908 1093 2001 1130 senis
2022 1093 2120 1131 illius
2138 1107 2238 1131 casus
2254 1095 2338 1132 satis

1385 1151 1550 1188 ostendit.
1570 1153 1647 1203 Ego
1660 1167 1744 1190 vero
1759 1153 1928 1204 sapientis
1945 1154 2001 1205 cuj
2008 1153 2132 1191 usdam
2149 1169 2194 1192 ex
2210 1157 2339 1193 nostris

1385 1211 1452 1250 hac
1468 1212 1512 1250 de
1531 1227 1568 1250 re
1582 1212 1719 1251 dictum
1739 1214 1888 1251 referam
1911 1230 1919 1250 :
1940 1215 1983 1252 de
2002 1215 2088 1252 filiis
2108 1216 2202 1253 enim
2221 1216 2338 1254 disse-

1386 1288 1479 1322 rens,
1501 1274 1547 1312 ita
1567 1274 1728 1324 loquitur
1748 1291 1756 1311 ε
1777 1277 1836 1313 lve
1856 1276 1997 1314 loeteris
2017 1277 2167 1328 insiliis
2185 1280 2309 1328 impiis
2324 1295 2338 1322 ;
2355 1291 2448 1324 Eceli.
2473 1303 2521 1333 ,6,

1386 1336 1595 1386 nisifuerit
1613 1338 1653 1372 in
1672 1336 1754 1373 illis
1772 1337 1847 1373 Dei
1867 1339 1996 1380 timor,
2024 1351 2072 1374 ne
2090 1338 2267 1389 confidas
2288 1338 2339 1375 il-
2359 1345 2446 1377 ¹—3.

1386 1395 1510 1433 lorum
1525 1398 1632 1433 viloe.
1655 1396 1868 1446 Ingemisces
1883 1397 1976 1434 enini
1994 1407 2208 1448 praematuro
2225 1398 2338 1446 luctu,

1384 1465 1415 1493 et
1438 1455 1629 1507 derepente
1650 1456 1795 1494 illorum
1816 1459 2095 1496 consumtionem
2122 1459 2225 1497 scies.
2248 1460 2339 1497 Piu-

1384 1516 1467 1554 rimi
1487 1516 1609 1568 igitur‚
1628 1527 1666 1555 ut
1683 1518 1776 1564 dixi,
1797 1518 1910 1556 multa
1929 1518 2104 1569 ejusmodi
2125 1520 2220 1571 passi
2241 1530 2336 1558 sunt.

1385 1577 1423 1615 Si
1439 1586 1556 1614 autem
1574 1577 1683 1628 aliqui
1699 1578 1902 1629 effugerint,
1923 1588 1957 1615 at
1977 1593 2047 1616 non
2066 1579 2102 1616 in
2120 1579 2227 1617 finem
2244 1580 2338 1617 effu-

1386 1636 1495 1688 gient,
1514 1636 1622 1674 sedin
1636 1651 1674 1674 ca
1682 1637 1764 1688 pitis
1779 1637 1833 1674 sui
1850 1637 1986 1675 malum
1999 1653 2008 1684 ;
2022 1638 2220 1676 acerbiores
2231 1639 2338 1686 enim,

1385 1711 1466 1735 cum
1483 1698 1698 1736 excesserint
1711 1712 1728 1736 e
1745 1699 1830 1746 vita,
1852 1712 1971 1750 poenas
1987 1699 2097 1737 luent.
2118 1700 2192 1737 Cur
2208 1710 2339 1746 autem,

1384 1758 1537 1810 inquies,
1561 1773 1631 1797 non
1654 1759 1715 1797 hic
1735 1774 1856 1798 onmes
1876 1761 2110 1812 puniuntur?
2127 1762 2222 1810 Quia
2242 1764 2341 1801 Deus

1383 1819 1479 1858 diem
1499 1820 1636 1865 statuit,
1657 1835 1725 1871 qua
1738 1821 1965 1872 judicaturus
1985 1831 2035 1859 est
2055 1822 2178 1860 orbem
2195 1824 2340 1862 univer-

1384 1896 1462 1919 sum
1482 1899 1489 1919 :
1508 1882 1584 1920 haec
1599 1892 1717 1920 autem
1732 1882 1808 1920 dies
1820 1882 1981 1921 nondum
1995 1884 2106 1921 adest.
2122 1886 2176 1922 Ad
2191 1884 2265 1922 haec
2279 1899 2340 1923 ve-

1387 1958 1426 1982 ro
1441 1944 1470 1982 si
1486 1944 1533 1982 ita
1547 1944 1749 1996 fieret‚jam
1763 1945 1969 1982 absumtum
1990 1954 2022 1983 et
2040 1946 2230 1998 abreptum
2249 1958 2340 1985 esset

1385 2019 1488 2043 omne
1501 2019 1611 2057 genus
1624 2005 1836 2043 humanum.
1853 2004 1923 2043 sed
1936 2014 1973 2043 ut
1986 2020 2048 2044 nec
2059 2006 2127 2044 hoc
2143 2007 2337 2058 contingat,

1384 2078 1447 2104 nec
1464 2065 1612 2118 plurimi
1633 2066 1810 2118 segniores
1829 2066 1917 2103 fiant
1936 2080 1979 2103 ex
2005 2066 2173 2104 tarditate
2188 2067 2336 2118 judicii,

1381 2128 1555 2177 quosdam
1574 2127 1672 2165 Deus
1690 2127 1842 2178 peccatis
1861 2126 2036 2164 obnoxios
2053 2127 2111 2164 hic
2125 2129 2238 2179 poenis
2255 2128 2336 2165 affi-

1382 2188 1496 2236 ciens,
1520 2188 1649 2227 horum
1672 2188 1838 2240 exemplo
1856 2189 2012 2239 reliquos
2032 2188 2148 2233 docet,
2171 2203 2336 2239 quaenam

1380 2249 1427 2287 sit
1447 2250 1707 2302 suppliciorum
1730 2250 1820 2287 ratio
1835 2263 1876 2287 ac
1896 2263 2059 2287 mensura
2072 2281 2081 2297 ,
2097 2260 2135 2287 ut
2150 2250 2333 2298 ediscant,

1380 2324 1417 2347 se
1429 2340 1439 2358 ,
1455 2311 1521 2348 etsi
1540 2310 1576 2348 in
1591 2310 1658 2348 hac
1670 2311 1743 2348 vita
1761 2325 1882 2362 poenas
1896 2324 1964 2348 uon
1981 2311 2098 2354 luant,
2114 2321 2193 2363 post
2212 2326 2335 2350 exces-

1380 2385 1459 2408 sum
1474 2380 1589 2409 tamen
1605 2372 1710 2422 longe
1722 2372 1903 2422 graviores
1915 2371 2098 2410 subituros
2109 2387 2195 2410 esse.
2213 2374 2334 2424 Neque

1380 2431 1473 2470 enim
1487 2431 1579 2483 quod
1601 2432 1811 2483 prophetam
1826 2446 1920 2469 nuuc
1932 2446 1999 2470 uon
2014 2433 2130 2471 mittat
2147 2435 2258 2474 Deus,
2270 2447 2333 2471 uec

1381 2507 1502 2545 poenas
1524 2492 1708 2530 denuntiet
1735 2503 1772 2530 ut
1794 2494 1873 2531 Heli
1895 2503 2052 2545 tempore
2067 2523 2077 2540 ,
2100 2495 2178 2532 ideo
2193 2495 2333 2533 desides

1379 2567 1452 2591 csse
1467 2553 1636 2591 debemus
1659 2569 1666 2589 :
1686 2567 1754 2590 uon
1776 2554 1869 2590 enini
1888 2555 2143 2605 prophetarum
2162 2555 2228 2593 hoe
2246 2565 2331 2594 teul-

1380 2628 1446 2666 pus
1465 2623 1515 2652 cst
1532 2630 1542 2659 ;
1564 2614 1636 2651 iiuo
1651 2628 1733 2651 vcro
1748 2628 1805 2651 eos
1823 2628 1915 2651 nuuc
1930 2629 2070 2664 quoque
2087 2613 2208 2653 mittit.
2226 2616 2332 2655 [Tude

1381 2674 1416 2712 id
1442 2674 1543 2712 uobis
1572 2675 1714 2725 liquet?
1736 2676 1905 2719 Malu-nl,
1933 2675 2046 2725 iuquit
2062 2706 2070 2721 ,
2093 2678 2273 2724 Moyse-m
2295 2687 2330 2716 et

1377 2737 1597 2786 prophetas.
1621 2736 1671 2773 Ea
1693 2735 1825 2787 quispe
1845 2749 1923 2785 qua·
1941 2736 2038 2773 illius
2057 2738 2227 2789 temporis
2242 2738 2332 2778 viris

1377 2796 1473 2833 dicta
1494 2806 1574 2833 suut
1589 2827 1597 2843 ,
1619 2797 1720 2833 nobis.
1745 2810 1885 2846 quoque
1902 2797 1997 2834 dicta
2019 2808 2119 2839 sunt,
2142 2812 2205 2835 uec
2225 2799 2331 2838 inodo

1382 2857 1475 2898 lleli,
1500 2856 1560 2894 sed
1583 2858 1748 2893 omnibus
1763 2857 1867 2894 simul
1885 2857 2007 2895 cadem
2025 2860 2254 2910 pe‹·‹·.·iiitil›us
2269 2876 2331 2912 per

1381 2918 1482 2955 illuni
1514 2932 1644 2969 perque
1666 2918 1764 2955 illius
1788 2918 2005 2956 calamit-ntes
2032 2921 2190 2971 loquitur
2216 2922 2325 2960 Deus.

1379 2980 1451 3016 th·
1471 2980 1563 3016 euim
1583 2994 1747 3030 personas
1766 2980 1909 3031 accipit,
1934 2995 1995 3017 uec
2012 2983 2073 3031 qui
2096 2982 2231 3020 minora
2251 2998 2331 3035 pve-

1378 3050 1512 3078 cuntem
1533 3055 1613 3078 cuin
1634 3040 1742 3078 ‹loun›
1759 3050 1827 3078 tum
1845 3042 2005 3080 funditus
2023 3044 2160 3088 evertit.
2183 3046 2329 3095 gravio-

1378 3116 1414 3138 ra
1435 3115 1617 3152 aggressus
1634 3101 1789 3139 diutim-t
1811 3102 1955 3140 inultos.

593 3381 598 3387 .
619 3359 817 3402 ἐκρεύξονται,
845 3356 1076 3389 ‹insideri-ntur
1107 3358 1139 3388 in
1170 3355 1287 3388 Mun-cl.
1325 3364 1382 3397 Ιιιιι
1399 3353 1511 3386 More-l.
1532 3353 1680 3396 [Absnut
1699 3354 1730 3385 iu
1758 3353 1895 3390 susino,
1915 3363 1944 3386 ι·ι
1963 3355 2041 3387 sort.
2061 3357 2161 3388 enimn
2180 3357 2211 3388 ιιι
2229 3366 2323 3390 νει-ιι·-

2346 2722 2418 2751 Luc.
2431 2724 2530 2762 =‹3.:9.

288 3413 430 3438 ιιιιιιιιιιι.
1327 3407 1480 3444 ιί>,1ι.ι·«·,
1501 3415 1585 3441 πλὴν
1603 3411 1688 3439 (fh...
1707 3421 1872 3451 ufey-3³5,
1891 3420 1962 3451 qum
1977 3417 2091 3451 aperta
2109 3417 2155 3441 rs!
2175 3411 2328 3452 interpo-

333 3459 347 3482 Ι·
372 3460 461 3499 ΙΙιιϊ,
478 3463 627 3501 sigeum...
650 3469 812 3503 :rpoqu-u,
831 3459 872 3491 ιιΙι
887 3459 1040 3491 omnibus
1058 3460 1177 3492 alm-nt
1197 3471 1287 3491 met·-
1327 3460 1417 3491 l-nin.
1434 3460 1544 3498 Quart·
1566 3458 1787 3502 ειϊ1ιι.κ”ιιιιιι.κ.1

2127 3506 2148 3517 ι.

2134 3524 2140 3539 Ι
