2513 3871
56 315 87 337 α.
104 309 159 338 cm
192 307 222 349 4.
261 310 342 336 nem
354 295 459 336 detur
473 309 535 349 per
545 307 643 347 spem
660 295 876 333 futurorum.
892 293 1210 331 Momentaneum

60 357 107 386 ¹7·

262 198 321 246 28
685 212 724 244 S.
760 209 946 243 JOANMS
981 209 1223 240 CllRYSOST.
1263 209 1472 243 Ancmsst‘.
1508 209 1865 243 coxs'rss't’txot’.

1235 333 1267 357 Ἀ
1293 292 1910 347 μακαριότητοςΙᾶμελῆσωμεν,“καὶ
1932 294 2074 344 μάλισθ’
2091 293 2148 333 ὅτε
2170 293 2310 337 εὔκολος

259 362 378 406 enim,
400 357 530 408 inquit,
548 364 584 394 et
601 356 682 393 leve
702 355 967 393 tribulationis
988 362 1129 392 nostroe
1147 368 1209 393 su·
1236 370 1261 398 A
1288 354 1673 407 ἡμῖνὴἐπάνοδοςπρὸς
1685 356 1795 393 ἐκεῖνο
1806 353 1846 392 τὸ
1858 354 1985 398 κάλλος
1998 361 2073 399 ταῖς
2084 358 2153 393 τῶν
2168 355 2309 405 μελλόν-

255 433 329 471 pra
356 419 510 456 modum
535 419 576 453 in
593 416 847 463 sublimitate,
874 424 1057 453 oeternum
1077 415 1211 467 glorioe

254 479 404 531 pondus
419 485 614 527 operatur,
638 491 713 515 non
731 477 1081 528 contemplantibus
1099 477 1210 514 nobis

256 554 342 591 quae
368 540 568 585 videntur,
598 539 668 576 sed
692 552 777 590 quae
797 552 875 575 non
893 538 1080 576 videntur
1095 553 1108 578 :
1123 551 1211 589 quae

255 605 350 638 enim
372 600 559 638 videntur
577 599 805 650 temporalia
825 607 915 636 sunt
931 616 945 644 ;
971 613 1057 651 quae
1079 608 1208 637 autem

257 674 336 699 non
364 661 562 708 videntur,
585 669 743 698 oeterna.
772 658 876 705 Quod
895 659 924 697 si
946 660 1208 708 tribulationes,

255 735 344 773 quas
373 722 464 760 nosti
482 752 492 770 ,
525 721 621 759 leves
638 721 779 758 vocavit
800 721 922 758 beatus
941 720 1073 760 Paulus
1091 751 1102 770 ‚
1126 721 1209 773 quia

255 796 327 822 non
346 781 536 836 respicitur
551 781 595 820 ad
612 796 650 820 ea
666 795 744 833 quae
760 780 941 831 videntur,
961 780 1074 821 multo
1093 781 1209 821 levius

255 853 290 882 et
307 844 449 882 facilius
474 843 540 882 erit
558 843 745 881 libidinem
764 842 897 880 sedare.
927 843 1095 882 Nondum
1114 844 1208 882 enim

254 904 301 944 ad
319 905 476 955 pericula
497 913 529 942 tc
547 904 609 942 illa
625 918 805 952 vocamus,
823 917 892 942 non
911 903 958 942 ad
974 913 1103 942 mortes
1120 918 1208 955 quo-

255 966 423 1014 tidianas,
439 980 507 1004 non
525 965 568 1003 ad
585 966 707 1018 plagas
723 966 935 1016 frequentes,
951 965 1112 1014 verbera,
1128 966 1209 1004 vin-

257 1027 351 1074 cula,
369 1026 574 1065 inimicitias
585 1040 665 1065 cum
678 1026 763 1064 orbe
776 1036 962 1073 terrarum,
981 1040 1049 1065 non
1065 1027 1110 1065 ad
1127 1026 1208 1065 odia

255 1088 546 1137 domesticorum,
570 1102 638 1126 non
658 1087 703 1126 ad
725 1087 866 1139 vigilias
884 1087 1095 1139 frequentes.
1125 1089 1208 1127 lon-
1237 1093 1259 1123 Β

258 1163 321 1202 gas
339 1148 652 1203 peregrinationes,
673 1149 873 1200 naufragia,
894 1150 1073 1187 latronum
1089 1149 1211 1188 incur-

254 1225 315 1249 sus
332 1241 341 1259 ,
378 1220 609 1263 cognatorum
642 1208 804 1256 insidias,
841 1208 982 1247 dolores
1011 1209 1208 1247 amicorum

255 1286 382 1321 causa3
402 1286 468 1309 non
489 1271 534 1309 ad
556 1272 698 1318 samem,
718 1270 846 1320 frigus,
872 1270 1087 1316 nuditatem,
1116 1285 1210 1308 exu-

253 1333 416 1379 stionem,
433 1331 638 1370 moestitiam
655 1345 719 1383 pro
737 1331 843 1368 rebus
859 1331 934 1368 sive
948 1330 1032 1378 tuis,
1049 1330 1124 1368 sive
1139 1345 1208 1369 non

252 1393 338 1431 tuis.
358 1393 458 1432 Nihil
475 1393 688 1444 horumjam
704 1391 947 1444 postulamus;
963 1391 1024 1429 sed
1040 1391 1076 1429 id
1094 1391 1210 1431 solum

253 1467 434 1506 rogamus,
460 1469 478 1491 a
501 1452 689 1491 maledicta
710 1451 881 1490 servitute
897 1452 1025 1490 liberes
1045 1462 1090 1501 te,
1112 1462 1146 1491 et
1166 1453 1211 1492 ad

253 1516 442 1568 pristinam
462 1515 658 1553 libertatem
682 1523 875 1561 revertare,
907 1523 1022 1552 tecum
1043 1523 1210 1567 reputans

253 1587 287 1616 et
302 1577 650 1629 libidinispoenas‚et
663 1574 825 1612 debitum
839 1574 995 1626 pristinae
1005 1574 1128 1613 virtuti
1143 1584 1212 1614 tuae

253 1639 457 1692 praemium.
494 1640 585 1677 Nam
608 1635 705 1688 quod
726 1635 899 1674 increduli
934 1635 1027 1674 circa
1050 1651 1213 1676 resurre-

255 1700 406 1738 ctionem
429 1699 583 1751 segniter
601 1697 715 1735 affecti
735 1697 820 1746 sint,
853 1711 917 1735 nec
936 1711 1106 1749 umquam
1127 1697 1211 1736 inde

256 1771 389 1799 metum
411 1760 607 1813 suscipiant
625 1789 634 1804 ‚
669 1758 761 1796 nihil
781 1767 874 1797 certe
893 1758 1026 1796 mirum
1056 1767 1108 1797 est
1125 1775 1132 1795 :
1150 1758 1211 1797 sed

255 1821 350 1873 quod
370 1836 433 1860 nos
453 1821 513 1873 qui
532 1821 576 1858 de
592 1820 722 1857 suturis
741 1819 854 1870 magis
874 1833 980 1870 quam
997 1819 1041 1857 de
1057 1833 1210 1872 praesen-
1237 1828 1261 1859 C

255 1883 351 1922 tibus
382 1883 489 1921 rebus
509 1880 666 1935 persuasi
683 1894 808 1918 sumus
826 1910 834 1924 ‚
866 1889 938 1918 tam
960 1880 1087 1918 misere
1103 1879 1211 1931 dega-

255 1959 349 1993 mus,
373 1953 444 1982 tam
465 1942 680 1990 calamitose,
711 1940 880 1992 nulloque
900 1955 1001 1979 sensu
1022 1955 1068 1979 ex
1088 1955 1210 1979 earum

255 2005 428 2044 memoria
444 2004 660 2051 afficiamur,
683 2001 745 2041 sed
765 2003 799 2040 in
820 2011 1016 2040 extremam
1039 2002 1212 2040 incuriam

259 2067 496 2112 delabamur,
527 2065 563 2103 id
592 2079 675 2103 sane
699 2064 861 2103 amentiae
889 2063 1035 2116 plenum
1069 2072 1134 2101 est.
1172 2063 1211 2102 Si

254 2130 350 2167 enim
380 2143 444 2166 nos
465 2126 588 2165 fideles
614 2125 736 2164 cadem
757 2140 835 2177 quae
857 2124 1016 2163 infideles
1047 2124 1098 2162 illi
1119 2124 1211 2162 faci-

255 2205 350 2240 mus,
381 2189 452 2227 imo
474 2187 712 2226 miserabilius
732 2202 839 2238 quam
871 2187 923 2225 illi
945 2186 1060 2224 affecti
1089 2200 1213 2225 sumus

255 2255 339 2300 (non
358 2250 486 2288 desunt
503 2249 597 2287 enim
614 2249 704 2286 inter
721 2248 815 2296 illos,
831 2248 890 2300 qui
909 2248 1063 2286 humana
1081 2247 1212 2287 virtute

253 2312 463 2359 claruerint)
479 2327 486 2347 :
503 2325 581 2361 qua:
602 2310 705 2347 nobis
730 2310 796 2347 erit
815 2309 1029 2354 consolatio,
1052 2323 1131 2360 qum
1151 2308 1211 2347 de-

256 2388 354 2412 mum
375 2372 510 2411 venia?
538 2371 645 2409 Multi
665 2370 810 2422 quidem
829 2379 1042 2408 mercatores
1062 2371 1210 2408 naufra-

257 2434 359 2488 gium
390 2433 484 2486 passi
513 2446 582 2471 non
606 2431 726 2470 animo
743 2429 986 2479 conciderunt,
1011 2430 1074 2468 sed
1089 2430 1212 2469 eadem

255 2496 413 2534 institere
426 2494 481 2533 via
491 2510 500 2543 ;
512 2507 728 2545 quamquam
741 2491 775 2530 id
785 2491 906 2530 damni
922 2505 989 2530 non
1001 2506 1044 2530 ex
1063 2492 1214 2544 segnitie

256 2558 411 2595 evenerit
430 2557 514 2604 sibi,
533 2554 593 2594 sed
607 2555 643 2593 vi
661 2563 847 2593 ventorum
869 2568 878 2591 :
900 2568 962 2592 nos
979 2562 1112 2601 autem,
1131 2555 1212 2606 qui-

1287 431 1356 454 των
1371 416 1488 455 ἐλπίσι
1498 415 1642 468 γίνεται.
1658 415 1711 453 Τὸ
1723 414 1792 467 γὰρ
1805 415 2018 467 παραυτίκα,
2028 416 2144 467 φησὶν,
2160 416 2308 468 ἐλαφρὸν

1286 480 1348 523 τῆς
1362 477 1511 529 θλίψεως
1526 478 1626 527 ἡμῶν
1644 478 1720 514 καθ“
1734 476 1931 528 ὓπερὸολὴν
1947 479 1995 520 εἷς
2008 476 2203 528 ὓπερὸολὴν
2220 476 2308 514 αἰώ-

1285 554 1356 576 νιον
1381 539 1486 590 βάρος
1504 538 1602 583 δόξης
1622 537 1885 589 κατεργάζεται,
1904 536 1952 588 μὴ
1969 538 2191 576 σκοπούντων
2206 539 2308 587 ἡμῶν

1285 597 1329 636 τὰ
1355 598 1566 650 βλεπόμενα,
1587 596 1677 635 ἀλλὰ
1701 597 1746 636 τὰ
1770 596 1819 647 μὴ
1845 597 2060 648 βλεπόμενα·
2080 597 2125 636 τὰ
2143 598 2212 649 γὰρ
2231 599 2311 649 βλε-

1285 659 1421 710 πόμενα
1443 659 1655 710 πρόσκαιρα,
1673 657 1717 696 τὰ
1741 657 1776 696 δὲ
1797 657 1846 708 μὴ
1868 657 2082 710 βλεπόμενα,
2101 658 2241 696 αἰώνια.
2264 659 2309 697 Εἰ

1286 721 1321 760 δὲ
1338 723 1372 758 αἱ
1388 720 1532 773 θλίψεις,
1543 725 1556 740 ¹¹
1568 719 1640 763 οἵας
1654 714 1760 764 οἶδας,
1773 719 1926 772 ἐλαφρὰς
1940 720 2084 758 ἐκάλεσε
2102 718 2162 757 καὶ
2176 718 2310 772 κούφας

1285 784 1303 819 ὁ
1321 781 1491 833 μακάριος
1510 781 1662 827 Παῦλος,
1679 779 1736 818 διὰ
1751 779 1791 817 τὸ
1807 778 1855 830 μὴ
1872 785 2014 818 σκοπεῖν
2029 779 2074 817 τὰ
2093 779 2308 831 βλεπόμενα,

1285 843 1405 893 πολλῷ
1427 843 1561 892 μᾶλλον
1586 841 1626 879 τὸ
1646 840 1847 879 παύσασθαι
1868 839 2119 890 ἀσελγαίνοντα
2145 840 2308 893 φορητόν.

1285 902 1376 941 Οὐδὲ
1396 902 1464 955 γὰρ
1483 901 1539 940 ἐπὶ
1562 901 1642 945 τοὺς
1661 902 1835 944 κινδύνους
1856 916 1894 939 σε
1913 903 2087 951 καλοῦμεν
2107 901 2194 944 τέως
2215 901 2310 939 ἐκεί·

1284 980 1374 1011 νους,
1393 964 1470 1001 οὐδὲ
1492 964 1549 1002 ἐπὶ
1572 962 1650 1007 τοὺς
1669 962 1836 1005 θανάτους
1859 961 1937 1006 τοὺς
1957 961 2222 1014 καθημερινοῦς,
2245 961 2309 1006 τὰς

1282 1023 1418 1073 πληγὰς
1439 1021 1501 1064 τὰς
1525 1027 1698 1074 συνεχεῖς,
1719 1021 1780 1064 τὰς
1801 1021 1996 1072 μάστιγας,
2021 1021 2066 1060 τὰ
2089 1022 2218 1072 δεσμὰ,
2243 1020 2308 1068 τὴν

1282 1084 1367 1135 πρὸς
1385 1083 1448 1130 τὴν
1469 1083 1676 1134 οἰκουμένην
1693 1082 1896 1135 ἀπέχθειαν,
1912 1083 1952 1120 τὸ
1965 1082 2062 1134 παρὰ
2083 1085 2152 1120 τῶν
2171 1082 2308 1121 οἰκείων

1284 1149 1396 1194 μῖσος,
1412 1143 1472 1187 τὰς
1490 1143 1681 1196 ἀγρυπνίας
1700 1143 1763 1187 τὰς
1782 1144 2011 1192 ἐπαλλήλους,
2029 1143 2092 1188 τὰς
2110 1143 2308 1196 ὁδοιπορίας

1282 1206 1344 1248 τὰς
1366 1205 1527 1256 μακρὰς,
1551 1205 1595 1242 τὰ
1622 1204 1790 1255 ναυάγια,
1810 1205 1871 1249 τὰς
1892 1208 1961 1243 τῶν
1983 1206 2123 1255 λῃστῶν
2145 1206 2305 1256 ἐφόδους,

1282 1266 1344 1309 τὰς
1373 1266 1470 1319 παρὰ
1499 1268 1568 1303 τῶν
1597 1268 1772 1317 συγγενῶν
1806 1266 2014 1314 ἐπιδουλᾶς,
2041 1267 2102 1310 τὰς
2123 1266 2212 1318 ὑπὲρ
2238 1270 2308 1304 τῶν

1283 1328 1392 1379 φίλων
1410 1327 1542 1374 ὀδύνας,
1559 1327 1617 1365 τὸν
1636 1328 1754 1378 λιμὸν,
1769 1328 1827 1366 τὸν
1847 1327 1992 1379 κρυμὸν,
2007 1328 2070 1374 τὴν
2092 1330 2308 1379 γυμνότητα,

1282 1389 1347 1436 τὴν
1368 1388 1543 1441 πύρωσιν,
1564 1388 1627 1435 τὴν
1649 1387 1799 1438 ἀθυμίαν
1817 1387 1880 1434 τὴν
1902 1389 1991 1441 ὑπὲρ
2008 1392 2077 1426 τῶν
2097 1391 2201 1427 αὐτοῦ
2214 1418 2223 1435 ,
2245 1388 2309 1437 τὴν

1283 1450 1371 1502 ὑπὲρ
1390 1453 1461 1488 τῶν
1477 1453 1540 1488 οὐκ
1559 1451 1676 1488 αὐτοῦ.
1697 1448 1810 1488 Οὐδὲν
1826 1448 1957 1488 τούτων
1978 1452 2194 1500 ἀπαιτοῦμεν
2209 1449 2309 1498 τέως,

1283 1511 1374 1549 ἀλλὰ
1404 1509 1508 1561 μόνον
1533 1515 1698 1550 τοσοῦτον
1727 1510 1909 1561 ἀξιοῦμεν,
1936 1513 1999 1557 τῆς
2028 1511 2203 1563 ἐπαράτου
2230 1513 2308 1549 δου-

1283 1572 1378 1615 λείας
1394 1573 1656 1624 ἀπαλλαγῆναι,
1672 1572 1730 1609 καὶ
1747 1571 1831 1624 πρὸς
1847 1572 1911 1618 τὴν
1927 1572 2098 1625 προτέραν
2115 1572 2311 1624 ἐλευθερίαν

1283 1635 1497 1680 ἐπανελθεῖν,
1527 1633 1740 1679 ἐννοήσαντα
1771 1633 1831 1671 καὶ
1862 1634 1924 1681 τὴν
1957 1635 1997 1671 ἐκ
2034 1637 2097 1680 τῆς
2127 1633 2311 1686 ἀσελγείας

1284 1696 1453 1743 κόλασιν,
1481 1695 1540 1733 καὶ
1565 1694 1629 1742 τὴν
1656 1697 1696 1733 ἐκ
1719 1699 1779 1733 τοῦ
1804 1695 1973 1749 προτέρου
2003 1695 2080 1747 βίου
2107 1696 2226 1746 τιμήν.
2257 1697 2312 1734 Τὸ

1285 1756 1348 1807 μὲν
1370 1757 1437 1809 γὰρ
1458 1756 1536 1800 τοὺς
1558 1757 1790 1800 ἀπιστοῦντας
1810 1759 1860 1809 τῷ
1879 1759 1941 1803 τῆς
1967 1755 2190 1800 ἀναστάσεως
2215 1756 2311 1808 λόγῳ

1286 1819 1448 1871 ῥᾳθύμως
1470 1819 1678 1864 διακεῖσθαι,
1698 1818 1758 1855 καὶ
1785 1817 1961 1867 μηδέποτε
1983 1819 2017 1855 ἐν
2037 1816 2183 1870 τοιούτῳ
2205 1817 2312 1868 γενέ-

1286 1884 1366 1918 σθαι
1389 1879 1503 1932 φόὸῳ,
1521 1880 1718 1929 θαυμαστὸν
1739 1879 1852 1917 οὐδέν·
1873 1879 1913 1917 τὸ
1937 1878 1972 1917 δὲ
1989 1882 2083 1929 ἡμᾶς
2103 1878 2181 1922 τοὺς
2197 1878 2214 1898 '³
2229 1879 2311 1933 περὶ

1284 1943 1352 1978 τῶν
1379 1943 1449 1978 ἐκεῖ
1473 1941 1605 1990 μᾶλλον
1625 1939 1647 1986 ἢ
1674 1943 1742 1978 τῶν
1762 1942 1909 1978 ἐνταῦθα
1930 1939 2184 1990 πεπεισμένους
2202 1939 2311 1983 οὕτως

1285 1999 1413 2044 ἀθλίως
1435 2001 1566 2051 διάγειν
1593 2001 1652 2039 καὶ
1671 1999 1919 2051 ταλαιπώρως,
1942 2001 2001 2038 καὶ
2028 2000 2136 2051 μηδὲν
2163 2001 2231 2039 ὑπὸ
2248 2005 2311 2048 τῆς

1287 2062 1429 2112 μνήμης
1462 2062 1613 2113 πάσχειν
1641 2061 1801 2106 ἐκείνων,
1830 2063 1907 2100 ἀλλ’
1940 2064 1988 2105 εἷς
2017 2061 2170 2114 ἐσχάτην
2206 2065 2310 2101 ἀναι-

1285 2122 1432 2169 σθησίαν
1446 2129 1670 2170 καταπεσεῖν,
1678 2126 1780 2161 τοῦτο
1790 2124 1921 2168 πολλ’ἦς
1934 2123 2075 2174 ἀλογίας
2085 2122 2192 2174 γε’μον
2205 2125 2308 2163 ἐστίν.

1284 2185 1400 2224 “Οταν
1428 2185 1497 2238 γὰρ
1524 2189 1555 2224 οἱ
1581 2185 1803 2229 πιστεύοντες
1833 2185 1878 2223 τὰ
1906 2189 1974 2223 τῶν
2006 2186 2165 2224 ἀπίστων
2197 2186 2311 2238 πράτ-

1285 2263 1420 2297 τωμεν,
1453 2249 1585 2298 μᾶλλον
1605 2247 1641 2285 δὲ
1668 2247 1838 2285 κάκείνων
1866 2246 2076 2298 ἀθλιώτερον
2094 2251 2108 2267 ⁰
2122 2247 2309 2286 διακεισώ-

1286 2311 1376 2358 μεθα
1397 2308 1488 2359 (εἰσὶ
1508 2308 1577 2359 γὰρ
1603 2310 1638 2346 ἐν
1666 2309 1779 2351 αὐτοῖς
1798 2308 1830 2346 οἲ
1853 2307 1944 2346 κατὰ
1964 2308 2027 2354 τὴν
2052 2313 2112 2347 τοῦ
2138 2307 2214 2359 βίου
2235 2308 2309 2346 διέ-

1285 2369 1429 2421 λαμψαν
1454 2368 1622 2421 ἀρετήν)·
1647 2369 1698 2412 τίς
1725 2369 1824 2407 ἔσται
1851 2373 1936 2420 ἡμῖν
1957 2369 2198 2422 παράκλησις,
2226 2369 2311 2408 ποία

1285 2431 1476 2482 συγγνώμη
1506 2430 1650 2478 λοιπόν;
1684 2430 1754 2468 Καὶ
1785 2429 1940 2482 ναυαγίῳ
1974 2430 2036 2480 μὲν
2064 2429 2311 2483 περιπεσόντες

1284 2494 1408 2531 πολλοὶ
1436 2495 1506 2531 τῶν
1533 2492 1720 2544 ἐμπόρων,
1746 2492 1807 2530 οὐκ
1825 2491 1840 2511 ‘¹
1862 2491 2051 2538 ἀνέπεσον,
2083 2492 2175 2530 ἀλλὰ
2202 2491 2310 2530 πάλιν

1285 2554 1462 2600 ἐπέίῗησαν
1482 2556 1545 2599 τ’ἧς
1572 2554 1679 2599 αὐτῆς
1709 2553 1811 2598 ὁδοῦ,
1840 2552 1899 2591 καὶ
1924 2555 2036 2590 ταῦτα
2064 2554 2103 2590 οὗ
2129 2552 2225 2603 παρὰ
2246 2551 2310 2598 τὴν

256 2619 324 2657 bus
337 2619 381 2657 de
395 2619 490 2657 bono
504 2619 574 2656 [ine
584 2630 723 2669 semper
738 2615 988 2669 sperarelicet‚
1005 2629 1085 2654 cum
1104 2616 1214 2668 probe
1238 2618 1264 2648 D
1285 2613 1416 2652 οἰκείαν
1449 2611 1633 2665 ῥαθυμίαν,
1665 2611 1756 2650 ἀλλὰ
1785 2611 1882 2663 παρὰ
1908 2610 1972 2658 τὴν
2001 2614 2070 2649 τῶν
2099 2613 2311 2663 πνευμάτων

258 2680 411 2718 sciamus
428 2709 438 2725 ,
475 2693 588 2730 neque
608 2677 849 2729 naufragium,
877 2690 991 2728 neque
1009 2676 1212 2715 detrimenti

259 2740 435 2792 quidlibet
455 2740 576 2778 invitis
604 2739 708 2777 nobis
727 2739 966 2777 obventurum
986 2752 1074 2787 esse,
1098 2752 1214 2776 annon

260 2815 334 2839 rem
353 2800 632 2852 aggrediemur?
652 2813 767 2838 annon
783 2799 960 2848 eamdem,
978 2814 1084 2851 quam
1101 2799 1215 2852 prius,

259 2870 495 2899 mercaturam
535 2874 776 2910 resumemus,
808 2860 868 2898 sed
901 2860 1019 2913 supini
1047 2860 1217 2898 consertis

261 2922 359 2975 apud
382 2937 444 2961 nos
465 2922 628 2960 manibus
645 2921 873 2973 jacebimus?
895 2922 942 2960 Et
961 2921 1097 2959 utinam
1121 2919 1217 2973 apud

263 2999 326 3022 nos
345 2993 496 3031 tantum,
514 2992 546 3021 et
567 2997 634 3021 non
656 2983 761 3020 etiam
782 2992 902 3020 contra
925 2997 1003 3030 nos,
1023 2981 1117 3034 quod
1133 2996 1219 3035 apt-r

263 3055 307 3083 ta:
319 3045 464 3084 insaniae
477 3054 538 3083 est.
553 3045 642 3082 Nam
661 3044 689 3082 si
708 3044 787 3095 quis
798 3044 898 3097 pugil
911 3045 1040 3083 omisso
1053 3042 1219 3083 adversa-

1285 2674 1442 2725 ἀνάγκην
1463 2675 1528 2718 τῆς
1549 2672 1677 2724 ζημίας
1692 2672 1925 2723 γεγενημένης
1946 2673 2078 2716 αὐτοῖς·
2097 2677 2198 2724 ἡμεῖς
2220 2674 2255 2712 δὲ
2279 2678 2311 2713 οἱ

1284 2737 1366 2789 περὶ
1375 2740 1435 2774 τοῦ
1445 2735 1562 2779 τέλους
1572 2737 1710 2788 θαῤῥεῖν
1721 2733 1938 2786 ἔχοντες,καὶ
1948 2735 2100 2787 ἂκριὸῶς
2111 2736 2250 2784 εἰδότες,
2258 2736 2311 2775 ὅτι

1287 2798 1336 2849 μὴ
1350 2797 1570 2848 βουλομένων
1582 2798 1696 2846 ἡμῶν,
1707 2795 1783 2832 οὔτε
1793 2795 1970 2846 ναυάγιον,
1980 2795 2016 2834 οὗ
2022 2812 2056 2833 τε
2067 2797 2147 2848 περὶ
2157 2797 2198 2835 τὸ
2206 2796 2311 2850 τυχὸν

1286 2863 1372 2909 ἡμῖν
1391 2862 1412 2904 ἡ
1431 2857 1540 2907 ζημία
1560 2856 1794 2907 συμίῖήσεται,
1815 2858 1878 2908 οὐχ
1894 2857 2054 2909 ἁψόμεθα
2071 2858 2178 2896 πάλιν
2198 2860 2312 2897 αὐτῶν

1287 2921 1347 2959 καὶ
1359 2917 1646 2970 ἐμπορευσόμεθα
1659 2918 1818 2970 καθάπερ
1829 2919 1887 2956 καὶ
1898 2918 1937 2956 τὸ
1950 2920 2134 2971 πρότερον,
2144 2919 2234 2959 ἀλλὰ
2244 2935 2314 2958 κει·

1289 2982 1422 3032 σόμεθα
1438 2982 1620 3032 ἀργοῦντες
1634 2979 1694 3017 καὶ
1709 2979 1771 3022 τὰς
1786 2985 1907 3032 χεῖρας
1918 2980 2002 3033 παρ’
2016 2983 2148 3025 ἑαυτοῖς
2162 2981 2311 3034 ἔχοντες

1292 3043 1361 3082 Καὶ
1377 3042 1444 3081 εἴθε
1461 3043 1546 3095 παρ’
1562 3043 1695 3084 ἑαυτοῖς
1714 3041 1897 3092 μόνον,καὶ
1915 3041 1963 3093 μὴ
1980 3044 2056 3080 καθ’
2073 3044 2216 3091 ἑαυτῶν,
2226 3042 2312 3094 ὅπερ

309 3186 322 3204 ⁶
348 3184 468 3229 Regius
486 3197 568 3217 unus
586 3198 591 3216 τ
610 3191 657 3220 ναὶ
673 3191 808 3229 μάλιστα
833 3189 940 3225 εἰδότες
966 3191 1013 3221 ἔτι
1039 3190 1156 3224 εὔκολος
1172 3191 1240 3229 ἡμῖν
1253 3189 1273 3223 ἡ
1305 3186 1447 3229 ε’ὶαρραῖ.
1464 3188 1498 3221 ἂ,-
1512 3187 1615 3220 iuriam
1628 3187 1819 3228 ἀπηρίθμησς
1834 3185 1881 3217 διὰ
1901 3188 1934 3217 τὸ
1946 3188 1990 3225 μὴ
2008 3190 2135 3217 σκοπεῖν.

1351 3237 1368 3261 Ῑ·
1392 3235 1526 3279 Aliquot
1544 3236 1619 3267 Mss.
1637 3239 1711 3281 ὑπὲρ
1729 3247 1786 3269 τῶν
1797 3240 1868 3269 ἐκεῖ.

1354 3299 1366 3312 ²
1393 3288 1526 3331 Aliquot
1550 3287 1624 3318 Μιε-
1655 3290 1840 3330 ῧιακιόμιθα.
1866 3286 1967 3320 Snvil.
1988 3290 2194 3330 ὅιανιισίμιθα
2215 3287 2226 3330 s
2245 3289 2315 3321 sinn

1311 3345 1341 3374 tt
1359 3348 1432 3382 post
1446 3343 1576 3382 μᾶὶὶου.
1598 3340 1638 3371 Et
1659 3351 1734 3370 mox
1754 3337 1855 3371 linlwt
1874 3346 1916 3378 τί,-
1932 3342 1977 3373 os„
1997 3345 2089 3373 ἐσται.
2109 3341 2120 3382 l

1355 3393 1369 3417 -Ι
1396 3390 1540 3433 Quidam
1560 3392 1635 3422 Mss.
1654 3398 1806 3425 :hieu-12.

268 3243 340 3284 πρὸς
353 3242 444 3272 ἐκεῖνο
460 3243 494 3271 τὸ
511 3240 618 3275 κάΗος
633 3242 769 3276 infimo,-
784 3246 848 3276 ταῖς
861 3248 919 3273 τῶν
934 3242 1106 3281 μελλόντων
1120 3242 1213 3273 ἐλπίσι
1227 3242 1272 3280 yi-

269 3305 361 3324 νεται.
392 3295 447 3323 Καὶ
473 3295 518 3323 Er(
538 3296 626 3323 τοῦτο
644 3294 762 3331 ἀληθὲς,
781 3299 867 3324 aim-uz
886 3298 936 3325 τοῦ
954 3294 1075 3324 Παύλου
1102 3296 1190 3325 τοῦτο
1206 3296 1276 3333 ἡμῖν

271 3346 430 3380 inivit-no,-
443 3344 479 3375 ἤι’
498 3343 535 3374 ὧν
546 3346 705 3386 Κορινθίοις
722 3348 839 3386 γράφει·
855 3349 894 3376 Τὸ
910 3349 967 3386 γὰρ
984 3358 1116 3388 παραυ-ι’.

316 3404 329 3418 ¹
353 3393 454 3428 Saxil,
474 3401 501 3423 rt
538 3404 619 3425 tuit-s
645 3392 728 3425 Cod.
758 3402 788 3431 ἀς
807 3397 893 3432 olim.
917 3393 1006 3425 Alius
1030 3401 1052 3428 (ι’
1075 3397 1103 3428 δὲ
1124 3411 1151 3429 αι
1171 3399 1277 3437 θὶιψης
