2513 3871
135 830 230 857 Jnan.
244 834 292 857 ΙΟ.

139 891 313 952 niu.14.9

147 1507 172 1526 ι.
192 1497 261 1523 Cor.
281 1493 329 1523 15.

144 1538 194 1567 25.
223 1544 251 1565 et
279 1544 328 1573 ²7·

146 2047 335 2078 Jonn.5.3i.

341 238 437 284 620

341 349 411 386 quc
430 349 494 374 nos
515 334 559 373 ad
580 334 647 372 boc
667 332 853 382 incitabat,
874 334 905 371 ei
926 333 1049 371 multa!
1065 331 1299 385 suppetebant

341 392 527 431 humiliter
547 390 714 442 loquendi
734 391 948 430 occasiones.
966 391 1066 429 Licet
1082 399 1116 429 et
1133 400 1297 442 quartam

340 453 502 506 proferre
519 466 661 491 causam
685 452 799 490 nihilo
818 452 1020 490 inferiorem
1039 451 1173 490 allatis.
1188 452 1298 498 Quae-

340 527 424 551 nam
438 522 487 550 est
503 513 564 551 illa
580 512 748 551 tandem?
763 513 814 551 Ne
828 513 917 551 forte
929 522 1075 566 propter
1088 525 1251 563 magnam
1264 520 1297 550 et
1311 548 1358 572 5⁰7

340 572 551 610 immensam
582 572 829 626 hypostasium
852 573 1152 625 propinquitatem
1177 586 1240 610 nos
1262 571 1298 610 in
1324 586 1347 613 A

339 633 446 672 unius
461 647 618 686 personae
636 633 839 686 opinionem
855 633 1095 673 incideremus
1107 648 1114 670 :
1126 632 1190 671 etsi
1204 632 1299 671 enim

340 709 421 734 raro
435 694 507 733 tale
520 694 608 747 quid
624 694 773 742 dixerit,
788 696 865 748 jam
883 695 917 733 in
935 709 1012 734 eam
1031 694 1192 733 nonnulli
1213 708 1301 748 pro-

341 755 433 809 lapsi
464 765 547 794 sunt
578 756 813 809 impietatem.
835 756 1015 795 Sabellius
1034 755 1179 807 quidem
1208 765 1302 794 certe

345 822 428 861 Afer
440 835 521 860 cum
535 820 712 860 dicentem
724 821 896 870 audisset,
912 823 990 874 Ego
1000 830 1036 859 et
1048 823 1170 859 Pater
1180 834 1301 859 unum

343 895 488 930 sumus,
506 890 553 929 et,
572 885 649 933 Qui
664 884 765 921 vidae
784 898 858 932 me,
871 884 971 921 vidie
986 883 1159 930 Patrem,
1173 896 1219 920 ex
1236 881 1301 919 bac

343 942 538 982 verborum
555 944 838 996 propinquitate,
854 958 922 995 qua
938 943 983 981 ad
997 943 1191 995 genitorem
1206 956 1303 982 accc·

342 1003 427 1043 dere
446 1003 652 1055 videbatur,
673 1005 891 1043 occasionem
920 1004 1112 1056 impietatis
1131 1004 1300 1056 arripuit,

343 1065 392 1103 ita
413 1073 452 1102 ut
473 1079 580 1103 unam
600 1079 675 1104 esse
696 1080 881 1118 personam
900 1075 934 1104 et
952 1065 1176 1117 hypostasim
1196 1079 1302 1103 unam

343 1136 510 1165 censeret.
531 1128 653 1178 Neque
677 1141 761 1165 vero
779 1127 864 1165 sulae
885 1135 967 1164 sunt
989 1126 1065 1163 ista:
1083 1139 1219 1173 causae,
1240 1124 1303 1164 sed

342 1186 450 1224 etiam
463 1200 506 1224 ne
518 1187 601 1237 quis
614 1201 694 1224 eum
714 1187 866 1238 primam
881 1195 912 1224 et
929 1186 1121 1237 ingenitam
1137 1199 1212 1223 esse
1223 1186 1304 1223 sub-

342 1247 510 1285 stantiam
535 1247 785 1295 arbitraretur,
814 1256 876 1285 aut
903 1247 1074 1298 majorem
1104 1259 1169 1284 suo
1191 1246 1303 1298 ipsius

343 1309 503 1359 genitore
535 1317 710 1347 censeret:
728 1323 811 1347 nam
837 1317 871 1347 et
899 1307 968 1347 hoc
998 1307 1115 1360 ipsum
1144 1307 1304 1346 timuisse

345 1368 496 1407 Paulum
511 1378 682 1421 apparet,
709 1384 752 1408 ne
775 1369 856 1421 quis
872 1369 961 1407 forte
974 1368 1042 1407 hoc
1057 1368 1210 1423 impium
1225 1381 1306 1420 pra·

347 1444 504 1482 vumque
514 1431 645 1482 dogma
655 1430 908 1484 suspicaretur.
919 1432 1023 1470 Certe
1033 1445 1116 1470 cuin
1126 1430 1299 1477 dixisset,

350 1493 496 1544 Oportet
528 1497 632 1532 enim
665 1492 779 1531 illum
810 1506 992 1544 regnare,
1027 1493 1149 1530 donec
1180 1500 1301 1544 ponat

347 1555 523 1591 inimicos
541 1555 612 1592 sub
629 1554 792 1606 pedibus
818 1583 830 1603 ,
853 1562 887 1592 et
915 1553 1132 1599 addidisset,
1159 1556 1301 1593 Omm'a

345 1615 506 1666 subjecit
528 1615 598 1652 sub
626 1615 790 1666 pedibus
809 1617 892 1667 ejus
909 1643 920 1661 ,
943 1614 1129 1667 adjunxit,
1154 1616 1304 1654 Praeter·

345 1689 451 1724 eum,
471 1676 542 1727 qui
558 1675 721 1727 subjecit
741 1675 804 1714 illi
823 1679 954 1714 omnia
967 1691 980 1716 :
996 1689 1067 1715 non
1090 1675 1212 1727 utique
1230 1674 1300 1714 ad-

341 1736 554 1789 juncturus,
577 1736 645 1774 nisi
667 1735 843 1774 timuisset
861 1751 904 1775 ne
924 1751 994 1788 qua
1015 1737 1104 1775 sorte
1124 1736 1301 1775 diabolica

347 1798 428 1836 talis
444 1798 617 1836 sententia
633 1798 847 1836 exoriretur.
864 1799 968 1851 Saepe
981 1812 1121 1850 quoque
1136 1797 1223 1836 dum
1237 1799 1302 1837 Ju-

347 1858 507 1897 daeorum
520 1858 695 1897 invidiam
710 1858 810 1904 lenit,
820 1859 865 1898 dc
880 1859 1071 1898 verborum
1085 1859 1304 1898 sublimitate

348 1920 511 1958 nonnihil
533 1919 703 1968 remittit,
727 1929 765 1958 ut
783 1933 926 1965 eorum,
945 1920 1007 1971 qui
1035 1934 1116 1958 cum
1137 1920 1212 1972 ipso
1231 1934 1303 1958 ser-

349 1981 636 2028 mocinabantur,
653 1981 844 2034 suspicioni
863 1980 1070 2019 satisfaciat:
1085 1991 1121 2019 ut
1137 1995 1218 2019 cum
1233 1982 1302 2019 ait:

351 2043 393 2081 St
407 2056 475 2095 ego
491 2045 750 2080 testimonium
764 2043 944 2094 perhibeo
959 2043 1005 2080 cle
1023 2046 1185 2095 meipso,
1204 2047 1310 2082 testi-

352 2107 525 2142 monium
541 2118 667 2141 meum
686 2119 764 2141 non
780 2112 835 2141 est
854 2117 1004 2143 verum.
1022 2106 1112 2143 Nam
1131 2113 1167 2142 ut
1184 2119 1307 2143 eorum

351 2166 590 2218 suspicionem
622 2165 812 2210 refelleret,
844 2164 892 2202 ita
925 2164 1046 2213 dixit3
1069 2180 1181 2217 neque
1208 2167 1308 2206 enim

352 2227 420 2265 hoc
434 2242 554 2265 verum
573 2241 639 2264 non
656 2241 730 2264 esse
746 2227 862 2264 voluit
876 2226 1054 2275 indicare,
1073 2227 1158 2278 quin
1178 2228 1307 2280 potius,

353 2298 394 2326 ut
414 2302 475 2325 vos
496 2286 716 2325 arbitramini
737 2297 770 2325 et
790 2287 1043 2339 suspicamini,
1066 2288 1204 2339 inquit,
1227 2303 1308 2328 cum

354 2364 411 2387 me
430 2349 550 2387 nolitis
574 2349 728 2401 recipcre
752 2347 797 2387 de
818 2347 953 2401 meipso
981 2350 1090 2388 verba
1109 2350 1306 2389 facientem.

407 2413 443 2449 5.
464 2411 509 2449 Et
524 2425 606 2449 vero
621 2411 739 2463 plures
753 2410 832 2447 aliae
851 2409 998 2462 reperiri
1015 2425 1128 2449 causa:
1150 2421 1304 2463 possent.

359 2475 408 2509 Ac
427 2471 620 2509 verborum
639 2470 787 2521 quidem
807 2470 1024 2509 humilitatis
1045 2471 1176 2510 multas
1205 2473 1309 2512 nobis

354 2533 512 2585 proferre
531 2533 731 2571 occasiones
750 2532 891 2570 liceret:
908 2540 943 2569 at
962 2540 999 2569 tu
1018 2531 1228 2584 dogmatum
1249 2547 1309 2572 su-

354 2593 563 2632 blimiorum
583 2592 690 2631 aliam
714 2593 802 2631 affer
826 2592 1044 2631 occasionem
1066 2603 1192 2646 praeter
1210 2609 1308 2644 eam,

355 2668 462 2704 quam
484 2653 646 2692 diximus
666 2667 675 2690 :
694 2667 733 2691 ea
754 2667 838 2692 vero
858 2653 942 2701 fuit,
967 2653 1065 2704 quod
1085 2668 1185 2693 suam
1207 2656 1310 2694 nobis

356 2716 460 2754 vellet
486 2715 682 2768 patefacere
709 2714 953 2763 nobilitatem3
978 2714 1040 2753 sed
1059 2715 1166 2754 aliam
1184 2717 1311 2755 afferre

356 2777 491 2815 nullam
515 2790 644 2828 posses.
667 2777 757 2814 Nam
779 2776 807 2814 is
825 2776 969 2827 quidem
989 2777 1050 2828 qui
1073 2791 1222 2830 magnus
1241 2788 1309 2826 est,

356 2838 526 2888 exiguum
545 2837 683 2889 aliquid
702 2837 828 2890 poterit
845 2837 890 2875 de
909 2852 944 2876 se
958 2838 1094 2885 dicere,
1113 2853 1175 2877 nee
1195 2839 1310 2877 ullum

357 2898 392 2937 id
415 2899 546 2937 crimen
567 2899 656 2946 erit,
681 2898 858 2950 siquidem
879 2898 973 2936 istud
995 2909 1046 2937 est
1067 2900 1308 2939 modestiaezsi

357 2959 437 3010 quis
455 2970 573 2998 antem
593 2960 654 3011 qui
675 2974 810 3012 parvus
829 2960 892 3007 sit,
914 2975 1082 3013 magnum
1099 2961 1144 3000 de
1161 2962 1311 3013 sequid·

361 3020 454 3071 piam
469 3020 565 3058 dicat
577 3051 585 3066 ,
603 3020 886 3059 criminationem
899 3035 966 3059 non
979 3023 1123 3073 effugiet
1136 3038 1144 3058 :
1156 3032 1207 3061 est
1216 3023 1310 3062 enim

362 3079 449 3117 illud
471 3081 694 3132 arrogantiam
711 3083 941 3134 Quapropter
956 3083 1146 3121 sublimem
1165 3084 1311 3135 quidem

362 3154 482 3178 omnes
504 3141 710 3191 laudamus,
736 3156 816 3180 cum
846 3143 998 3181 humilia
1024 3144 1068 3182 «lc
1094 3158 1131 3182 se
1155 3144 1311 3192 dixerit3

366 3199 535 3239 humili-m
562 3211 678 3240 autem
706 3217 808 3241 nemo
838 3203 1018 3253 laudabit,
1048 3205 1078 3243 si
1109 3204 1197 3256 quid
1224 3206 1314 3244 forte

366 3272 532 3310 magnum
556 3261 601 3299 dc
619 3278 654 3300 sc
674 3262 821 3302 dixerit.
846 3265 968 3316 ltaque
986 3265 1016 3304 si
1040 3263 1153 3304 multo
1172 3265 1315 3305 inferior

414 3390 526 3423 ·L'u··.s
544 3399 574 3422 ct
586 3394 642 3423 Sar
655 3420 662 3427 ,
677 3392 796 3426 liabent
817 3403 971 3437 ἀγένητοι
992 3402 1148 3436 ὑπόστασιν
1166 3405 1213 3437 καὶ
1229 3406 1363 3442 μείζονι.

371 3443 425 3475 >cil
444 3442 496 3474 alii
511 3454 624 3474 omnen
642 3451 796 3485 -iyr'mrsov
814 3452 922 3479 ojviav.

782 251 819 282 S.
853 250 1041 282 somnis
1074 249 1318 281 cnuYSOST.
1356 250 1564 282 anetum.
1598 244 1959 282 continuam).

1374 333 1538 372 ὑπόνοιαν
1558 336 1653 385 ἡμᾶς
1672 335 1857 386 ἐμπεσεῖν,
1874 334 1962 373 ὅπου
1992 348 2032 384 γι
2062 333 2122 372 καὶ
2152 337 2214 373 νῦν
2244 336 2398 387 ὀλιγάκις

1374 396 1481 434 αὐτοῦ
1499 411 1534 434 τι
1551 397 1707 434 τοιοῦτον
1736 395 1906 442 εἰπόντος,
1932 394 2019 446 πρὸς
2049 394 2114 442 τὴν
2133 395 2295 434 deiectam
2313 396 2399 435 ταύ-

1372 472 1435 503 την
1467 457 1536 504 ἤδη
1561 456 1651 501 τινὲς
1681 456 1882 502 ἐξώλισῡον.
1911 456 2105 500 Σαὸέλλιος
2128 459 2211 507 γοῦν
2239 459 2258 496 ὁ
2291 457 2401 503 Λίὸυς

1372 517 1523 561 ἀκούσας
1540 519 1645 556 αὐτοῦ
1662 517 1834 569 λέγοντος,
1851 516 1950 569 Ἐγὼ
1965 517 2026 556 καὶ
2040 519 2058 555 ὁ
2078 517 2204 569 Πατὴρ
2220 517 2255 556 ἕν
2274 520 2380 568 ἐσμεν
2391 548 2403 566 ,

1371 580 1431 617 καὶ
1459 577 1505 617 Ὁ
1532 574 1698 632 ἑωρακὼς
1728 577 1790 628 ἐμὲ
1817 577 1953 630 ἑώρακε
1982 577 2041 616 τὸν
2064 577 2222 630 Πατέρα,
2242 577 2305 625 τὴν
2332 579 2403 618 ἀπὸ

1371 643 1440 679 τῶν
1468 639 1636 692 ῥημάτων
1665 639 1795 679 τούτων
1827 639 2003 691 ἐγγύτητα
2035 641 2122 691 πρὸς
2145 640 2202 679 τὸν
2230 654 2399 691 γεγεννη-

1371 701 1458 739 κότα
1479 700 1741 753 ἐμφαινομένην
1769 702 1816 744 εἰς
1838 701 2001 745 α’σεὸείας
2033 701 2215 749 ὑπόθεσιν,
2233 701 2294 740 καὶ
2326 701 2401 745 ἰνὸς

1372 761 1561 815 προσιῖιπου
1589 761 1649 800 καὶ
1670 768 1753 811 μιᾶς
1780 762 2007 806 ὑποστάσεως
2032 761 2197 801 ὑπόνοιαν
2221 762 2401 814 ἥρπασεν.

1372 824 1452 875 Οὐ]-
1471 816 1573 861 αὗται
1593 821 1628 862 δὲ
1647 823 1751 873 μόνον
1779 823 1866 860 εἰσὶν
1887 825 1923 861 αί
1942 823 2156 875 προφάσεις,
2173 822 2265 862 ἀλλὰ
2283 821 2344 862 καὶ
2361 822 2402 861 τὸ

1374 884 1507 934 μηδένα
1529 884 1671 934 νομίσαι
1698 884 1801 923 αὐτὸν
1831 877 1919 922 εἶναι
1937 884 2002 931 τὴν
2027 883 2174 936 πρώτην
2193 884 2254 922 καὶ
2271 884 2400 936 ’ἀγέν-

1373 960 1475 992 νητον
1499 946 1640 993 οὐσίαν,
1668 946 1727 984 καὶ
1759 946 1899 997 μείζονα
1933 948 1992 984 τοῦ
2026 944 2273 997 γεγεννηκότος
2299 944 2402 984 αὐτὸν

1374 1007 1574 1049 ὑπολαὸεῖν.
1596 1006 1665 1045 Καὶ
1690 1006 1758 1058 γὰρ
1783 1006 1843 1044 καὶ
1864 1008 1883 1044 ὁ
1903 1007 2042 1049 Παῦλος
2072 1006 2158 1044 αὑτὸ
2172 1009 2274 1044 τοῦτο
2289 1004 2306 1026 “’
2320 1005 2402 1057 φαί-

1374 1083 1471 1107 νεται
1501 1067 1684 1115 δεδοικὼς,
1717 1068 1766 1118 μή
1794 1084 1846 1110 τις
1875 1067 2077 1117 ὑποπτεύσῃ
2104 1067 2188 1105 ποτὲ
2211 1067 2252 1106 τὸ
2280 1067 2403 1110 dccet<

1375 1133 1476 1167 τοῦτο
1499 1129 1614 1178 δόγμα
1641 1129 1701 1166 καὶ
1719 1129 1883 1179 πονηρόν.
1906 1127 2027 1167 Εἰπὼν
2043 1130 2145 1178 γοῦν,
2160 1131 2222 1166 Δεῖ
2247 1127 2316 1180 γὰρ
2337 1128 2403 1166 αὖ·

1375 1188 1434 1226 τὸν
1455 1189 1651 1238 βασιλεύειν
1671 1189 1773 1240 ἄχρις
1790 1184 1829 1227 οὗ
1849 1189 1890 1226 ἂν
1909 1192 1952 1240 Οῇ
1970 1189 2047 1232 τοὺς
2063 1187 2207 1240 ἐχθροὺς
2234 1189 2303 1227 ὑπὸ
2324 1188 2403 1232 τοὺς

1376 1248 1484 1291 πόδας
1504 1250 1626 1296 αὐτοῦ,
1641 1249 1700 1286 καὶ
1728 1249 1890 1300 προσθεὶς
1908 1249 1962 1287 ὅτι
1987 1249 2111 1286 Πάντα
2140 1249 2307 1294 ὑπέταξεν
2335 1250 2404 1288 ὑπὸ

1376 1306 1454 1351 τοὺς
1475 1308 1584 1352 πόδας
1599 1310 1721 1359 αὐτοῦ,
1743 1308 1935 1359 ἐπήγαγεν,
1951 1307 2077 1352 ’Enoc
2095 1312 2156 1347 τοῦ
2168 1308 2404 1354 ὑποτάξαντος

1375 1370 1470 1422 αὐτῷ
1488 1368 1533 1408 τὰ
1553 1369 1670 1408 πάντα
1686 1385 1694 1394 ·
1714 1372 1776 1409 οὐκ
1795 1370 1836 1408 ἂν
1855 1370 2043 1422 ἐπαγαγὼν
2055 1400 2065 1418 ,
2079 1371 2109 1408 εἰ
2125 1369 2175 1420 μὴ
2203 1370 2314 1410 ἔδεισε
2327 1400 2338 1419 ,
2352 1371 2402 1421 μή

1374 1445 1441 1469 που
1459 1430 1644 1478 διαὸολικὴ
1662 1431 1807 1478 τοιαύτη
1826 1446 1879 1475 τις
1897 1430 2010 1470 ἔννοια
2033 1431 2189 1483 γένηται.
2209 1431 2403 1483 Πολλαχοῧ

1375 1491 1410 1530 δὲ
1433 1491 1493 1530 καὶ
1508 1492 1566 1530 τὸν
1586 1495 1656 1531 τῶν
1677 1491 1853 1530 Ἰουδαίων
1870 1492 1992 1544 φθόνον
2006 1491 2318 1544 παραμυθούμενος
2333 1507 2401 1530 κα-

1374 1552 1517 1606 ουφί7,σι
1533 1556 1593 1592 τοῦ
1614 1555 1682 1592 τῶν
1712 1553 1881 1606 ῥημάτων
1899 1554 2026 1606 ὕψους,
2045 1552 2205 1606 καὶπρὸς
2225 1552 2289 1601 τὴν
2309 1552 2402 1591 ὑπό-

1373 1630 1468 1653 νοιαν
1485 1615 1520 1654 δὲ
1536 1617 1605 1652 τῶν
1626 1615 1882 1666 διαλεγομένων
1909 1617 2004 1667 αὐτῷ
2023 1615 2194 1660 πολλάκις
2214 1613 2405 1667 α’ποκρινό·

1375 1691 1489 1727 μενος,
1505 1679 1552 1720 ὡς
1567 1677 1651 1715 ὅταν
1667 1677 1766 1729 λέγῃ,
1780 1676 1843 1715 Ἂν
1861 1676 1930 1729 ἐγὼ
1946 1680 2115 1729 μαρτυρῶ
2133 1677 2215 1728 περὶ
2234 1679 2401 1728 ἐμαυτοῦ,

1375 1740 1397 1784 ἠ
1419 1737 1596 1790 μαρτυρία
1613 1754 1679 1788 μου
1705 1739 1766 1776 οὐκ
1783 1738 1876 1777 ἔστιν
1901 1738 2048 1784 ἀληθής.
2072 1737 2166 1789 Πρὸς
2180 1737 2245 1784 τὴν
2261 1736 2402 1776 ἐκείνων

1375 1798 1443 1851 γὰρ
1462 1799 1627 1838 ὑπόνοιαν
1648 1799 1916 1849 ἀποτεινόμενος
1932 1798 2041 1843 οὕτως
2060 1793 2156 1837 εἶπεν
2174 1813 2183 1822 ·
2203 1799 2242 1837 οὗ
2271 1797 2340 1850 γὰρ
2359 1796 2402 1845 δὴ

1377 1864 1478 1899 τοῦτο
1495 1860 1645 1907 ἠθέλησε
1660 1860 1767 1905 δεῖξαι
1783 1888 1793 1905 ,
1810 1860 1865 1899 ὅτι
1884 1862 1946 1898 οὐκ
1973 1860 2066 1898 ἔστιν
2087 1858 2238 1906 ἀληθὴς,
2259 1859 2338 1896 ἀλλ’
2356 1860 2406 1902 ὣς

1377 1925 1475 1972 ὑμεῖς
1489 1922 1645 1973 νομίζετε
1660 1921 1719 1960 καὶ
1744 1921 1957 1960 ὑποπτεύετε
1972 1951 1981 1966 ,
2004 1921 2090 1973 φησὶ
2102 1951 2111 1968 ,
2133 1920 2182 1970 μὴ
2200 1919 2415 1972 βουλόμενοί.

1381 1997 1425 2032 με
1441 1982 1701 2035 παραδέξασθαι
1718 1982 1822 2021 αὑτὸν
1841 1982 1922 2034 περὶ
1944 1985 2066 2021 ἑαυτοῦ
2084 1981 2242 2033 λέγοντα.

1439 2411 1507 2451 Καὶ
1526 2411 1634 2456 ἄλλας
1649 2411 1686 2449 δὲ
1705 2411 1845 2454 πλείους
1865 2408 1979 2454 αἰτίας
1998 2410 2092 2449 ἐστὶν
2107 2411 2231 2462 εὑρεῖν.
2251 2410 2327 2456 Τῆς
2342 2410 2410 2461 μὲν

1381 2468 1438 2513 οὖν
1463 2473 1713 2519 ταπεινότητος
1739 2475 1808 2510 τῶν
1842 2471 2010 2524 ῥημάτιον
2033 2471 2167 2514 πολλὰς
2198 2471 2239 2509 ἂν
2266 2471 2407 2523 ἔχοιμεν

1382 2536 1489 2572 εἰπεῖν
1520 2533 1731 2585 προφάσεις·
1758 2532 1799 2571 σὺ
1820 2532 1856 2570 δὲ
1891 2533 1966 2570 εἰπὲ
1994 2534 2064 2570 τῶν
2094 2533 2237 2585 ὑψηλῶν
2270 2531 2407 2581 δογμά-

1382 2610 1450 2633 των
1481 2594 1566 2645 μίαν
1609 2594 1783 2645 πρόφασιν
1811 2593 1932 2644 ἑτέραν
1945 2621 1955 2638 ,
1985 2592 2077 2640 πλὴν
2108 2587 2150 2639 ἧς
2183 2596 2285 2641 ἡμεῖς
2310 2592 2404 2643 εἰρή-

1383 2670 1495 2706 καμεν
1512 2670 1520 2678 ·
1541 2654 1631 2700 αὕτη
1653 2654 1687 2692 δὲ
1714 2649 1756 2700 ἦν
1776 2654 1817 2692 τὸ
1846 2653 2031 2704 βούλεσθαι
2052 2653 2153 2691 αὑτὸν
2184 2653 2247 2700 τὴν
2276 2652 2407 2691 οἰκείαν

1382 2715 1557 2766 εὐγένειαν
1598 2718 1683 2765 ἡμῖν
1720 2715 1956 2753 ἐνδείκνυσθαι
1976 2726 1984 2734 ·
2017 2714 2094 2751 ἀλλ’
2127 2714 2191 2751 οὐκ
2234 2713 2275 2750 ἂν
2314 2712 2408 2765 ἔχοις

1382 2777 1502 2829 ἑτέραν
1531 2778 1653 2814 εἰπεῖν.
1672 2774 1718 2812 Ὀ
1735 2774 1798 2825 μὲν
1825 2775 1893 2824 γὰρ
1921 2773 2031 2825 μέγας
2058 2772 2187 2811 δύναιτ’
2207 2773 2248 2811 ἂν
2268 2772 2328 2811 καὶ
2346 2788 2406 2823 μι-

1382 2837 1464 2890 κρόν
1484 2853 1519 2876 τι
1545 2837 1626 2888 περὶ
1645 2839 1767 2874 ἑαυτοῦ
1788 2834 1903 2885 λέγειν
1916 2863 1926 2881 ,
1945 2835 2005 2872 καὶ
2025 2835 2086 2872 οὐκ
2111 2835 2203 2873 ἐστιν
2223 2833 2405 2885 ἔγκλημα·

1382 2900 1569 2942 ἐπιεικείας
1585 2898 1653 2950 γὰρ
1677 2897 1776 2936 τοῦτο’
1808 2898 1902 2935 ἐστιν
1918 2909 1925 2916 ·
1944 2899 1962 2934 ὁ
1988 2896 2022 2934 δὲ
2051 2896 2186 2949 μικρὸς,
2205 2897 2235 2934 εί
2253 2895 2345 2948 μέγα
2373 2910 2408 2934 τι

1383 2960 1463 3013 περὶ
1482 2963 1605 2999 ἑαυτοῦ
1631 2961 1722 2997 εἴποι
1742 2957 1824 2996 ποτὲ
1837 2986 1846 3001 ,
1864 2958 1901 2995 οὐ
1931 2957 2148 3008 διαφεύξεται
2168 2956 2383 3009 κατηγορίαν
2398 2970 2407 2979 ·

1384 3021 1568 3066 ἀλαζονεία
1587 3021 1655 3074 γάρ
1675 3022 1761 3058 ἐστι.
1781 3018 1849 3057 Διὰ
1867 3020 1969 3055 τοῦτο
1987 3017 2046 3055 τὸν
2063 3019 2126 3067 μὲν
2146 3017 2278 3070 ὑψηλὸν
2295 3016 2409 3055 ἅπαν·

1385 3098 1440 3126 τες
1456 3085 1677 3132 ἐπαινοῦμεν,
1699 3079 1781 3118 ὅταν
1803 3078 1883 3130 περὶ
1897 3081 2020 3116 ἑαυτοῦ
2047 3076 2195 3117 ταπεινὰ
2220 3076 2328 3129 λέγῃ·
2350 3075 2409 3114 τὸν

1387 3143 1421 3183 δὲ
1438 3143 1601 3182 ταπεινὸν
1621 3142 1730 3185 οὐδεὶς
1745 3141 1964 3179 ἐπαινέσεται
1981 3167 1990 3183 ,
2012 3139 2043 3177 εἴ
2061 3139 2145 3178 ποτέ
2163 3154 2197 3177 τι
2217 3138 2308 3189 μέγα
2326 3136 2409 3189 περὶ

1388 3207 1510 3244 ἑαυτοῦ
1530 3204 1635 3245 εἴποι.
1662 3202 1773 3242 Ὥστε
1803 3202 1832 3240 ri
1850 3201 1970 3251 πολλῷ
1990 3199 2262 3251 καταδεέστερος
2284 3191 2328 3244 ἦν
2346 3199 2408 3236 τοῦ

1389 3265 1529 3318 Πατρὸς
1547 3267 1565 3303 ὁ
1585 3263 1691 3315 Υἱὸς,
1720 3265 1766 3306 ὡς
1794 3264 1893 3313 ὑμεῖς
1928 3276 2042 3312 φατε,
2073 3263 2135 3300 οὐκ
2163 3259 2232 3299 ἶδιι
2264 3257 2407 3311 ῥήματα

1446 3400 1461 3424 b
1486 3397 1549 3430 Alii
1563 3402 1749 3440 injenium-
