2513 3871
76 676 146 705 ιιιι,
157 672 258 711 ι6.ι4.
277 665 392 702 Mitte
406 663 678 712 Lazarum,illi
691 664 877 717 respondit
887 664 1069 703 Abraham
1084 665 1237 704 :Chaos
1258 669 1283 701 C

72 1165 215 1206 Psail.28.
227 1168 258 1198 8.

73 1411 188 1440 unuh.
207 1411 255 1440 25.

69 1833 181 1865 llntdi.
209 1842 258 1863 υ.

283 281 377 325 012

280 360 518 412 expositionis
533 359 714 410 reliquias.
733 361 870 398 Verum
890 374 934 399 ne
955 374 1018 399 vos
1033 360 1240 400 delesse-mi-

282 421 331 470 ni,
351 421 561 473 priusquam
578 421 623 458 ad
645 420 752 458 finem
771 421 1051 472 pervenerimus,
1069 421 1172 460 illinc
1185 435 1240 460 re-

281 490 443 532 petemus
459 494 677 528 sermonem,
697 480 761 518 ubi
782 481 887 520 illum
906 495 1021 534 nuper
1038 481 1238 522 finivimus.

278 541 441 580 Ubinam
474 541 578 579 illum
601 541 829 580 finivimus?
856 543 898 581 ln
929 542 1020 581 chao
1044 541 1238 582 dirimente

273 603 390 654 justos
407 616 428 641 a
444 602 702 655 peccatoribus.
725 604 819 641 Cum
835 604 932 642 enim
946 603 1098 643 dixisset
1115 603 1235 654 dives,

276 727 410 777 ingens
413 725 626 778 sir-matum
659 734 715 765 est
734 731 837 765 inter
858 739 929 765 nos
943 735 979 765 et
998 740 1074 766 vos
1085 756 1095 774 ,
1111 735 1152 766 ut
1168 731 1235 780 qui

276 787 403 824 velint
431 788 574 826 isthinc
597 789 765 826 transire
791 788 845 826 ad
874 802 944 826 nos
969 802 1047 825 non
1069 789 1232 840 possint,

278 862 401 901 neque
423 848 514 887 hinc
532 850 661 888 isthuc
675 858 890 888 transeunt.
905 850 1103 902 Multisque
1116 851 1235 889 verbis

274 908 615 958 demonstravimus,
629 909 724 961 quod
735 918 964 963 posteaquam
978 912 1075 950 Deus
1085 912 1235 950 multam

277 969 536 1008 humanitatem
553 984 635 1022 erga
655 984 718 1009 nos
733 971 911 1017 exhibuit,
927 981 1088 1024 oporteat
1104 973 1138 1010 in
1153 987 1235 1026 pro·

279 1031 368 1082 priis
387 1031 577 1069 benefactis
592 1046 691 1083 spem
711 1031 838 1070 salutis
856 1032 1053 1082 collocare,
1073 1047 1143 1072 non
1166 1047 1236 1086 pa·

277 1099 370 1138 tres,
391 1105 483 1130 avos
505 1106 546 1130 ae
568 1106 720 1144 proavos
738 1107 918 1131 recensere
932 1123 943 1142 ,
967 1108 1081 1145 neque
1098 1108 1234 1146 cogna-

277 1160 345 1199 tos,
361 1152 511 1200 amicos,
527 1151 739 1191 domesticos
754 1167 796 1192 ac
817 1153 965 1193 vicinos.
984 1157 1128 1194 Frater
1140 1156 1235 1194 enim

276 1228 356 1251 non
383 1215 536 1251 redimit
561 1229 572 1250 :
597 1215 758 1252 redimet
783 1216 898 1253 homo
915 1221 933 1254 P
959 1215 1032 1254 sed
1056 1216 1236 1268 quidquid

274 1273 453 1326 deprecati
473 1274 605 1312 fuerint
624 1275 952 1328 supplicarintque,
968 1276 1029 1327 qui
1048 1277 1132 1316 binc
1151 1291 1235 1315 cum

275 1335 428 1387 peccatis
448 1336 654 1387 migrarint,
675 1336 853 1376 incassum
865 1338 942 1389 jam
958 1338 1162 1389 frustraque
1176 1338 1232 1377 lo·

274 1405 438 1448 quentur.
460 1396 607 1436 Etenim
629 1398 785 1450 virgines
801 1398 872 1437 illae
889 1398 1048 1451 quinque
1065 1399 1234 1452 implora-

274 1458 359 1496 bant
376 1457 422 1496 ab
443 1458 643 1509 aequalibus
662 1460 803 1508 oleum,
823 1473 887 1498 nee
905 1460 1145 1513 impetrarunt
1168 1475 1176 1499 :
1199 1471 1233 1500 et

274 1519 303 1556 is
316 1518 379 1570 qui
397 1519 569 1558 talentum
590 1519 625 1557 in
644 1529 736 1559 terra
755 1519 954 1567 defoderat,
975 1536 1060 1560 cum
1080 1522 1232 1560 multam

274 1581 543 1620 exeusationem
570 1582 768 1629 attulisset,
803 1582 944 1621 tandem
975 1583 1234 1622 condemnatus

273 1651 336 1679 est.
350 1643 437 1680 ltcm
453 1642 515 1693 qui
533 1642 651 1695 ipsum
663 1643 877 1682 esurientem
887 1657 955 1683 non
972 1654 1155 1697 paverant,
1170 1659 1234 1684 nec

274 1702 407 1741 sitienti
429 1712 553 1754 potum
571 1702 747 1742 dederant
771 1720 779 1741 :
803 1719 886 1743 cum
905 1714 939 1743 et
961 1706 1030 1758 ipsi
1049 1706 1234 1745 crederent

276 1777 350 1801 sese
364 1763 407 1801 ad
427 1765 638 1814 ignorantia:
651 1765 891 1817 patrocinium
908 1780 1011 1819 posse
1024 1768 1230 1818 confugere,

279 1837 342 1862 nee
368 1826 506 1862 veniam
519 1854 529 1871 ,
547 1839 611 1863 nec
626 1826 893 1864 excusationem
912 1837 1132 1880 repererunt.
1155 1830 1234 1866 Cae-

277 1884 340 1923 teri
358 1898 441 1923 vero
458 1899 519 1923 nee
534 1885 630 1936 quod
648 1886 822 1925 hiscerent
840 1887 1017 1926 habebant
1029 1918 1038 1936 ,
1060 1888 1156 1928 velut
1172 1889 1234 1927 ille

274 1945 431 1984 sordidis
450 1946 598 1985 indutus
619 1948 778 1986 vestibus
797 1963 805 1984 ε
827 1962 909 1987 nam
929 1959 1115 1988 accusatus
1135 1951 1230 1988 obti-

274 2007 364 2046 cuit.
385 2008 464 2046 Non
484 2018 602 2046 autem
623 2008 682 2047 hic
702 2009 823 2056 modo,
843 2024 968 2048 verum
990 2021 1025 2049 et
1043 2011 1134 2050 alius
1153 2012 1230 2061 ille,

276 2068 338 2119 qui
357 2068 456 2119 quod
472 2069 644 2107 adversus
667 2073 873 2123 proximum
895 2073 1156 2125 praeteritarum
1172 2075 1231 2112 os-

275 2130 454 2168 sensarum
471 2130 704 2178 meminisset,
715 2141 929 2183 centumque
945 2132 1110 2172 denarios
1130 2135 1176 2173 ab
1191 2149 1231 2174 eo

274 2190 501 2241 postulasset,
524 2200 602 2243 post
621 2205 727 2243 super
746 2192 804 2230 his
819 2193 905 2245 ipsis
919 2209 938 2231 a
951 2194 1098 2234 domino
1114 2210 1234 2249 repre—

273 2250 404 2289 hensus
423 2252 469 2289 ob
487 2251 737 2291 crudelitatem
753 2262 787 2292 et
804 2254 1122 2306 inhumanitatem,
1138 2257 1231 2297 nihil

273 2311 400 2349 habuit
417 2313 514 2363 quud
535 2313 773 2366 responderet.
795 2316 901 2354 Unde
920 2317 1147 2370 perspicuum
1163 2329 1229 2366 est,

273 2372 369 2424 quod
397 2388 512 2425 neque
539 2388 602 2413 nos
627 2372 827 2426 quidquam
849 2376 924 2416 illic
951 2378 1180 2428 sublevabit,
1201 2381 1230 2419 si

273 2447 340 2472 non
358 2434 591 2473 habuerimus
607 2435 696 2474 bona
711 2450 817 2488 opera
836 2453 845 2474 ε
864 2451 987 2477 verum
1002 2439 1079 2479 sive
1091 2441 1232 2493 suppli·

273 2509 330 2533 ces
354 2496 528 2534 fuerimus
547 2496 843 2549 obsecre-musque
859 2528 868 2546 ,
893 2499 969 2538 sive
994 2501 1229 2548 tacuerimus,

273 2570 371 2607 :eque
393 2571 501 2609 super
521 2571 584 2595 nos
605 2558 723 2596 veniet
746 2559 968 2611 supplicium
993 2575 1034 2600 ac
1053 2562 1227 2603 vindicta.

273 2617 442 2656 Ausculta
462 2617 572 2669 igitur
585 2618 766 2670 quomodo
779 2619 837 2658 hic
851 2635 932 2659 cum
949 2622 1022 2661 duo
1037 2625 1230 2675 postularet

272 2678 318 2716 ab
349 2679 549 2728 Abraham,
580 2689 731 2732 utroque
756 2681 946 2721 frustratus
973 2685 1033 2724 sit.
1067 2686 1230 2727 Primum

272 2740 365 2778 enim
382 2755 446 2793 pro
462 2742 578 2794 seipso
595 2741 806 2794 deprecatus
826 2753 889 2792 cst,
906 2747 1035 2793 Mine,
1052 2747 1228 2801 inquiens,
1245 2745 1281 2816 ⁷1}

1278 2746 1327 2802 δὴ
1354 2757 1498 2809 δευτέρα
1527 2755 1564 2795 δὲ
1590 2756 1737 2807 περιττὴ
1767 2758 1790 2802 ἡ
1821 2755 1910 2806 ὑπὲρ
1940 2757 2009 2792 τῶν
2041 2754 2212 2806 ἀδελφῶν.
2233 2752 2336 2801 Πλὴν

275 2803 469 2839 Lazarum
492 2818 502 2839 .-
522 2817 606 2841 mox
624 2818 691 2843 non
705 2819 770 2856 pro
790 2805 921 2857 seipso,
941 2808 1001 2846 scd
1022 2824 1086 2861 pro
1107 2811 1230 2851 fratri·

275 2861 366 2899 lius:
391 2877 515 2901 verum
535 2864 624 2902 niliil
643 2865 902 2917 postulatorum
920 2869 1089 2909 obtinuit.
1104 2871 1228 2923 Siqui-

275 2921 355 2960 dem
371 2924 481 2961 altera
496 2925 700 2976 postulatio,
720 2940 846 2979 nempe
863 2928 974 2979 prior,
994 2931 1074 2970 talis
1089 2943 1177 2984 erat,
1193 2943 1230 2973 ut

275 2983 368 3033 quod
387 2985 572 3035 petebatur
588 2986 663 3024 lieri
685 3000 753 3024 non
779 2997 895 3039 posset
911 3005 918 3027 :
934 2989 1043 3029 altera
1062 3007 1158 3040 vero,
1179 2995 1230 3033 vi·

275 3043 402 3082 ‹leliret
419 3060 482 3096 pro
500 3046 685 3093 fratribus,
705 3057 778 3086 erat
797 3063 1033 3102 supervacua.
1054 3056 1151 3103 Quin
1167 3072 1229 3110 po-

277 3104 369 3152 tius,
392 3105 420 3143 si
446 3106 608 3152 videtur,
633 3107 706 3159 ipsa
735 3109 840 3148 verba
870 3113 984 3151 multo
1007 3129 1088 3154 cum
1107 3118 1230 3157 studio

277 3165 475 3205 audi-unus.
500 3168 638 3207 Etenim
654 3169 682 3207 si
704 3184 786 3208 cum
805 3173 1033 3224 magistratus
1054 3177 1090 3216 in
1112 3179 1229 3220 medio

278 3227 352 3262 foro
374 3242 470 3264 ιι-ιιιιι
494 3229 666 3275 adducit,
689 3232 874 3274 carnifices
895 3235 1059 3287 adhibet,
1079 3254 1225 3280 accusa-

279 3294 423 3334 tumcpu·
441 3286 562 3332 laniat,
581 3303 701 3325 munes
722 3304 848 3341 magni·
862 3295 981 3333 studio
1000 3311 1229 3350 concurrunt,

279 3345 455 3396 cupienti-s
470 3347 594 3383 audire
605 3349 689 3398 quid
705 3351 893 3402 interroget
904 3356 916 3408 j
927 3357 1035 3407 uidex,
1050 3361 1136 3412 quid
1152 3377 1230 3402 rcus

343 3478 357 3499 Ι·
386 3474 447 3507 Alii
468 3482 582 3517 1⁴²}12-

703 278 743 309 S.
780 279 968 309 JoANNts
1005 277 1247 310 ctun'sosr.
1289 280 1500 312 Ancutnt’.
1537 281 1898 315 CONSTANTINOP-

1312 363 1412 408 τέλος
1444 364 1653 417 ἀφικώμεθα
1667 395 1679 414 ,
1706 369 1837 406 ἐκεῖθεν
1866 366 2099 412 ἀναλαὸόντες
2130 367 2189 406 τὸν
2218 369 2342 422 λόγον,

1311 424 1395 463 ἔνθα
1412 425 1515 464 αὐτὸν
1538 428 1774 479 κατελίπομεν
1796 427 1930 482 πρῴην.
1949 429 2026 468 Ποῦ
2045 428 2082 467 δὲ
2108 429 2211 469 αὐτὸν
2236 444 2342 469 κατε·

1309 485 1480 537 λίπομεν;
1502 488 1567 526 Ἐν
1599 491 1651 541 τῷ
1681 490 1844 542 χάσματι
1875 492 1927 543 τῷ
1956 489 2144 542 διείργοντι
2172 489 2253 535 τοὺς
2288 491 2341 530 διν

1308 546 1428 591 καίους
1447 548 1517 588 ἀπὸ
1534 551 1606 588 τῶν
1626 551 1857 604 ἁμαρτωλῶν.
1879 552 2049 596 Εἰπόντος
2068 552 2138 605 γὰρ
2155 556 2216 592 τοῦ
2232 553 2342 592 πλου·

1309 606 1385 646 σίου
1402 637 1413 656 ,
1432 610 1580 664 Πέμψον
1600 613 1777 664 Λάζαρον,
1795 606 1871 651 εἷπε
1890 613 1978 665 πρὸς
1996 613 2101 653 αὐτὸν
2117 615 2136 652 ὁ
2149 612 2339 664 Ἀδραάμ·

1307 672 1323 689 ⁸
1335 669 1430 713 Χάος
1447 672 1538 724 μέγα
1558 673 1764 725 ἐστήρικται
1777 673 1907 724 μεταξὺ
1924 676 2026 724 ἡμῶν
2040 675 2101 714 καὶ
2120 674 2341 725 ὓμῗιν,8πω<

1308 731 1339 768 οῖ
1355 731 1511 778 θέλοντες
1525 734 1690 781 διαὸἥναι
1707 737 1838 774 ἐκεῖθεν
1849 735 1936 787 πρὸς
1951 739 2060 787 ἡμᾶς,
2075 735 2124 785 μὴ
2147 735 2336 781 δύνωνται,

1308 799 1398 850 μηδὲ
1413 799 1445 837 οἱ
1467 799 1622 836 ἐντεῦθεν
1642 798 1714 834 ἐκεῖ
1740 796 1944 848 διαπερῶσι.
1966 797 2037 837 Καὶ
2063 797 2262 847 ἐδείκνυμεν
2281 796 2339 835 διὰ

1306 861 1446 899 πολλῶν
1479 860 1549 897 τῶν
1580 856 1774 910 εἰρημένων
1788 887 1799 906 ,
1821 859 1869 903 ὡς
1896 858 1951 898 ὅτι
1971 857 2062 909 μετὰ
2080 857 2145 904 τὴν
2167 860 2228 896 τοῦ
2244 858 2341 896 Θεοῦ

1307 918 1573 974 φιλανθρωπίαν
1585 950 1595 968 ,
1617 920 1653 958 ἐν
1671 925 1743 963 τοῖς
1761 918 1901 965 οἰκείοις
1930 919 2181 972 κατορθώμασι
2199 917 2264 963 τὰς
2283 919 2340 957 ἕλ-

1307 983 1413 1025 πίδας
1442 984 1504 1029 τῆς
1539 980 1716 1034 σωτηρίας
1744 981 1838 1033 ἔχειν
1871 981 1962 1033 χρὴ,
1995 981 2044 1031 μὴ
2084 979 2241 1032 πατέρας
2278 979 2340 1018 καὶ

1307 1043 1482 1086 πάππους
1508 1042 1569 1080 καὶ
1600 1041 1829 1085 ἕπιπάππους
1851 1043 2084 1093 ἀριθμοῦντας
2102 1070 2112 1085 .
2145 1041 2236 1092 μηδὶ
2255 1055 2343 1092 συγ-

1306 1110 1423 1156 γενεῖς
1477 1104 1538 1142 καί
1585 1103 1706 1155 φίλους
1759 1103 1819 1141 καὶ
1866 1103 2013 1147 οἰκείους
2061 1103 2121 1142 καὶ
2169 1102 2338 1155 γείτονας.

1309 1164 1471 1217 Ἀδελφὸς
1489 1164 1559 1216 γὰρ
1589 1166 1627 1204 οὗ
1659 1167 1847 1215 λυτροῦται
1866 1178 1875 1187 ·
1895 1163 2115 1217 λυτρώσεται
2135 1164 2338 1216 ἀνθρωπος;

1308 1227 1400 1265 Ἀλλ’
1429 1226 1494 1265 ὅσα
1517 1226 1559 1262 ἂν
1579 1226 1856 1278 παρακαλέσωσι
1887 1225 1948 1264 καὶ
1979 1225 2271 1266 καθικετεύσωσιν
2306 1227 2339 1264 οἱ

1309 1286 1399 1338 μετὰ
1420 1286 1688 1339 ἁμαρτημάτων
1705 1288 1857 1325 ἐντεῦθεν
1875 1286 2103 1333 ἀπελθόντες,
2123 1286 2240 1325 πάντα
2259 1288 2338 1339 εἰκῇ

1307 1347 1368 1386 καὶ
1411 1348 1528 1397 μάτην
1571 1347 1694 1385 λοιπὸν
1725 1348 1856 1398 ἐροῦσι.
1886 1346 1958 1385 Καὶ
1995 1346 2064 1398 γὰρ
2105 1349 2142 1385 αἱ
2173 1347 2339 1400 παρθένοι

1308 1409 1345 1447 αἱ
1380 1407 1484 1447 πέντε
1521 1408 1766 1461 παρεκάλεσαν
1794 1408 1858 1453 τὰς
1875 1408 2050 1459 ὁμήλικας
2081 1408 2169 1460 ὑπὲρ
2202 1408 2340 1456 ἐλαίου,

1308 1469 1370 1508 καὶ
1411 1471 1476 1508 οὐκ
1507 1470 1676 1522 ἐπέτυχον
1693 1483 1701 1491 ·
1740 1469 1799 1508 καί
1827 1472 1846 1507 ὁ
1880 1470 1920 1508 τὸ
1951 1468 2123 1508 τάλαντον
2157 1469 2338 1524 κατακρύ-

1306 1533 1376 1583 ψας
1401 1530 1442 1569 τὸ
1472 1531 1507 1569 ἐν
1545 1533 1588 1582 τῇ
1621 1533 1690 1582 γῇ,
1717 1529 1832 1569 πολλὰ
1864 1530 2197 1582 ἀπολογησάμενος,
2229 1545 2337 1570 κατε·

1307 1592 1410 1644 κρίθη
1431 1591 1538 1630 πάλιν
1561 1606 1569 1615 ·
1589 1592 1650 1631 καὶ
1670 1594 1702 1630 οἱ
1729 1591 1778 1642 μὴ
1800 1590 1991 1644 θρέψαντες
2014 1592 2116 1630 αὐτὸν
2148 1593 2341 1640 πεινῶντα,

1307 1651 1396 1702 μηδὲ
1429 1652 1636 1697 ποτίσαντες
1667 1654 1844 1705 διψῶντα,
1864 1652 1923 1692 καὶ
1950 1652 2049 1691 αὐτοὶ
2083 1653 2261 1697 δοκοῦντες
2291 1654 2340 1698 εἰς

1306 1712 1450 1765 ἄγνοιαν
1487 1713 1747 1765 καταφεύγειν,
1777 1715 1845 1753 οὐδ’
1879 1716 2005 1752 ἐκεῖνοι
2033 1711 2243 1764 συγγνώμης
2277 1713 2340 1752 καὶ

1307 1774 1498 1826 ἀπολογίας
1518 1775 1657 1828 ἔτυχον.
1676 1775 1822 1828 Ἕτεροι
1838 1774 1874 1814 δὲ
1891 1775 1969 1813 οὐδὲ
1989 1777 2097 1813 εἰπεῖν
2111 1790 2144 1813 τι
2161 1775 2335 1826 ἴσχυσαν,

1306 1835 1427 1888 ὥσπερ
1460 1838 1589 1880 ἐκεῖνος
1617 1839 1635 1874 ὁ
1661 1836 1706 1875 τὰ
1743 1837 1883 1888 ῥυπαρὰ
1922 1835 2144 1885 ἐνδεδυμένος
2182 1835 2334 1886 ἱμάτια·

1307 1899 1559 1950 ἐγκαλούμενος
1578 1899 1646 1952 γὰρ
1664 1898 1777 1947 ἐσίγα.
1803 1900 1884 1951 Οὐχ
1902 1892 2000 1942 οὗτος
2028 1898 2063 1937 δὲ
2099 1898 2217 1948 μόνον,
2246 1896 2338 1936 ἀλλὰ

1306 1959 1368 1997 καὶ
1398 1959 1503 2004 ἄλλος
1533 1961 1584 2011 τῷ
1614 1959 1764 2008 πλησίον
1800 1959 2092 2010 μνησικακήσας,
2114 1957 2175 1996 καὶ
2212 1957 2337 1997 ἑκατὸν

1307 2020 1508 2067 ἀπαιτήσας
1528 2019 1695 2073 δηνάρια,
1727 2015 1803 2059 εἶτα
1835 2020 1923 2071 ὑπὲρ
1947 2019 2077 2058 τούτων
2108 2020 2223 2058 αὐτῶν
2238 2017 2338 2073 παρὰ

1306 2086 1366 2120 τοῦ
1399 2081 1567 2120 δεσπότου
1587 2080 1841 2132 ἐγκαλούμενος
1860 2081 1919 2120 ἐπὶ
1948 2080 2109 2132 ὠμότητι
2136 2080 2196 2118 καὶ
2223 2081 2339 2119 α’παν-

1307 2141 1446 2195 θρωπίᾳ
1459 2172 1469 2191 ,
1488 2143 1585 2182 οὐδὲν
1602 2141 1704 2195 ἔσχεν
1735 2143 1857 2181 εἰπεῖν.
1874 2141 1983 2181 Ὅθεν
2002 2142 2107 2188 δῆλον
2120 2171 2131 2189 ,
2151 2140 2206 2180 ὅτι
2237 2139 2337 2180 οὐδὲν

1270 2221 1278 2230 -
1305 2206 1407 2253 ἡμῶν
1434 2206 1505 2243 ἐκεῖ
1517 2204 1772 2256 προστήσεται,
1793 2203 1852 2243 ἐὰν
1875 2204 1960 2256 ἔργα
1976 2204 2026 2255 μὴ
2049 2203 2188 2255 ἔχωμεν
2207 2201 2336 2254 ἀγαθά·

1307 2265 1385 2302 ἀλλ’
1415 2265 1456 2303 ἄν
1493 2280 1531 2303 τε
1550 2265 1831 2315 καθικετεύωμεν
1848 2265 1909 2302 καὶ
1928 2265 2213 2315 παρακαλῶμεν,
2233 2263 2276 2302 ἄν
2294 2278 2334 2302 τε

1306 2327 1461 2378 σιγῶμεν
1475 2355 1486 2374 ‚
1499 2325 1628 2377 ὁμοίως
1647 2326 1701 2378 ἐφ’
1721 2330 1815 2376 ἡμᾶς
1831 2325 1905 2372 ἥξει
1923 2325 1968 2364 τὰ
1989 2327 2052 2372 τῆς
2080 2324 2262 2368 κολάσεως
2273 2322 2338 2363 καὶ

1305 2390 1368 2434 τῆς
1397 2387 1581 2441 τιμωρίας.
1598 2386 1772 2426 ’Λκουσον
1792 2390 1874 2439 γοῦν
1893 2389 1967 2430 πῶς
1982 2387 2042 2425 καὶ
2062 2380 2161 2431 οὗτος
2188 2385 2338 2433 αἰτήσας

1306 2449 1462 2496 αἰτήσεις
1480 2449 1539 2489 δύο
1559 2448 1617 2488 τὸν
1631 2447 1815 2500 Ἀδραὰμ,
1829 2447 2037 2500 ἀμφοτέρων
2056 2447 2222 2500 ἀπέτυχε.
2239 2446 2338 2500 Πρό·

1306 2526 1405 2564 τερον
1427 2511 1490 2562 μὲν
1522 2510 1590 2562 γὰρ
1610 2509 1699 2562 ὑπὲρ
1733 2512 1857 2549 ἑαυτοῦ
1878 2510 1942 2558 τὴν
1972 2508 2151 2562 ἱκετηρίαν
2183 2510 2337 2548 ἐποιεῖτο

1305 2572 1415 2623 λέγων
1431 2601 1441 2619 ,
1463 2572 1610 2624 Πέμψον
1639 2570 1799 2624 Λάζαρον
1820 2584 1828 2593 ·
1851 2570 1994 2624 ὕστερον
2022 2572 2059 2610 δὲ
2090 2572 2153 2609 οὐκ
2173 2569 2227 2609 let
2245 2568 2335 2621 ὑπὸρ

1305 2634 1454 2681 ἑαυτοῦ,
1491 2632 1582 2671 ἀλλὰ
1615 2631 1702 2684 ὑπὲρ
1733 2634 1802 2669 τῶν
1831 2633 1990 2684 ἀδελφῶν
2011 2643 2019 2653 ·
2048 2630 2140 2669 ἀλλὰ
2169 2630 2334 2680 οὐδεμίαν

1305 2693 1430 2741 ἤνυσεν
1458 2694 1609 2741 αἴτησιν.
1627 2692 1673 2732 ‘ll
1703 2694 1766 2744 μὲν
1785 2694 1853 2745 γὰρ
1870 2688 1912 2739 ἦν
1934 2692 2098 2735 ἀδύνατος
2116 2695 2139 2739 ἡ
2159 2691 2335 2744 προτέρα,

1305 2816 1419 2864 ἀλλὰ,
1440 2818 1469 2855 εἰ
1485 2817 1598 2863 δοκεῖ,
1615 2815 1676 2854 καὶ
1694 2817 1807 2855 αὐτῶν
1837 2815 2042 2867 ἀκούσωμεν
2073 2817 2142 2854 τῶν
2164 2814 2336 2867 ῥημάτων

1305 2877 1394 2928 μετὰ
1427 2871 1563 2923 ’πολλῆς
1595 2875 1683 2923 ι’τῆς
1717 2877 1883 2923 σπουδῆς.
1918 2876 1962 2914 Εἰ
1995 2877 2064 2928 γὰρ
2097 2876 2265 2927 ἄρχοντος
2297 2877 2335 2915 ἓν

1303 2941 1414 2990 ἀγορᾷ
1445 2937 1536 2990 μέσῃ
1557 2938 1744 2976 κατάδικον
1765 2937 1954 2988 ἀγαγόντος
1967 2967 1977 2984 ,
1997 2938 2056 2975 καὶ
2075 2937 2221 2987 δημίους
2234 2951 2336 2988 περι-

1303 2999 1499 3046 στήσαντος
1517 3028 1527 3046 ,
1542 2999 1602 3038 καὶ
1626 2998 1890 3043 καταξαίνοντος
1920 2998 1978 3037 τὸν
2012 2997 2202 3037 ὑπεύθυνον
2215 3027 2228 3047 ,
2244 2997 2336 3049 μετὰ

1302 3061 1437 3105 πολλῆς
1456 3062 1519 3106 τῆς
1546 3058 1743 3112 προθυμίας
1770 3059 2016 3111 συντρέχουσιν
2050 3058 2201 3102 ἅπαντες
2227 3060 2333 3097 axon-

1304 3138 1360 3161 σαι
1400 3121 1672 3173 βουλόμενοι,τί
1705 3119 1768 3172 μὲν
1805 3123 1824 3159 ὁ
1857 3119 2024 3166 δικαστὴς
2054 3121 2188 3171 ἐρωτᾷ,
2206 3118 2244 3157 τί
2262 3117 2336 3158 δόὁ

1303 3184 1494 3226 κατάδικος
1544 3182 1797 3234 ἀποκρίνεται·
1836 3182 1957 3232 πολλῷ
2007 3182 2140 3231 μᾶλλον
2185 3182 2334 3220 ἐνταῦθα

1303 3244 1393 3294 μετὰ
1429 3243 1612 3295 ἀκριὸείας
1632 3243 1771 3283 ἀκούειν
1803 3242 1899 3295 χρὴ,
1929 3243 1962 3281 τί
1999 3242 2063 3292 μὶν
2095 3245 2114 3281 ὁ
2146 3241 2336 3287 κατάδικος

1302 3299 1399 3348 οὗτος
1415 3335 1424 3351 ,
1439 3308 1456 3343 ὁ
1479 3305 1642 3348 πλούσιος
1677 3304 1794 3354 λέγω,
1817 3303 1932 3350 ἀξιοῖ,
1954 3304 1988 3341 τί
2019 3304 2054 3342 δὲ
2080 3307 2098 3342 ὁ
2127 3303 2257 3346 δίκαιος
2277 3304 2332 3341 δι-

1303 3366 1434 3410 καστὴς
1456 3366 1684 3417 ἀποκρίνεται
1713 3365 1769 3403 διὰ
1791 3369 1849 3403 τοῦ
1873 3364 2041 3417 ῧὶὃραάμ.
2066 3363 2120 3403 Οὐ
2138 3363 2207 3415 γὰρ
2226 3365 2245 3402 ὁ
2263 3379 2330 3402 πα·

1368 3497 1382 3520 Ι’
1409 3496 1470 3529 Alli
1490 3505 1539 3535 τῆς
1559 3500 1717 3541 ’ὶιγττξιίαμ

2453 3315 2464 3355 t

2450 3366 2461 3382 0
