2549 3825
62 3431 67 3518 i

66 3522 72 3633 l

70 3652 73 3675 Ι

918 324 974 352 DE
1013 323 1130 353 VlRGl
1140 321 1319 352 NtTATE.

92 405 150 449 οὖν
170 413 232 458 τῆς
250 409 453 462 ἐγκρατείας
473 407 727 458 διαλεγόμενος,
741 405 866 454 Θέλω,
892 407 990 458 φησὶ,
1019 407 1109 443 πάν-

91 487 154 515 τας
185 469 385 522 ἀνθρώπους
419 462 506 506 εῗναι
541 471 588 511 ὡς
623 469 681 506 καὶ
724 466 872 517 ἐμαυτὸν
909 470 943 505 ἐν
983 469 1111 517 ἐγκρα-

91 532 179 583 τείᾳ.
203 531 272 569 Καὶ
302 530 431 569 πάλιν·
465 529 568 580 Λέγω
591 528 627 567 δὲ
659 533 730 571 τοῖς
765 527 915 579 ἀγάμοις
944 527 1003 565 καὶ
1035 533 1111 569 ταῖς

91 592 231 645 χήραις,
260 591 365 630 καλὸν
404 594 519 633 αὐτοῖς
551 589 610 628 ἐὰν
646 588 810 640 μείνωσιν
838 592 883 631 ὡς
916 587 1026 639 κάγώ.
1048 587 1110 625 Ἔν

92 654 130 692 δὲ
153 659 225 696 τοῖς
241 653 321 704 περὶ
349 656 411 699 τῆς
443 652 628 703 παρθενίας
662 651 776 702 λόγοις
806 651 959 701 οὐδαμοῦ
990 650 1111 702 παρή-

93 730 200 766 γαγεν
228 712 360 751 ἑαυτόν.
388 712 457 752 Διὰ
483 716 585 750 τοῦτο
604 712 663 749 καὶ
684 712 815 764 σφόδρα
841 710 1032 763 ὑφειμένως
1053 710 1113 748 καὶ

96 774 187 825 μετὰ
218 776 351 819 πολλῆς
386 776 449 819 τῆς
494 775 689 819 ὑποστολῆς
728 772 947 824 διαλέγεται·
973 774 1011 810 οὔ
1047 770 1114 822 γὰρ

100 838 194 887 αὐτῷ
225 835 266 872 τὸ
284 841 433 886 πρᾶγμα
452 833 664 886 κατώρθωτο
680 848 687 856 ·
708 833 904 884 Ἐπιταγὴν
937 834 999 872 οὐκ
1019 833 1090 884 ἔχω
1105 859 1115 876 ,

99 897 199 950 φησί.
223 898 370 948 Πρῶτον
402 895 464 942 τὴν
502 895 632 947 αἵρεσιν
653 895 744 942 Οεὶς,
766 894 825 931 καὶ
852 894 910 932 τὸν
940 892 1116 944 ἀκροατὴν

100 957 301 1010 εὐγνώμονα
331 956 577 1003 καταστήσας,
593 955 701 998 οὕτως
719 955 843 1005 ἐπάγει
869 954 932 1001 τὴν
963 955 1118 1004 συμὲου-

99 1019 178 1066 λήν.
201 1016 347 1063 Ἐπειδὴ
361 1017 427 1070 γὰρ
446 1016 486 1054 τὸ
509 1020 571 1063 τῆς
589 1014 776 1068 παρθενίας
794 1016 904 1066 ὄνομα
922 1015 1030 1054 πολὺν
1059 1018 1118 1054 εὖ·

101 1079 186 1122 θέως
216 1078 375 1130 ἐμφαίνει
411 1077 468 1116 τὸν
502 1077 607 1116 πόνον
645 1077 792 1128 λεχθὲν,
826 1077 883 1115 διὰ
918 1081 1020 1115 τοῦτο
1057 1079 1120 1115 οὐκ

100 1139 224 1183 εὐθέως
243 1139 299 1178 ἐπὶ
319 1138 381 1186 τὴν
403 1138 608 1191 παραίνεσιν
636 1138 805 1189 ἔδραμεν,
828 1137 920 1176 ἀλλὰ
951 1137 1121 1189 θεραπεύ-

101 1215 165 1244 σας
193 1199 361 1253 πρότερον
381 1195 448 1251 ἶτῇ
473 1198 603 1252 αἱρέσει
637 1198 695 1236 τὸν
730 1198 905 1249 μαθητὴν,
928 1198 1060 1244 εὖήνιόν
1083 1215 1121 1237 τε

101 1262 161 1301 καὶ
179 1261 344 1300 τιθασσὸν
379 1263 483 1299 αὐτοῦ
516 1259 781 1302 κατασκευάσας
815 1259 879 1306 τὴν
898 1259 1036 1312 ψυχὴν,
1063 1259 1123 1299 οὔ·

101 1337 152 1361 τω
188 1327 340 1360 ποιεῖται
367 1322 430 1369 τὴν
467 1321 660 1373 εἰσήγησιν.
692 1320 872 1364 Ἤκουσας
906 1322 1122 1372 παρθενίαν,

102 1383 214 1433 ὄνομα
231 1384 370 1421 πολλῶν
388 1381 504 1420 πόνων
533 1382 593 1420 καὶ
619 1380 794 1434 ἱδρώτων·
826 1381 874 1432 μὴ
907 1381 1043 1433 δείσῃς·
1064 1383 1126 1419 οὐκ

105 1444 180 1483 ἔστι
215 1443 254 1482 τὸ
279 1450 428 1495 πρᾶγμα
463 1442 657 1494 ἐπίταγμα,
689 1442 766 1481 οὐδὲ
799 1445 940 1489 ἐντολῆς
970 1443 1125 1493 ἀνάγκην

105 1502 289 1555 ἐπάγεται,
312 1503 403 1542 ἀλλὰ
428 1502 506 1547 τοὺς
538 1503 600 1553 μὲν
621 1503 735 1541 ἑκοντὶ
759 1503 819 1541 καὶ
852 1503 941 1554 μετὰ
961 1502 1129 1556 προαιρέ-

109 1579 196 1607 σεως
224 1564 430 1615 δεχομένους
451 1563 559 1610 αὐτὴν
584 1569 655 1606 τοῖς
681 1563 821 1608 οἰκείοις
849 1564 1034 1615 ἀμείὸεται
1062 1580 1129 1602 κα-

108 1626 194 1668 λοῖς,
224 1624 282 1662 τὸν
302 1623 445 1676 φαιδρὸν
475 1624 534 1662 καὶ
562 1626 687 1670 εὐανθῆ
721 1624 887 1676 στέφανον
915 1628 1130 1677 περιτιθεῖσα

110 1686 224 1722 αὐτῶν
255 1687 299 1736 τῇ
335 1682 580 1736 κεφαλῇ,τοὺς
616 1684 651 1722 δὲ
688 1684 989 1737 παραιτουμένους
1023 1684 1130 1730 αὐτὴν

108 1745 168 1784 καὶ
194 1747 255 1784 οὐκ
277 1745 458 1788 ἐθέλοντας
476 1750 489 1767 ⁸
504 1745 740 1797 προσθέσθαι,
757 1744 835 1783 οὔτε
865 1744 1004 1789 κολάζει
1024 1775 1033 1792 ,
1053 1744 1130 1783 οὔτε

108 1806 255 1851 ἄκοντας
285 1806 472 1858 ἀναγκάζει
504 1809 606 1844 τοῦτο
638 1812 762 1845 ποιεῖν.
779 1809 833 1846 Οὐ
859 1806 970 1858 ταύτῃ
1003 1806 1039 1845 δὲ
1068 1806 1131 1857 μό-

107 1883 164 1907 νον
198 1871 379 1920 ἀνεπαχθῆ
410 1867 467 1906 τὸν
486 1868 587 1919 λόγον
616 1869 804 1922 εἰργάσατο
822 1868 883 1907 καὶ
912 1869 1010 1915 ἡδὺν,
1040 1867 1131 1906 ἀλλὰ

109 1930 169 1968 καὶ
187 1932 237 1982 τῷ
255 1929 318 1976 τὴν
334 1929 441 1982 χάριν
467 1933 527 1968 τοῦ
559 1930 767 1983 πράγματος
797 1932 859 1968 οὐκ
892 1932 995 1968 αὐτοῦ
1026 1929 1130 1981 φάναι

111 1985 214 2040 εἶναι,
246 1989 338 2030 ,ἀλλὰ
371 1994 430 2046 τοῦ
464 1992 633 2043 Χριστοῦ.
671 1993 725 2029 Οὐ
758 1990 826 2043 γὰρ
860 1985 961 2030 εἷπε·
993 1991 1073 2042 περὶ
1096 1991 1132 2029 δὲ

111 2053 182 2089 τῶν
211 2051 392 2102 παρθένων
420 2052 483 2090 οὔκ
515 2051 707 2096 ἐπιτάσσω,
735 2054 825 2101 ἀλλ’,
842 2051 1040 2104 Ἐπιταγὴν
1074 2053 1135 2090 οὐκ

111 2111 195 2164 ἔχω,
214 2114 260 2156 ὡς
289 2111 329 2150 ἂν
351 2115 380 2151 εἷ
405 2112 520 2164 ἔλεγεν
537 2128 544 2136 ·
566 2115 596 2151 εἰ
630 2113 693 2164 μὲν
722 2112 756 2158 ἐξ
788 2114 1012 2166 ἀνθρωπίνων
1031 2116 1132 2165 λογι-

112 2176 211 2223 σμῶν
242 2173 311 2225 ἐγὼ
346 2174 547 2225 κινούμενος
583 2179 693 2213 ταῦτα
739 2175 940 2227 παρῄνουν,
968 2178 1030 2214 οὐκ
1064 2175 1133 2213 ἔδει

113 2236 248 2287 Οαῤῥεῖν
265 2249 273 2257 ·
305 2234 426 2281 ἐπειδὴ
460 2234 495 2273 δὲ
520 2237 571 2288 τῷ
597 2237 680 2286 Θεῷ
708 2239 808 2274 τοῦτο
828 2235 936 2279 ἔδοξεν
951 2266 961 2284 ,
980 2236 1133 2287 ἀσφαλὲς

111 2293 151 2332 τὸ
169 2298 232 2341 τ’ῆς
261 2294 378 2338 ἀδείας
411 2294 586 2347 ἐνέχυρον.
609 2295 685 2341 Τὴν
718 2295 779 2346 μὲν
813 2296 966 2341 ἐξουσίαν
997 2300 1057 2334 τοῦ
1087 2296 1131 2334 τὰ

112 2358 258 2393 τοιαῦτα
291 2356 488 2394 ἐπιτάττειν
529 2356 739 2409 παρῄρημαι
761 2386 770 2403 ,
807 2359 836 2395 εἷ
884 2358 919 2395 δὲ
970 2357 1131 2408 βούλεσθε

113 2415 248 2454 ἀκούειν
281 2418 328 2460 ὡς
356 2416 544 2466 ὁμοδούλου
561 2447 571 2464 ,
600 2417 742 2468 γνώμην
765 2417 905 2469 δίδωμι,
928 2419 1032 2470 φησὶν
1049 2448 1059 2465 ,
1087 2421 1134 2462 ὡς

112 2476 304 2528 ἠλεημένος
339 2477 406 2516 ὑπὸ
436 2477 566 2529 Κυρίου
601 2478 722 2522 πιστὸς
756 2472 857 2519 εἶναι.
883 2478 994 2523 Ἄξιον
1018 2480 1052 2517 δὲ
1075 2481 1133 2517 ἐν-

114 2542 224 2576 ταῦθα
252 2538 433 2588 θαυμάσαι
468 2542 528 2577 τοῦ
565 2538 738 2592 μακαρίου
769 2539 830 2586 τὴν
858 2539 993 2587 πολλὴν
1024 2542 1136 2592 εὐμη-

115 2598 241 2651 χανίαν
272 2599 333 2638 καὶ
363 2598 428 2646 τὴν
460 2599 621 2648 σύνεσιν,
641 2600 699 2638 καὶ
726 2599 829 2644 Ῐ’πῶς
859 2603 892 2639 ἐν
917 2602 1013 2654 μέσῳ
1046 2604 1136 2640 δυοῖν

115 2660 315 2712 ἀναγκαίων
346 2661 406 2698 καὶ
432 2660 596 2700 ἐναντίων
628 2662 890 2713 ἀπειλημμένος
904 2694 913 2711 ,
934 2667 993 2702 τοῦ
1015 2680 1053 2702 τε
1073 2679 1137 2702 συ-

115 2724 243 2768 στῆσαι
272 2720 311 2759 τὸ
345 2723 468 2760 ἑαυτοῦ
503 2721 718 2774 πρόσωπον,
750 2721 841 2761 ὥστε
881 2723 1138 2776 εὐπαράδεκτον

116 2782 274 2832 γενέσθαι
291 2782 354 2830 τὴν
375 2782 590 2833 συμὸουλὴν,
611 2783 670 2822 καὶ
690 2786 750 2822 τοῦ
775 2783 883 2834 μηδὲν
912 2785 1002 2836 μέγα
1030 2785 1137 2838 φθέγ-

119 2843 241 2888 ξασθαι
258 2843 339 2896 περὶ
372 2846 495 2882 ἑαυτοῦ
511 2874 521 2892 ,
547 2844 603 2882 διὰ
631 2845 671 2883 τὸ
699 2848 762 2892 τῆς
783 2847 908 2897 ἀρετῆς
935 2846 1064 2893 ταύτης
1082 2863 1138 2897 γε·

116 2904 253 2956 γονέναι
277 2904 388 2954 ἐκτὸς,
409 2904 590 2957 ἀμφότερα
610 2907 645 2943 ἐν
663 2908 787 2958 βραχεῖ
807 2906 1057 2947 κατεσκεύασε,
1076 2909 1139 2958 'NJ

119 2963 180 3015 μὲν
201 2964 269 3018 γὰρ
289 2967 411 3012 εἰπεῖν,
426 2964 492 3008 Ὡς
523 2966 727 3016 ἠλεημένος,
757 2967 939 3014 συνίστησί
959 2984 1032 3010 πως
1061 2970 1137 3004 ἑοιυἣ
1180 2991 1185 3015 ·.

117 3026 188 3074 τὸν,
207 3028 258 3078 τῷ
284 3025 319 3064 δὲ
354 3025 403 3076 μὴ
433 3026 502 3064 ἀπὸ
530 3030 589 3065 τοῦ
622 3028 868 3080 λαμπροτέρου
896 3032 998 3066 τοῦτο
1030 3030 1134 3073 ποιῆ·

119 3102 177 3125 σαι
197 3087 323 3139 μέρους
342 3094 498 3127 ταπεινοῖ
524 3089 583 3126 καὶ
617 3089 797 3128 συστέλλει
824 3089 944 3128 πάλιν.

170 3148 224 3185 Οὐ
255 3147 325 3201 γὰρ
357 3142 432 3187 εἶπε
451 3164 459 3173 ·
493 3149 619 3200 δίδωμι
649 3149 792 3201 γνώμην
814 3180 824 3199 ,
860 3153 906 3193 ὡς
948 3151 1140 3193 πιστευθεὶς

121 3207 160 3246 τὸ
181 3208 379 3260 εὐαγγέλιον
395 3239 404 3256 ,
422 3212 468 3252 ὡς
499 3210 654 3254 ἀξιωθεὶς
687 3205 772 3248 εἶναι
794 3211 901 3263 κῆρυξ
923 3215 990 3248 τῶν
1010 3215 1114 3249 ἐθνῶν
1131 3241 1140 3258 ,

121 3270 168 3311 ὣς
201 3269 415 3320 προστασίαν
435 3270 498 3316 τὴν
531 3270 702 3323 ὑμετέραν
737 3272 962 3324 ἐγχειρισθεὶς
981 3302 989 3315 ,
1021 3275 1065 3314 ὡς
1088 3275 1142 3309 δι-

123 3328 293 3372 δάσκαλος
313 3330 372 3368 καὶ
391 3331 610 3382 καθηγητὴς·
631 3333 719 3370 ἀλλὰ
741 3335 838 3382 πὶῗι.;;
857 3332 920 3376 Ὡς
942 3333 1142 3384 ἠλεημένος.

173 3454 185 3476 ⁸⁴
212 3453 290 3494 itt-g.
308 3461 345 3497 τῇ
360 3464 410 3493 τῆς
427 3460 566 3500 ἐπιταγῆς
584 3463 704 3503 αἱρέσει.

177 3513 189 3528 n
213 3504 290 3545 lli-g.
309 3513 341 3537 ut
357 3506 455 3539 Snxil.
476 3515 657 3555 προσίεσθαι.
672 3511 782 3543 Mori-l.
797 3520 825 3543 ιἸ
844 3513 973 3544 l'leuuin
1007 3528 1038 3554 *ts
1049 3519 1110 3542 01'1·

344 3563 436 3588 TUM.
476 3567 500 3590 Ι.

1137 1358 1184 1383 ³02

2046 298 2136 359 569

1183 404 1258 456 ipse
1280 417 1320 441 ea
1357 402 1564 455 perfunctus
1591 410 1690 440 esset.
1708 402 1970 451 Proeceptum‚
1990 396 2105 448 inquit
2126 425 2135 443 ‚

1185 479 1263 502 non
1277 465 1412 502 habeo.
1431 463 1593 501 Primum
1610 475 1811 514 proponens
1828 460 2008 512 optionem
2028 459 2139 496 bene-

1183 525 1307 562 volum
1325 523 1444 561 reddit
1471 524 1688 571 auditorem,
1713 532 1791 560 tum
1810 521 1998 559 consilium
2020 519 2136 570 subji-

1185 585 1245 622 cit.
1259 584 1436 632 Quoniam
1457 584 1551 621 enim
1570 582 1791 633 virginitatis
1812 595 1939 618 nomen
1956 579 2145 633 prolatum,

1186 643 1348 696 protinus
1375 643 1553 694 ingentem
1573 642 1734 679 laborem
1762 640 1940 687 declaret,
1963 639 2042 677 ideo
2067 653 2138 677 non

1186 703 1305 742 statim
1323 703 1369 740 ad
1382 703 1660 741 cohortationem
1680 715 1716 739 se
1732 700 1895 746 contulit,
1916 700 1976 737 sed
1999 699 2140 736 audito-

1138 780 1163 810 Ε
1187 778 1263 802 rem
1282 763 1383 815 prius
1403 763 1545 815 optione
1563 762 1735 800 deliniens
1755 791 1767 807 ,
1790 762 1938 812 ejusque
1957 759 2140 810 ingenium

1189 824 1288 862 cicur
1303 838 1343 861 ac
1361 823 1546 861 tractabile
1559 822 1722 871 reddens,
1733 823 1781 859 ita
1796 822 1940 859 demum
1959 819 2140 870 proponit.

1192 884 1333 923 Audisti
1360 884 1627 936 virginitatem,
1644 897 1771 921 nomen
1805 881 1910 919 multi
1941 880 2075 918 laboris
2102 894 2142 917 ac

1192 945 1333 984 sudoris
1353 961 1360 982 :
1382 959 1425 983 ne
1436 954 1574 994 metue3
1595 958 1664 982 non
1678 952 1897 995 praeceptum
1916 942 2037 993 agitur
2054 971 2064 989 ‚
2082 949 2145 978 aut

1189 1006 1280 1058 jussi
1307 1006 1516 1054 necessitas,
1532 1005 1595 1044 sed
1614 1018 1673 1043 eos
1701 1003 1763 1054 qui
1792 1017 1828 1041 se
1854 1003 2012 1040 volentes
2039 1010 2147 1052 atque

1193 1067 1343 1105 libenter
1357 1067 1618 1119 amplectantur
1632 1096 1642 1115 ‚
1662 1065 1722 1104 illa
1747 1064 1821 1103 suis
1844 1064 1949 1102 bonis
1979 1078 2147 1101 remune-

1194 1137 1294 1166 ratur
1308 1158 1319 1174 ‚
1342 1142 1465 1166 eorum
1484 1127 1591 1180 capiti
1616 1126 1844 1179 splendidam
1858 1140 1898 1163 ac
1918 1125 2063 1162 floream
2083 1137 2149 1161 co-

1194 1203 1318 1228 ronam
1336 1189 1542 1241 imponens;
1561 1189 1623 1239 qui
1644 1196 1806 1227 recusent
1822 1199 1928 1237 seque
1954 1185 2148 1223 adsciscere

1196 1249 1326 1300 nolint,
1347 1264 1413 1288 nec
1440 1249 1547 1302 punit
1578 1263 1642 1287 nec
1663 1249 1798 1287 invitos
1827 1247 1933 1298 cogit.
1960 1247 2083 1296 Neque
2109 1258 2150 1283 eo

1197 1311 1312 1349 solum
1327 1311 1522 1348 orationem
1539 1319 1677 1362 gratam
1696 1323 1759 1347 nec
1778 1309 1963 1346 molestam
1975 1306 2147 1351 reddidit,

1198 1369 1260 1408 sed
1280 1370 1386 1408 etiam
1406 1370 1502 1421 quod
1522 1370 1736 1408 beneficium
1757 1369 1825 1406 hoc
1843 1382 1912 1406 non
1927 1382 2033 1405 suum
2046 1397 2057 1413 ‚
2081 1367 2147 1405 sed

1201 1431 1335 1469 Christi
1355 1445 1430 1469 esse
1448 1431 1555 1469 dicat.
1578 1431 1656 1469 Non
1677 1431 1771 1467 enim
1788 1429 1862 1477 ait,
1881 1430 1935 1465 De
1949 1427 2152 1479 virginibus

1202 1505 1270 1530 non
1298 1491 1468 1544 praecipio
1484 1521 1493 1541 ‚
1512 1492 1573 1530 sed
1594 1522 1603 1539 ‚
1625 1492 1863 1541 Praeceptum
1886 1503 1964 1526 non
1997 1490 2122 1527 haheo
2137 1506 2150 1527 .-

1202 1551 1304 1601 quasi
1322 1550 1454 1588 diceret
1470 1550 1525 1589 :Si
1540 1549 1708 1588 humanis
1728 1548 1926 1587 rationibus
1945 1557 2062 1585 motus
2080 1548 2156 1599 ipse

1203 1610 1279 1648 haec
1295 1611 1512 1660 cohortarer,
1535 1625 1605 1650 non
1625 1610 1808 1648 fidendum
1826 1619 1914 1647 esset
1938 1626 1945 1646 :
1969 1618 2003 1646 at
2019 1623 2100 1647 cum
2115 1607 2154 1645 id

1204 1672 1281 1708 Deo
1294 1671 1411 1709 visum
1424 1672 1484 1721 sit,
1499 1681 1634 1709 certum
1646 1680 1698 1709 est
1717 1670 1846 1722 pignus
1862 1669 2050 1707 libertatis.
2063 1668 2158 1706 Mihi

1204 1730 1349 1782 quidem
1365 1745 1404 1769 ea
1419 1731 1621 1784 imperandi
1639 1730 1789 1768 facultas
1809 1738 1859 1767 est
1878 1738 1996 1782 erepta
2021 1744 2029 1766 :
2049 1728 2109 1768 sed
2130 1729 2158 1766 si

1204 1791 1330 1830 audire
1347 1793 1457 1830 vultis
1479 1795 1578 1831 velut
1598 1805 1823 1836 conservum,
1850 1791 2062 1829 Consilium
2080 1791 2130 1828 do
2144 1819 2157 1839 ‚

1205 1852 1324 1903 inquit
1336 1882 1346 1901 ‚
1364 1861 1566 1905 tamquam
1581 1853 1883 1891 misericordiam
1900 1859 2160 1902 consequutus

1205 1927 1230 1950 a
1251 1914 1420 1950 Domino
1435 1922 1474 1951 ut
1489 1913 1718 1965 sirnfidelis.
1739 1915 1856 1962 Atque
1877 1911 1943 1948 hoc
1965 1911 2041 1948 loco
2056 1910 2158 1948 Pauli

1206 1988 1387 2012 summum
1405 1974 1602 2012 artificium
1625 1987 1665 2011 ac
1689 1972 1879 2026 prudentia
1898 1971 2060 2009 miranda
2087 1980 2161 2018 est,

1206 2035 1511 2086 quemadmodum
1527 2035 1619 2073 inter
1634 2034 1705 2072 duo
1729 2035 1943 2081 necessaria,
1957 2046 2066 2083 eaque
2079 2045 2161 2069 con—

1206 2097 1328 2144 traria,
1345 2097 1576 2148 interceptus,
1595 2105 1671 2133 tum
1687 2104 1727 2133 ut
1745 2108 1782 2134 se
1797 2093 2075 2138 commendaret,
2090 2106 2161 2143 quo

1159 2190 1181 2220 B
1206 2158 1394 2197 consilium
1428 2157 1620 2210 plausibile
1636 2165 1746 2202 esset,
1768 2165 1845 2193 tum
1870 2164 1909 2192 ut
1929 2154 2020 2192 nihil
2047 2153 2092 2191 de
2124 2168 2161 2191 se

1206 2232 1375 2270 magnum
1386 2217 1752 2271 praedicaret,quippe
1767 2217 1842 2268 ejus
1856 2216 2002 2253 virtutis
2019 2228 2158 2261 exsors,

1205 2278 1378 2316 brevibus
1396 2277 1515 2316 verbis
1534 2286 1726 2326 utrumque
1739 2283 1978 2325 consequutus
1994 2274 2050 2311 sit.
2063 2274 2158 2310 Nam

1150 1394 1176 1424 Α

1206 2342 1382 2393 quidicat,
1397 2342 1611 2391 Tamquam
1625 2340 1931 2377 misericordiam
1948 2351 2161 2389 consequu-

1207 2413 1283 2449 tus,
1301 2401 1456 2452 quodam
1473 2400 1578 2438 modo
1597 2413 1632 2437 se
1651 2399 1872 2440 commendat
1889 2414 1896 2436 ε
1917 2397 2026 2448 quise
2042 2397 2158 2448 potio-

1208 2464 1237 2501 ri
1258 2462 1400 2500 nominc
1416 2475 1484 2498 non
1506 2459 1741 2509 commendet,
1756 2459 1914 2497 vicissim
1935 2472 1970 2496 se
1989 2466 2156 2495 extenuat

1209 2539 1248 2563 ac
1268 2522 1448 2574 deprimit.

1268 3149 1449 3187 Noueuiiu
1470 3148 1531 3191 ⁸nit,
1553 3145 1753 3184 Concilium
1768 3146 1830 3191 do,
1854 3155 1891 3184 ut
1910 3147 1966 3184 cui
1988 3145 2164 3186 creditum

1216 3213 1258 3251 sit
1289 3227 1324 3248 vx
1338 3210 1531 3260 :iugi-lium,
1550 3218 1584 3246 ut
1605 3208 1762 3245 ‹lt-lectus
1782 3208 1940 3257 gentium
1966 3224 2079 3260 ιιι-,ιτα
2095 3240 2102 3249 ,
2128 3218 2166 3247 ιιι

1217 3273 1271 3311 rui
1295 3273 1328 3309 iu
1355 3286 1414 3309 ms
1442 3270 1683 3318 innuisti-rimu
1704 3269 1932 3306 connuni>mu1
1950 3269 1992 3306 sit
2016 3300 2024 3314 ,
2044 3278 2080 3306 ιιι
2101 3269 2170 3307 ‹ln-

1220 3345 1293 3371 ι·ιιιι·
1325 3342 1429 3382 utque
1453 3331 1553 3378 ‹lux3
1576 3330 1633 3367 sul
1654 3330 1740 3380 quid
1756 3329 1772 3366 ζ’
1794 3330 2004 3380 Ἰἰιηιιμιιιηι
2032 3333 2171 3367 nu'seri-

1173 3468 1245 3494 3011.

1216 3515 1230 3536 ἱ·
1258 3512 1335 3549 usk:
1360 3512 1513 3545 ’'lul-1:³3
1542 3526 1547 3538 ι

1561 3524 1588 3549 ,ἐ
1604 3526 1631 3540 ar
1650 3512 1836 3549 ,lmfilp'ufak
1855 3528 1870 3544 -,
1894 3525 1942 3539 :rev
1975 3529 1977 3534 -

2328 3157 2370 3185 lh·

2314 3202 2369 3226 lui«

2185 3160 2225 3188 X!
2242 3158 2280 3185 11,

2186 3203 2266 3231 l'ml.

2188 3246 2320 3273 uulnus.
