2253 3830
995 208 1241 239 mzAEFATto.
2120 214 2163 242 xt

84 299 166 336 dam
192 295 367 344 ambiguae
400 291 494 329 fidei.
525 294 567 329 6⁰
595 291 621 328 F
627 290 787 341 lorilegia
813 288 1063 341 chrysostomi
1086 304 1104 326 a
1125 289 1316 328 Theodoro
1337 289 1511 341 Magistro
1544 288 1703 329 collecta.
1727 292 1768 327 7⁰
1792 290 1980 329 Orationes
2005 291 2170 343 quaeclam

84 354 326 409 Chrysostomi
346 353 483 391 Latine.
503 353 544 390 In
574 360 699 389 octavo
729 360 850 389 tomo:
877 354 918 387 4⁰
938 351 1125 389 Orationes
1146 350 1309 401 quaedam
1335 353 1371 390 in
1391 350 1675 403 praecedentibus
1695 352 1800 390 tomis
1818 352 1968 391 omissae.
1992 355 2035 391 9⁰
2065 355 2172 392 Varii

81 420 271 469 scriptores
304 416 348 454 de
378 415 451 453 vita
477 414 624 454 Joannis
644 412 890 465 Chrysostomi
904 442 915 462 ,
933 421 966 450 et
986 412 1088 449 initia
1107 412 1270 450 omnium
1291 412 1538 466 Chrysostomi
1560 413 1783 464 orationum,
1803 428 1843 452 ac
1863 424 1982 467 postea
2003 416 2170 468 epistola-

83 495 180 519 rum.
201 483 242 519 5ο
266 480 366 518 Notae
386 478 514 517 Savilii
539 486 572 515 et
590 476 744 515 aliorum
765 476 801 513 in
822 475 940 514 omnia
960 476 1001 514 S.
1020 476 1168 514 Joannis
1189 475 1438 528 Chrysostomi
1458 489 1567 527 opera
1585 491 1593 512 ε
1611 490 1690 527 quae
1717 486 1808 516 notae
1832 477 2028 516 maximam
2055 480 2170 517 octavi

80 542 165 580 tomi
216 550 328 580 artem
356 554 442 581 occu
470 547 542 577 ant.

133 556 255 654 Loiige
268 601 374 639 aliam
391 554 629 639 dislt'ribuendi
646 597 856 636 methodum
875 607 1046 648 sequutus
1065 598 1198 636 Fronto
1216 598 1384 647 Ducaeus,
1399 598 1519 651 primo
1531 606 1630 636 tomo
1648 599 1768 649 posuit
1781 600 1952 651 opuscula
1969 600 2096 648 multa,
2111 614 2173 639 or—

81 680 145 703 sus
165 665 212 703 ab
231 664 399 705 Homiliis
417 662 464 701 ad
488 662 664 715 populum
686 661 978 700 Antiochenum
968 675 1004 699 1n
1022 661 1165 699 Statuas
1179 689 1189 708 ,
1209 660 1341 712 quibus
1368 660 1535 699 subdidit
1547 661 1618 698 alia
1638 661 1811 713 opuscula
1839 663 1932 700 varii
1953 664 2174 715 argumenti;

82 737 157 765 tum
177 740 354 765 sermones
370 725 616 779 panegyricos,
631 723 802 762 homitias
821 722 865 761 de
882 722 1110 770 Poenitentia,
1134 722 1248 760 libros
1268 721 1313 760 de
1335 724 1446 773 Fato,
1465 732 1499 761 et
1517 722 1587 760 alia
1606 736 1733 775 pauca.
1752 723 1891 761 Horum
1910 726 2069 763 maxima
2092 741 2176 778 pars

79 790 295 838 Antiochiae,
316 804 380 830 nec
398 789 468 828 nisi
487 788 702 842 paucissima
724 787 1033 840 Constantinopoli
1053 787 1180 825 emissa
1208 795 1305 824 sunt.
1326 787 1368 824 In
1393 786 1547 825 secundo
1566 796 1678 835 tomo,
1706 787 1883 825 Homilias
1899 801 1960 826 seu
1979 788 2174 828 Commen-

79 853 190 892 tarios
205 853 242 890 in
256 853 425 892 Genesim
439 868 450 903 ;
468 861 502 891 et
522 861 643 905 postea
662 852 799 903 aliquot
816 851 986 889 homilias
1002 851 1037 889 in
1053 852 1169 890 Vetus
1185 851 1468 898 Testamentum,
1485 849 1522 887 in
1538 850 1639 888 varia
1657 849 1792 888 scilicet
1806 850 1890 889 hinc
1905 860 1939 889 et
1959 851 2043 890 inde
2060 861 2177 890 sumta

81 916 173 954 loca.
206 916 248 953 ln
268 916 373 953 tertio
398 924 495 954 tomo
522 914 698 954 Homilias
720 928 780 952 seu
799 914 1082 952 Commentarios
1113 914 1150 951 in
1183 912 1360 963 psalmos,
1395 905 1515 964 poste'a
1549 913 1855 950 Commentarium
1886 913 1922 951 in
1952 923 2030 952 octo
2062 915 2177 967 capita

78 977 276 1016 Isaiaezsub
289 977 366 1015 haec
383 977 559 1015 Homilias
578 977 613 1015 in
634 977 753 1016 varios
777 976 937 1015 Psalmos
955 990 1017 1014 seu
1036 976 1260 1015 Psalmorum
1281 984 1412 1028 partes.
1434 975 1475 1012 In
1495 984 1622 1025 quarto
1641 984 1738 1013 tomo
1757 975 1869 1014 libros
1889 976 1933 1014 de
1947 976 2174 1017 Sacerdotio:

81 1053 170 1090 quos
188 1049 385 1090 sequuntur
404 1038 549 1090 quidam
568 1039 655 1077 libri
675 1039 816 1077 ascetici
834 1037 1008 1077 adversus
1031 1046 1294 1090 oppugnatores
1314 1036 1397 1074 vitae
1418 1037 1638 1084 monasticae,
1657 1037 1703 1074 ad
1722 1038 1947 1075 Demetrium
1964 1067 1974 1085 ‚
1994 1039 2040 1076 ad
2060 1039 2177 1077 Stele-

79 1102 216 1148 chium,
239 1102 285 1140 ad
305 1102 518 1154 Stagirium,
538 1102 584 1140 de
600 1101 898 1149 subintroductis,
919 1111 996 1140 tum
1013 1101 1082 1139 alia
1099 1100 1263 1152 quaedam
1282 1114 1387 1152 opera
1408 1099 1617 1152 permixtim
1634 1099 1745 1149 edita,
1764 1100 1910 1151 liturgia
1928 1101 2177 1154 Chrysostomi

83 1165 239 1215 nomine,
264 1166 436 1218 epistolae,
460 1165 606 1204 demum
628 1166 690 1203 alii
710 1165 858 1216 quidam
881 1165 996 1203 libelli
1017 1174 1118 1203 extra
1137 1164 1255 1202 locum
1276 1163 1403 1216 positi,
1427 1163 1488 1213 qui
1507 1162 1645 1200 taldius
1663 1173 1892 1201 accesserant.
1911 1164 1951 1201 In
1971 1165 2095 1215 quinto
2119 1174 2176 1203 to-

81 1242 140 1266 mo
158 1228 325 1266 homilias
344 1228 484 1267 edidit
475 1243 512 1266 1n
533 1229 634 1267 varia
653 1228 749 1268 Novi
771 1229 992 1267 Testamenti
1011 1228 1116 1276 loca,
1138 1237 1216 1265 tum
1239 1227 1475 1279 panegyricos
1495 1240 1675 1264 sermones
1697 1227 1734 1264 in
1754 1226 1994 1265 solemnitates
2015 1228 2173 1274 Christi,

85 1301 118 1329 et
136 1292 172 1330 in
191 1291 320 1330 divum
338 1292 508 1340 Paulum,
519 1292 666 1330 demum
684 1292 859 1330 orationes
875 1301 908 1330 et
923 1291 1097 1344 opuscula
1116 1291 1275 1343 plurima
1294 1299 1394 1328 extla
1411 1290 1530 1327 locum
1551 1290 1678 1342 posita,
1697 1290 1780 1342 quia
1797 1290 1936 1328 tardius
1955 1291 2063 1329 allata
2082 1302 2175 1330 sunt.

90 1356 130 1392 In
151 1364 251 1394 sexto
273 1364 368 1393 tomo
387 1355 557 1393 homilias
583 1355 724 1407 spurias
742 1355 894 1401 locavit,
915 1370 1003 1406 quas
1023 1363 1221 1405 sequuntur
1242 1353 1433 1404 Florilegia
1455 1367 1516 1391 seu
1542 1353 1795 1404 ἀπανθίσματα
1822 1367 1866 1391 ex
1891 1354 2000 1391 variis
2020 1355 2177 1407 Chryso-

85 1416 189 1454 stomi
208 1416 439 1455 orationibus.
451 1417 505 1454 Eo
524 1426 643 1455 autem
661 1417 808 1455 consilio
827 1419 980 1455 Ducaeus
996 1416 1165 1454 homilias
1183 1416 1218 1453 in
1236 1414 1336 1452 varia
1356 1415 1448 1452 Novi
1467 1415 1687 1452 Testamenti
1705 1415 1781 1453 loca
1800 1416 1836 1452 in
1856 1415 2022 1466 quintum
2040 1425 2175 1454 tomum

86 1478 229 1529 ejecisse
249 1478 408 1527 videtur,
432 1488 472 1516 ut
488 1493 567 1529 quae
587 1479 631 1516 ad
653 1480 797 1518 Novum
818 1480 1089 1517 Testamentum
1108 1478 1353 1530 pertinebant,
1376 1486 1456 1529 post
1485 1477 1756 1516 commentarios
1776 1478 1811 1515 in
1831 1479 1945 1516 Vetus
1963 1479 2176 1518 Testamen-

88 1549 162 1577 tum
195 1540 313 1578 locum
347 1540 517 1579 haberent
536 1558 545 1579 ε
569 1542 674 1591 quasi
694 1555 778 1579 vero
798 1551 933 1579 tantam
952 1541 1160 1579 affinitatem
1193 1554 1275 1578 cum
1304 1540 1568 1577 commentariis
1592 1539 1745 1578 habeant
1765 1540 1924 1577 homiliae
1953 1540 2038 1586 illae,
2060 1556 2139 1592 quae
2157 1557 2176 1580 a

86 1603 254 1655 quapiam
273 1603 467 1654 Scripturae
487 1617 592 1641 sacrae
622 1605 779 1642 clausula
799 1613 1050 1655 argumentum
1070 1612 1295 1642 mutuantur.
1319 1603 1420 1640 Certe
1442 1602 1472 1639 si
1497 1602 1704 1655 hujusmodi
1724 1603 1892 1640 homilias
1911 1617 1975 1654 pro
1996 1618 2178 1643 commen-

85 1665 184 1703 tariis
205 1665 401 1704 babeamus
417 1696 426 1714 ,
448 1680 518 1704 non
539 1680 660 1718 paucae
680 1667 902 1719 reperientur
922 1667 958 1705 in
975 1668 1092 1719 primo
1112 1675 1208 1704 tomo
1229 1665 1389 1703 homiliae
1408 1664 1635 1717 hujusmodi,
1659 1679 1703 1703 cx
1723 1665 1818 1703 Novi
1838 1666 2056 1704 Testamenti
2075 1668 2178 1706 clan-

85 1728 174 1766 sulis
193 1728 355 1767 ὓπόθεσιν
375 1738 579 1767 mutuantes
592 1759 600 1773 ,
621 1743 700 1780 quae
720 1739 800 1768 ante
830 1730 1112 1768 Commentarios
1131 1730 1167 1767 in
1188 1728 1358 1768 Genesim
1383 1737 1415 1766 ct
1436 1729 1471 1766 in
1491 1730 1606 1766 Vetus
1624 1730 1891 1766 Testamentum
1907 1728 1952 1766 ab
1970 1730 2047 1781 ipso
2066 1731 2178 1769 Fron·

84 1801 165 1829 tone
188 1791 312 1842 positae
341 1792 499 1830 fuerunt.
523 1793 582 1831 Ex
608 1792 714 1831 dictis
733 1793 847 1845 liquet
873 1807 1029 1832 summos
1049 1793 1146 1832 viros
1172 1792 1350 1833 Savilium
1372 1801 1404 1830 et
1425 1793 1601 1830 Ducaeum
1630 1792 1666 1830 in
1697 1792 1942 1830 concinnanda
1967 1807 2116 1845 operum
2145 1804 2178 1832 et

85 1864 264 1893 tomorum
283 1855 537 1894 distributione
556 1870 626 1894 non
649 1871 776 1908 parum
800 1857 1018 1897 laboravisse
1043 1874 1050 1894 :
1074 1856 1140 1895 etsi
1159 1857 1296 1908 quippe
1318 1855 1358 1894 id
1379 1870 1424 1894 ex
1444 1855 1594 1893 arbitrio
1617 1864 1656 1893 ut
1676 1855 1873 1907 plurimum
1894 1855 2052 1907 pendere
2070 1866 2177 1909 pute-

85 1928 163 1967 tur,
181 1932 252 1956 non
271 1919 320 1956 ita
342 1919 445 1957 facile
471 1928 523 1957 est
548 1918 595 1957 ad
622 1919 777 1957 aliorum
804 1920 978 1972 placitum
1006 1929 1139 1958 tantam
1167 1919 1426 1971 supellectilem
1454 1918 1635 1956 ordinare.
1658 1919 1741 1957 Jam
1762 1919 1966 1956 monuimus
1989 1933 2052 1958 nec
2072 1920 2179 1958 Savi-

83 1980 172 2017 lium
189 1993 252 2018 nec
271 1981 445 2018 Ducaeum
463 1995 569 2032 quem
590 1980 659 2019 sibi
682 1982 945 2033 praestituerant
965 1982 1129 2020 ordinem
1147 1995 1288 2020 servare
1307 1981 1466 2033 potuisse
1484 1996 1491 2016 :
1510 1979 1593 2030 quia
1614 1989 1692 2032 post
1709 1980 1824 2018 editas
1847 1981 2048 2033 cujuspiam
2068 1997 2176 2034 argu-

89 2044 199 2081 menti
219 2040 389 2082 homilias
406 2045 656 2096 inexspectatae
677 2045 756 2083 aliae
776 2046 937 2098 ejusdem
955 2045 1155 2097 argumenti
1171 2053 1404 2083 accesserunt.
1424 2044 1516 2081 Hinc
1535 2053 1602 2091 est,
1628 2043 1726 2094 quod
1746 2043 1843 2096 apud
1863 2044 2045 2084 Savilium
2065 2047 2176 2084 multa

85 2106 118 2143 in
141 2105 290 2158 septimo
309 2117 343 2145 et
368 2116 493 2146 octavo
515 2116 611 2147 tomo
636 2108 873 2161 reperiantur,
895 2123 973 2160 quae
999 2108 1045 2147 ad
1071 2108 1188 2159 quinti
1217 2118 1251 2147 et
1277 2108 1367 2146 sexti
1394 2109 1522 2146 seriem
1548 2108 1788 2160 pertinebant.
1811 2108 2020 2160 Pariterque
2046 2111 2177 2148 Fronto

89 2169 239 2206 Ducaeus
266 2169 385 2220 aliqua
412 2170 447 2208 in
467 2180 613 2220 quarto,
630 2185 708 2222 qua?
732 2172 839 2223 primi
862 2173 946 2209 tomi
967 2181 1072 2219 sunt3
1092 2171 1204 2210 multa
1229 2171 1394 2209 similiter
1416 2171 1450 2209 in
1473 2171 1614 2221 quinto,
1634 2185 1710 2222 quae
1730 2171 1788 2209 vel
1808 2170 1853 2208 ad
1874 2171 2032 2223 primum
2055 2172 2109 2210 vel
2131 2172 2173 2210 ad

89 2240 253 2278 quartum
275 2233 500 2284 spectabant,
522 2235 694 2286 reposuit.

603 2513 659 2549 I)e
687 2514 956 2550 distributione
987 2524 1181 2551 (ommam
1213 2516 1251 2549 1⁴71
1286 2523 1415 2550 nostra
1447 2515 1643 2551 Ede'tione.
2141 2524 2155 2540 ⁶

143 2660 242 2700 Ordo
260 2662 402 2710 Savilii,
425 2663 483 2712 qui
506 2662 621 2714 primo
642 2663 718 2700 loco
740 2664 1023 2702 Commentarios
1043 2664 1076 2701 in
1101 2664 1323 2715 §cripturam
1346 2662 1478 2714 posuit,
1500 2662 1733 2712 ‹piantumvis
1756 2663 1958 2714 placuisset,
1985 2678 2051 2701 nou
2075 2676 2174 2716 pote-

91 2733 145 2762 rat
163 2739 182 2762 a
203 2723 305 2762 nobis
322 2725 486 2777 usurpari
505 2725 572 2763 hac
588 2725 632 2763 de
648 2739 750 2763 causa
770 2742 777 2762 .·
801 2726 1086 2764 Commentarius
1111 2728 1144 2763 in
1163 2726 1320 2763 Psalmos
1334 2725 1414 2776 plum
1429 2738 1536 2774 quam
1556 2723 1706 2761 dimidia
1727 2724 1960 2761 homiliarum
1979 2736 2077 2777 parte
2099 2741 2174 2764 mu-

91 2787 189 2835 tilus,
203 2787 249 2825 ad.
267 2796 422 2826 nostram
442 2787 603 2840 pervenit
623 2797 772 2826 aetatem.
798 2790 887 2841 Spes
901 2799 1019 2828 autem
1037 2800 1110 2828 erat
1131 2804 1192 2828 nos
1220 2803 1264 2827 ex
1285 2789 1442 2826 homiliis
1464 2787 1535 2825 illis
1554 2787 1749 2839 deperditis
1770 2801 1837 2824 nou
1860 2802 1989 2839 paucas
2016 2803 2060 2827 cx
2082 2799 2177 2827 tene·

92 2849 164 2887 liris
185 2850 374 2889 educturos
398 2864 494 2890 esse:
512 2865 638 2901 resque
655 2853 729 2903 jam
754 2855 857 2890 cessit
873 2867 917 2891 ex
942 2864 1023 2892 voto
1042 2870 1047 2890 :
1063 2868 1156 2899 nam,
1175 2863 1213 2891 ut
1229 2862 1309 2890 ante
1329 2852 1530 2892 narrabam,
1544 2866 1611 2888 una
1628 2860 1659 2888 et
1684 2851 1828 2901 triginta
1849 2851 2006 2889 homilia·
2029 2853 2174 2891 sincerae

91 2913 178 2961 [imo
189 2913 334 2964 spurias]
347 2913 380 2950 in
394 2913 521 2964 Anglia
540 2922 686 2965 repet-tce
700 2923 794 2955 sunt,
810 2930 962 2965 <piarum
982 2916 1129 2953 alteram
1144 2925 1279 2968 partem
1298 2916 1371 2966 jam
1391 2914 1605 2964 exscriptam
1626 2913 1893 2956 teneu,uheram
1913 2924 2090 2966 exspecto.
2105 2918 2176 2954 Nee

92 2983 265 3024 postrema
292 2975 449 3012 fortassis
474 2974 541 3012 erit
564 2975 623 3012 illa
655 2977 828 3024 accessio;
850 2992 929 3014 uam
959 2978 1112 3028 reliquus
1141 2979 1289 3015 amissas
1319 2977 1392 3027 pari
1422 2975 1541 3012 studio
1571 2975 1835 3025 perquirimus,
1856 2984 1888 3012 et
1919 2976 2027 3025 fugax
2057 2991 2174 3015 arvum

92 3051 183 3089 saepe
200 3036 289 3088 quid
308 3037 476 3089 importat
495 3038 590 3076 novi.
610 3038 647 3075 Si
672 3053 756 3076 vero
783 3055 800 3076 a
824 3042 1087 3079 commentariis
1113 3041 1361 3093 cupissemus.
1386 3038 1561 3089 ‹piidquid
1589 3037 1622 3074 iu
1656 3038 1814 3074 psalmos
1841 3038 1921 3075 novi
1948 3053 2172 3077 accessurum

93 3109 183 3145 ‹ei-at,
207 3110 305 3138 extra
325 3100 486 3139 ordinem
509 3112 541 3139 ct
571 3103 687 3140 locum
709 3104 915 3155 proprium,
940 3119 1067 3155 magno
1087 3106 1218 3143 scilieet
1241 3118 1320 3141 eum
1352 3101 1553 3153 dispendio,
1581 3101 1759 3151 jacuisset.
1791 3102 1896 3138 llum·
1917 3116 2000 3151 ergo
2023 3117 2171 3154 operum

95 3173 342 3215 tomorumque
365 3165 551 3215 ordinem,
571 3180 607 3204 rc
632 3177 794 3204 accurate
817 3182 1008 3220 perpensa,
1034 3170 1134 3206 uobis
1161 3167 1415 3220 prwstituimus
1436 3182 1441 3200 :
1465 3164 1636 3216 opust-ula
1671 3164 1826 3215 primum
1860 3166 1993 3208 omnia,
2013 3168 2131 3217 eujusx
2146 3169 2173 3204 is

94 3227 230 3274 generis
245 3227 330 3277 sint,
353 3228 387 3265 in
406 3228 520 3266 tribus
538 3229 639 3267 tomis
660 3229 839 3281 prioribus
859 3231 1029 3278 locamus,
1047 3232 1318 3269 conum-ut.·u·ios
1335 3244 1414 3265 eum
1437 3231 1454 3266 Χ
1470 3228 1574 3264 eteris
1594 3237 1668 3264 tum
1692 3228 1785 3265 Novi
1804 3228 2023 3266 'l'estauienti
2041 3239 2171 3281 septem

96 3289 302 3340 posteriores
322 3291 560 3343 occupabunt.
580 3293 762 3344 Opuscula
787 3308 869 3331 vcro
891 3294 956 3331 hoe.
978 3295 1046 3332 ritu
1069 3295 1283 3332 dividuntur
1302 3309 1308 3328 :
1333 3293 1448 3343 primo
1469 3291 1635 3342 ponimus
1657 3305 1695 3327 eu
1716 3305 1795 3340 ‹pm-
1815 3291 1860 3327 oli
1884 3292 2087 3330 nuit-tatem
2108 3309 2171 3330 ιιι·-

96 3354 251 3401 gumenti
271 3367 339 3391 non
358 3364 503 3406 possunt
523 3357 556 3394 in
579 3370 684 3394 unam
700 3366 732 3394 et
752 3367 880 3395 certam
901 3358 1011 3408 redigi
1033 3359 1198 3401 elassem:
1220 3358 1350 3407 illaque
1384 3354 1576 3391 seeundum
1607 3353 1770 3391 ordinem
1793 3355 1973 3406 temporis.
1999 3367 2170 3406 quantum

100 3413 472 3464 lieet,constituimus.
504 3420 636 3467 Agmen
669 3418 804 3455 ducunt
834 3433 1028 3470 parameses
1050 3418 1345 3456 ad'l'lu·odo1·um
1379 3416 1516 3466 lapsum
1535 3444 1542 3455 ,
1571 3414 1651 3450 him·
1680 3425 1872 3464 sentiuntur
1904 3415 1983 3452 tntu-t
2017 3416 2186 3455 adu-mi<
