2253 3830
980 269 1030 296 vu
1044 270 1224 299 muno.
2060 273 2140 302 xlii

60 355 122 396 sed
135 367 178 393 ex
197 365 266 390 uno
283 350 356 389 veri
375 347 506 388 studio.
525 349 566 386 In
583 356 706 399 quarta
725 347 882 385 diatriba
897 346 941 385 dc
960 347 1158 401 disciplina
1188 360 1345 402 tempore
1366 351 1612 404 Chrysostomi
1627 366 1672 390 ex
1687 351 1800 404 ipsius
1817 353 1976 391 maxime
2001 353 2141 405 seriptis

59 425 194 470 agetur.
217 413 292 452 Ubi
311 411 504 464 singularia
521 419 634 460 certe,
651 411 727 449 sive
746 410 843 461 quod
857 409 905 448 ad
915 410 1104 462 liturgiam
1121 421 1154 450 et
1169 414 1336 452 sacrificii
1353 415 1626 453 celebrationem
1639 445 1649 464 ‚
1666 416 1742 454 sive
1755 414 1853 466 quod
1868 414 1914 453 ad
1924 415 2013 454 alios
2025 416 2139 466 ritus,

58 477 364 524 observabuntur,
384 489 512 527 nempe
526 473 571 512 de
589 474 700 512 variis
719 474 849 512 officiis
871 473 1013 512 diaconi
1036 475 1262 526 aliorumque
1281 477 1549 526 ministrorum;
1568 478 1613 516 de
1629 478 1846 516 ornamentis
1864 478 2108 517 Ecclesiarum
2128 509 2138 525 ‚

57 541 102 579 de
121 540 213 592 signi
233 539 358 578 Crucis
377 538 478 576 vario
510 552 597 583 usu;
626 537 670 574 de
697 537 773 575 oleo
794 551 839 575 ex
859 538 925 575 SS.
950 547 1154 589 martyrum
1183 540 1356 590 sepulcris
1387 540 1550 578 desumto
1565 570 1575 588 ,
1597 555 1668 590 quo
1690 541 1881 578 utebantur
1900 540 1944 578 ad
1963 540 2141 579 daemones

57 602 230 653 fugandos
246 601 458 651 morbosque
477 599 680 652 pellendos5
701 599 936 650 similiterque
956 598 999 636 de
1019 600 1096 638 oleo
1118 609 1246 638 sanctae
1261 602 1398 650 Crucis,
1414 601 1458 639 de
1473 615 1543 652 quo
1560 601 1597 639 in
1618 602 1705 641 Vita
1722 602 1759 639 S.
1778 602 1906 653 Sabae3
1929 603 2044 654 deque
2057 604 2140 642 aliis

58 665 258 703 innumeris
289 665 419 703 veteris
451 663 616 701 Ecclesiae
647 662 842 702 Orientalis
873 662 1004 701 ritibus
1033 679 1040 699 :
1068 677 1159 714 quos
1190 663 1279 701 ritus
1311 665 1438 717 saepius
1467 679 1574 715 quam
1611 665 1732 716 quivis
1769 665 1862 703 alius
1889 678 2142 705 commemorat

59 727 99 765 S.
125 729 278 766 Joannes
301 727 588 779 Chrysostomus.
614 727 656 764 In
675 724 799 776 quinta
815 724 971 762 diatriba
990 723 1034 763 de
1053 725 1162 763 variis
1179 734 1212 763 et
1230 725 1462 765 miscellaneis
1481 727 1587 765 rebus
1612 726 1826 765 tractabitur
1842 742 1850 762 :
1870 726 1899 764 si
1919 727 2007 777 quid
2033 729 2141 767 omis-

61 802 140 828 sum
160 790 286 838 fuerit,
304 789 341 827 id
360 790 547 837 afferetur;
567 790 596 827 si
615 788 703 840 quid
723 797 880 826 erratum
901 797 963 825 aut
982 788 1101 827 minus
1120 797 1214 827 recte
1232 788 1388 841 positum
1402 820 1412 838 ‚
1432 789 1680 829 emendabitur
1693 807 1704 839 3
1719 803 1804 828 nam
1829 804 1914 827 usus
1931 799 1963 828 et
1978 792 2142 829 tractatio

56 851 226 890 diuturna
245 852 499 890 accuratiorem
519 851 671 889 afferunt
687 865 805 889 rerum
826 851 1002 889 notitiam.

110 915 286 966 Sequetur
301 916 387 953 Vita
406 915 443 953 S.
462 913 610 953 Joannis
627 912 890 965 Chrysostomi⁷
910 922 986 951 tum
1000 927 1046 950 ex
1063 913 1139 964 ejus
1160 914 1318 951 maxime
1338 913 1496 966 scriptis,
1513 923 1590 951 tum
1605 928 1649 952 ex
1668 914 1822 952 aliorum
1839 914 1914 952 sive
1932 913 2141 965 aequalium,

55 977 130 1015 sive
147 976 373 1029 supparium,
398 975 472 1015 sive
495 975 729 1027 posteriorum
748 975 962 1026 scriptorum
983 983 1146 1023 narratu,
1173 975 1439 1013 accuratissime
1464 985 1639 1026 quantum
1664 976 1786 1014 licebit
1807 975 2028 1014 concinnata.
2049 976 2143 1014 Huic

57 1039 291 1091 subjicientur
308 1040 384 1091 ejus
399 1039 481 1077 vitae
498 1039 688 1090 scriptores
706 1047 841 1076 veteres
853 1068 863 1082 ‚
881 1038 1066 1076 Palladius
1080 1067 1090 1085 ,
1114 1039 1307 1090 Georgius,
1331 1040 1464 1090 aliique.
1482 1039 1668 1091 anonymi,
1680 1054 1834 1090 quorum
1850 1039 2012 1078 nonnulli
2027 1040 2144 1078 lucem

56 1102 217 1141 nondum
238 1101 411 1140 viderant.
435 1101 512 1140 Sub
531 1101 608 1138 haec
630 1100 784 1138 indicem
804 1101 971 1139 dabimus
990 1102 1153 1139 locorum
1181 1103 1377 1154 Scripturae
1407 1116 1515 1140 sacrae
1533 1133 1542 1150 ‚
1566 1117 1673 1153 quem
1696 1112 1865 1153 sequetur
1892 1102 2002 1140 index
2021 1117 2144 1142 rerum

56 1166 232 1217 generalis
254 1165 290 1203 in
311 1165 429 1203 omnia
449 1165 526 1217 ejus
542 1179 659 1216 opera.
682 1164 764 1202 Erit
783 1179 890 1217 porro
909 1164 1020 1203 index
1051 1165 1112 1202 ille
1141 1165 1444 1217 locupletissimus
1475 1174 1509 1203 et
1533 1180 1675 1204 summo
1704 1166 1827 1204 labore
1851 1166 2147 1217 accurationeque

55 1227 227 1278 singulari
249 1227 491 1265 concinnatus.
516 1226 667 1273 Quantae
694 1240 802 1279 porro
822 1226 989 1264 utilitatis
1015 1226 1086 1265 sint
1107 1227 1243 1266 indices
1270 1227 1482 1280 hujusmodi
1503 1228 1608 1280 pauci
1627 1228 1783 1280 experiri
1814 1227 1953 1267 volunt.
1972 1229 2023 1265 At
2051 1229 2146 1266 enim

56 1303 127 1329 non
145 1289 251 1327 modo
265 1298 348 1327 sunt
362 1288 408 1326 ad
421 1288 496 1326 loca
515 1288 752 1341 perquirenda
773 1288 895 1341 utiles3
910 1288 972 1326 sed
988 1289 1095 1327 etiam
1114 1289 1257 1340 quando
1276 1299 1439 1328 accurate
1455 1290 1678 1341 cogitateque
1698 1289 1823 1342 scripti
1839 1298 1937 1338 sunt,
1951 1289 2027 1327 sine
2042 1288 2147 1327 taedio

55 1361 89 1391 et
110 1367 191 1391 cum
208 1353 326 1390 fructu
343 1352 502 1390 maximo
517 1353 707 1403 leguntur,
721 1351 863 1390 omissis
880 1345 1046 1390 videlicet
1060 1352 1216 1390 numeris
1228 1382 1240 1403 7
1255 1352 1316 1403 qui
1332 1351 1377 1390 ad
1404 1352 1531 1390 seriem
1560 1352 1708 1390 minime
1726 1353 1914 1404 pertinent.
1939 1351 1999 1390 Ex
2016 1352 2147 1404 hujus-

57 1415 155 1453 modi
172 1429 258 1454 vero
273 1415 423 1453 lectione
442 1415 472 1453 is
486 1416 626 1453 fructus
642 1415 869 1466 decerpitur,
894 1429 998 1466 quem
1020 1415 1057 1452 in
1076 1415 1154 1467 ipsa
1173 1415 1328 1454 auctoris
1346 1415 1497 1452 lectione
1516 1416 1583 1453 vix
1602 1416 1771 1467 reperias.
1791 1416 1833 1452 In
1853 1424 1997 1453 auctore
2012 1417 2148 1467 quippe

56 1479 176 1517 omnia
192 1478 340 1531 sparsim
363 1479 477 1530 posita
493 1487 575 1516 sunt
586 1495 597 1526 ;
615 1478 645 1516 si
664 1477 755 1528 quid
769 1477 814 1515 de
834 1479 925 1525 Deo,
943 1477 1044 1516 verbi
1062 1478 1189 1529 gratia,
1207 1478 1355 1516 senserit
1373 1477 1652 1530 Chrysostomus
1672 1477 1828 1516 ediscere
1847 1477 1987 1530 cupias,
2010 1478 2039 1515 si
2059 1477 2148 1529 quid

57 1541 103 1580 de
119 1542 312 1594 baptismo,
329 1540 374 1578 de
392 1541 506 1592 gratia
520 1571 530 1588 ‚
547 1550 615 1579 etc.
631 1571 641 1584 ‚
661 1549 735 1578 tota
751 1539 873 1578 decem
886 1540 1070 1579 volumina
1084 1541 1245 1592 perlegas
1261 1549 1421 1593 oportet,
1441 1540 1712 1592 periculumque
1728 1555 1868 1593 semper
1885 1550 1937 1578 est
1956 1555 2000 1578 ne
2013 1540 2049 1579 in
2074 1550 2149 1580 tam

56 1603 228 1641 diuturno
255 1601 418 1640 lectionis
447 1601 625 1651 decursu,
641 1601 738 1652 quod
772 1602 890 1654 primo
917 1611 1124 1654 perceptum
1155 1603 1294 1652 fuerat,
1316 1611 1508 1652 antequam
1535 1602 1582 1640 ad
1611 1602 1720 1639 finem
1745 1602 1938 1650 devenias,
1962 1602 2148 1640 elabatur:

56 1665 259 1718 periculum
277 1665 362 1703 item
383 1678 427 1702 ne
445 1663 598 1702 assiduae
615 1673 791 1715 tantaeque
805 1665 969 1703 lectionis
994 1665 1103 1703 taedio
1116 1665 1206 1703 bene
1225 1665 1338 1703 multa
1361 1664 1586 1703 inobservata
1617 1673 1816 1716 praetereaS.
1845 1666 1976 1703 Contra
2005 1679 2090 1703 vero
2112 1666 2150 1703 in

58 1728 261 1768 istiusmodi
283 1729 418 1779 indice,
438 1743 673 1781 quaecumque
688 1728 733 1767 de
748 1730 845 1778 Deo,
861 1744 1098 1781 quaecumque
1117 1730 1163 1768 de
1182 1730 1364 1782 baptismo
1377 1758 1387 1777 ‚
1409 1728 1499 1767 deve
1517 1729 1597 1767 aliis
1624 1728 1844 1780 quibuslibet
1864 1729 1899 1766 in
1918 1738 2063 1767 auctore
2087 1744 2149 1768 re-

58 1793 167 1845 periri
188 1802 349 1846 possunt,
369 1808 482 1833 unum
500 1793 567 1831 sub
585 1803 767 1847 aspectum
783 1794 1039 1846 subjiciuntur.
1060 1794 1304 1843 Quamobrem
1322 1793 1381 1831 vel
1400 1792 1529 1831 iisdem
1547 1793 1635 1846 ipsis
1654 1793 1717 1843 qui
1736 1801 1788 1830 tot
1807 1792 1993 1831 volumina
2008 1793 2149 1845 legunt,

57 1856 187 1903 indicis
200 1856 387 1895 lectionem
407 1870 450 1894 ne
468 1856 742 1908 praetermittant
760 1866 885 1895 auctor
897 1871 993 1895 sum.
1015 1858 1101 1895 Post
1119 1856 1278 1894 indicem
1297 1855 1551 1894 Onomasticon
1568 1855 1837 1909 amplissimum
1856 1855 2005 1893 dabitur
2020 1870 2151 1894 vocum

59 1920 220 1959 omnium
239 1919 479 1971 singularium
496 1949 506 1968 ‚
525 1934 602 1971 quae
620 1920 656 1957 in
677 1919 772 1958 edito
792 1921 1040 1973 Chrysostomi
1061 1919 1306 1972 reperiuntur,
1325 1934 1406 1958 cum
1430 1933 1553 1957 earum
1573 1919 1862 1971 interpretatione
1880 1909 2004 1956 Latina
2024 1934 2034 1955 :
2053 1918 2152 1956 idio-

58 1984 176 2033 tismi‚
194 1983 258 2034 qui
282 1983 431 2036 plurimi
451 1984 548 2036 apud
567 1983 672 2021 illum
693 1994 903 2034 occurrunt,
925 1984 1158 2023 notabuntur.
1179 1986 1317 2036 Agmen
1337 1983 1482 2022 claudet
1512 1982 1695 2034 catalogus
1726 1982 1972 2034 alphabeticus
2001 1997 2149 2035 operum

60 2047 220 2086 omnium
246 2047 494 2100 Cbrysostomi
511 2056 546 2086 et
567 2048 800 2100 epistolarum
816 2063 835 2087 a
859 2048 987 2101 primis
1015 2049 1187 2101 cujusque
1209 2048 1328 2101 operis
1355 2047 1476 2087 verbis
1495 2046 1648 2097 ductus,
1666 2047 1842 2098 longeque
1869 2046 2023 2099 amplior
2042 2060 2150 2098 quam

60 2109 263 2148 Savilianus
276 2137 287 2158 ,
309 2110 345 2148 in
363 2119 489 2149 octavo
506 2118 603 2148 tomo
621 2108 720 2148 illius
739 2110 891 2148 editonis
913 2110 1065 2163 positus.

1021 2259 1045 2310 ς
1074 2259 1184 2298 xm.

460 2379 521 2416 De
539 2381 639 2417 viris
656 2381 872 2431 insignibus
887 2408 897 2428 ‚
916 2392 1082 2430 quorum.
1098 2392 1168 2430 ope
1187 2382 1230 2415 in
1249 2379 1325 2416 liae
1342 2378 1511 2416 editione
1527 2380 1586 2414 usi
1605 2391 1747 2415 sumus.

115 2511 236 2548 Restat
254 2517 294 2546 ut
313 2508 348 2546 in
367 2508 456 2559 grati
469 2508 579 2546 animi
597 2509 841 2547 testimonium
856 2510 978 2547 lectori
994 2510 1239 2559 significemus
1252 2539 1262 2557 ‚
1280 2523 1433 2559 quarum
1453 2508 1757 2546 bibliothecarum
1776 2508 1959 2546 codicibus
1971 2540 1981 2557 ‚
1999 2525 2152 2561 quorum

61 2586 128 2625 ope
149 2572 312 2610 virorum
331 2571 377 2609 ad
393 2571 485 2609 hanc
501 2571 693 2609 editionem
713 2572 765 2609 usi
788 2572 910 2609 simus.
941 2572 1086 2609 Primus
1106 2570 1340 2609 celebrandus
1359 2571 1462 2608 nobis
1492 2580 1543 2607 est
1573 2571 1894 2608 excellentissimus
1914 2572 2020 2610 Dein.
2046 2572 2154 2610 lisn-

63 2650 172 2674 mcus
188 2636 363 2674 Quotus
381 2649 434 2673 DU
453 2637 643 2673 CAMBOUT
662 2649 711 2673 DE
736 2637 900 2673 Comma
916 2667 924 2679 ,
940 2638 1031 2674 Dux
1051 2645 1085 2673 et
1105 2638 1182 2674 Plu
1204 2634 1377 2679 louticiae,
1395 2635 1599 2686 Episcopus
1615 2635 1802 2679 metensis,
1817 2635 1876 2684 qui
1891 2635 2150 2675 bibliothecam

62 2710 162 2734 suam
181 2698 276 2734 omni
305 2696 645 2747 manuscriptorum,
670 2697 865 2748 przesertim
897 2698 1124 2741 Graecorum,
1150 2711 1273 2747 genere
1297 2696 1458 2733 refertam
1482 2696 1548 2732 hoc
1570 2695 1603 2732 in
1628 2695 1787 2732 caenobio
1805 2696 1995 2747 deposuit,
2022 2706 2054 2734 et
2087 2712 2153 2749 pro

61 2757 183 2797 innata
196 2758 430 2797 beneficentia
451 2767 521 2795 tam
540 2758 644 2796 lauta:
661 2759 890 2810 supellectilis
909 2760 1010 2797 nobis
1034 2775 1136 2797 usum
1156 2759 1327 2797 concessit
1342 2774 1350 2802 3
1368 2758 1462 2795 mule
1487 2758 1597 2795 multa
1625 2759 1921 2810 Chrysostonnuu
1954 2760 2149 2811 spectantia

62 2822 213 2859 mutuati
230 2835 366 2858 sumus.
387 2819 445 2857 Ex
470 2820 689 2858 bibliotheca
707 2820 819 2871 Regia
840 2835 980 2873 semper
999 2822 1138 2859 codices
1167 2822 1269 2859 nobis
1287 2820 1330 2857 ad
1361 2820 1551 2857 arbitrium
1573 2820 1791 2871 suppeditati
1820 2830 1901 2858 sunt
1927 2821 2149 2860 humanitate

62 2894 96 2923 et
114 2883 356 2922 munificentia
387 2883 569 2920 illustriss.
606 2886 767 2921 Annii-ms
791 2885 835 2921 D.
868 2899 917 2921 nu
947 2887 1138 2929 Louvois,
1168 2884 1395 2922 bibliothccae
1427 2884 1542 2932 lit-gia·
1564 2883 1742 2934 pra-serti,
1775 2884 1961 2935 subcujus
1980 2885 2149 2937 auspiciis

62 2945 219 2998 ejttsdcm
240 2945 462 2983 bibliotheca·
483 2944 647 2982 custodes
667 2946 712 2982 D.
732 2945 776 2983 (le
806 2947 1003 2993 TAnGNis,
1031 2947 1300 2999 praesertimque
1327 2947 1383 2983 vir
1403 2946 1446 2982 cl.
1470 2947 1644 2983 ,ΙυΛλΜ-ῑς
1675 2946 1760 2983 lhnx
1776 2960 1847 2983 ιλιι
1863 2960 1877 2982 s
1892 2977 1900 2987 ,
1934 2960 2001 2983 non
2030 2948 2148 2984 minus

64 3009 228 3046 comitate
243 3022 350 3058 quam
366 3007 566 3046 eruditione
586 3016 658 3044 toto
677 3008 762 3045 orbe
782 3008 940 3046 literario
956 3010 1176 3051 notissimus,
1197 3009 1310 3046 solitis
1339 3007 1467 3044 ollii-iis
1489 3021 1550 3043 nos
1569 3008 1775 3058 prosequuti
1797 3018 1891 3045 sunt.
1912 3009 2014 3046 llaud
2039 3010 2152 3047 multo

65 3072 219 3110 minores
241 3071 342 3108 nobis
358 3070 530 3122 suppetiae
549 3084 725 3108 accessere
740 3085 785 3109 cx
805 3072 1022 3110 bibliotheca
1047 3072 1279 3110 illustrissimi
1301 3075 1403 3108 (lomi
1417 3085 1470 3107 ris
1490 3085 1537 3107 ni:
1558 3071 1597 3107 s·
1616 3085 1779 3108 {GNtsshn
1805 3102 1813 3114 ,
1838 3086 1915 3121 qua·
1936 3072 2150 3110 Collwrtinae

63 3134 207 3172 nomine
228 3133 395 3182 insignita
418 3132 552 3182 ingenti
571 3134 780 3170 Gra-corum
801 3135 890 3172 Mss.
914 3134 1014 3186 copia
1040 3135 1209 3172 instructa
1229 3143 1293 3172 est.
1320 3133 1455 3170 llorum
1480 3131 1581 3169 nobis.
1601 3131 1646 3169 ad
1668 3142 1794 3170 mitum
1815 3134 1955 3186 copiam
1976 3135 2057 3173 fecit
2079 3135 2150 3173 hu-

65 3195 293 3233 manissimus
314 3195 375 3231 ille
389 3194 466 3240 vir,
482 3194 526 3232 ad
543 3194 728 3232 literarum
749 3195 978 3234 commodum
1000 3206 1119 3234 natus.

120 3260 161 3297 In
181 3257 398 3295 bibliotheca
423 3257 616 3305 Vaticana,
644 3258 730 3296 dum
755 3260 874 3296 lloiua:
892 3273 1072 3305 versarer,
1094 3259 1278 3296 innumera
1301 3258 1474 3309 exscripsi
1491 3287 1499 3299 .
1524 3256 1649 3307 collegi
1665 3287 1673 3299 ,
1705 3258 1852 3295 contuli.
1878 3259 1959 3296 l‘ost
1992 3259 2145 3298 reditum

65 3329 208 3369 autem,
230 3332 275 3357 cx
294 3333 365 3369 quo
381 3318 644 3357 illustrissimus
660 3321 717 3359 vir
734 3321 778 3359 l).
807 3323 985 3360 CAuonus
1015 3324 1095 3360 Max
1110 3336 1204 3359 tantm
1228 3322 1261 3358 in
1288 3321 1599 3358 bibliothcrarium
1628 3330 1811 3372 neophitus
1830 3330 1879 3358 est
1898 3352 1906 3362 .
1939 3322 2057 3360 omnia
2083 3339 2148 3376 pro

68 3392 149 3422 voto
168 3382 395 3435 suppeditata
414 3382 524 3420 fuere.
551 3384 612 3421 list
629 3384 724 3421 cuim
750 3385 806 3423 vir
826 3385 886 3423 ille
901 3415 911 3433 ,
935 3394 972 3423 ut
991 3387 1178 3435 omnigena
1205 3385 1406 3422 ermlitionc
1434 3394 1578 3422 oritanus
1592 3414 1601 3430 ,
1622 3384 1667 3421 ita
1693 3384 1840 3422 literatis
1861 3385 2056 3423 admodum
2078 3401 2145 3438 op-

70 3456 253 3498 portunus.
284 3445 345 3483 Ex
373 3445 438 3484 ista
462 3460 547 3486 vcro
567 3447 784 3487 bibliotheca
813 3449 925 3486 multa
946 3449 1048 3487 nobis
1067 3449 1272 3501 apographa
1301 3448 1495 3501 transiliisit
1523 3449 1577 3487 vir
1601 3448 1839 3486 amicissimus
1863 3457 1894 3486 ct
1922 3448 2150 3487 (lectissimus

280 3512 376 3536 rom.
415 3513 442 3536 ι.
1922 3517 1938 3538 ιι
