2513 3871
113 1448 203 1476 Rom.
253 1457 300 1478 tn.

109 1934 297 1975 Ιοαη.8.49.

106 2058 201 2085 Journ-
229 2057 279 2088 18.

371 246 391 256 ιν

332 247 376 291 5·
399 263 423 292 2
769 261 804 291 s.
847 260 1032 291 somnis
1067 259 1310 292 cunvsosr.

1350 261 1558 293 AncutEP.
1596 261 1954 296 cousrAuTtNOP.

329 358 419 382 crue
430 357 516 382 eum
531 359 544 384 :
566 357 635 381 non
649 342 687 382 id
704 342 750 382 de
765 356 913 396 corpore
927 343 1052 383 dicens
1071 359 1080 382 t
1095 357 1168 395 quo
1179 352 1284 396 pacto
1307 346 1333 379 C
1355 344 1487 397 λέγων,
1509 347 1585 390 πῶς
1597 345 1687 399 γάρ;
1704 347 1748 386 Εἰ
1772 347 1841 398 γὰρ
1865 347 1947 399 περὶ
1970 348 2033 393 τῆς
2049 350 2110 387 τοῦ
2128 346 2291 400 σώματος
2313 352 2378 403 φύ-

327 405 422 443 enim
436 404 455 442 ?
480 405 569 444 Nam
589 404 620 442 si
647 403 686 442 id
704 403 750 443 de
767 405 928 458 corporis
952 414 1080 444 natura
1106 404 1259 445 dixisset
1273 434 1285 455 ,

328 466 460 503 crimen
471 465 505 503 in
519 474 658 504 naturae
669 464 898 504 Conditorem
911 466 1179 504 transferretur:
1193 465 1282 505 alias

326 539 394 563 non
418 539 528 563 unum
544 526 621 564 erui
640 535 818 579 oporteret
836 540 846 563 :
867 527 949 564 licet
961 527 1056 565 enim
1073 526 1215 565 sinister
1227 541 1281 566 re-

324 587 557 638 linqueretur,
581 587 658 640 pari
680 587 787 625 modo
811 587 872 625 ine
894 587 1074 626 hominem
1093 587 1279 627 scandali-

321 658 429 688 zaret.
448 648 520 688 Sed
535 658 572 687 ut
583 649 699 687 discas
716 663 784 687 non
797 649 842 688 de
856 650 960 688 oculo
976 663 1176 689 sermonem
1189 664 1276 700 esse,

323 709 493 748 dextrum
513 710 643 762 adjecit
664 740 674 760 ,
695 725 766 762 quo
782 710 996 758 ostenderet,
1014 720 1053 750 ιιι
1071 711 1101 750 si
1121 711 1278 751 amicum

325 772 530 824 quempiam
548 772 642 810 oculi
656 771 774 810 dextri
791 772 869 810 loco
888 772 1017 811 babeas
1028 803 1040 820 ,
1055 782 1090 812 et
1105 773 1200 812 hunc
1212 775 1280 826 eji-

323 832 397 870 cias
418 841 452 870 et
469 832 515 870 ab
531 833 685 871 amicitia
708 842 768 871 tua
790 833 994 881 exscindas,
1018 834 1045 872 si
1067 843 1101 873 te
1118 834 1279 873 scanda-

323 893 419 932 lizet.
437 894 535 941 Quid
556 897 648 933 enim
665 896 771 947 juvat
788 896 933 934 oculum
953 895 1086 934 habere
1102 897 1138 935 in
1154 898 1278 950 perni-

322 954 412 993 ciem
424 955 548 1007 reliqui
561 957 795 1009 corporis?Si
809 957 1101 1008 itaqueamicitiae
1115 968 1276 1007 noceant,

322 1016 502 1066 fugiamus
529 1026 563 1055 et
592 1018 817 1067 resiliamus;
847 1018 901 1055 sin
935 1017 1037 1056 nobis
1063 1018 1108 1056 ad
1135 1019 1277 1072 pietatis

322 1077 494 1116 rationem
507 1078 648 1116 nullum
661 1078 834 1117 damnum
852 1079 1018 1127 inferant,
1040 1079 1135 1132 ipsos
1150 1080 1196 1118 ad
1213 1094 1277 1119 nos

319 1138 521 1177 alliciamus
540 1149 573 1178 et
593 1140 866 1192 pertrahamus;
887 1139 983 1191 quod
1003 1141 1033 1178 si
1055 1141 1145 1178 nihil
1171 1141 1275 1180 illum

314 1200 435 1251 juves,
451 1210 483 1238 et
497 1201 544 1238 ab
560 1201 637 1252 ipso
657 1201 800 1238 laedaris
814 1230 824 1249 ,
844 1199 880 1238 id
900 1200 992 1238 lucri
1010 1201 1140 1239 reseras
1155 1210 1193 1240 ut
1213 1216 1276 1254 per

318 1260 507 1298 sectionem
526 1261 602 1299 sine
617 1262 757 1312 jactura
781 1274 937 1299 maneas.
960 1262 1007 1300 Et
1028 1262 1109 1313 fuge
1129 1262 1274 1300 illorum

316 1321 507 1370 amicitias,
524 1322 552 1359 si
574 1331 721 1359 noceant
742 1321 852 1371 :suge
867 1330 1021 1370 tantum,
1039 1335 1102 1360 nec
1122 1336 1273 1375 pugnes,

316 1396 429 1434 neque
448 1392 644 1430 concertcs;
665 1383 716 1421 sic
741 1383 876 1422 Paulus
896 1391 1015 1421 monet
1035 1382 1092 1421 his
1115 1383 1238 1422 verbis
1261 1400 1270 1422 .-

314 1445 355 1483 Si
367 1445 553 1496 possibile
567 1453 635 1492 est,
648 1445 754 1497 quod
767 1458 816 1483 ex
833 1446 947 1483 vobis
961 1453 1031 1492 est,
1046 1459 1134 1483 cum
1149 1449 1276 1483 omni-

317 1509 386 1545 bus
401 1508 622 1545 hominibus
635 1520 773 1558 pacem
790 1507 987 1545 habentes.
1004 1507 1138 1546 Servus
1153 1521 1188 1545 es
1205 1507 1274 1546 Dei

315 1567 410 1619 pacis
433 1568 523 1606 :ille
548 1567 610 1619 qui
639 1567 817 1606 daemones
845 1568 1008 1619 ejiciebat
1034 1577 1068 1607 et
1086 1568 1274 1608 innumera

313 1628 526 1681 operabatur
540 1629 634 1667 bona
646 1658 656 1677 ,
673 1642 755 1667 cum
770 1643 851 1667 eum
869 1629 1130 1668 daemoniacum
1155 1630 1275 1683 appel-

313 1690 441 1740 larent,
457 1704 527 1730 non
539 1691 673 1729 fulmen
687 1690 818 1739 emisit,
832 1705 900 1729 non
917 1691 1175 1730 conviciatores
1186 1706 1275 1730 con-

313 1752 438 1800 trivit,
460 1767 528 1791 non
552 1752 713 1804 linguam
730 1753 829 1790 illam
842 1752 1040 1791 combussit
1056 1767 1168 1804 usque
1186 1753 1273 1793 adeo

313 1812 558 1866 impudentem
572 1822 605 1851 et
623 1813 814 1864 ingratam,
831 1813 913 1851 licet
932 1813 1008 1852 liaec
1027 1816 1145 1852 omnia
1161 1815 1274 1854 fucere

313 1883 452 1927 posset;
473 1874 534 1913 sed
550 1875 813 1913 accusationem
831 1875 947 1913 solum
961 1875 1101 1927 depulit
1118 1876 1241 1915 dicens
1262 1893 1270 1916 ε

316 1936 399 1987 Ego
427 1936 662 1973 daz-monium
684 1949 762 1974 non
790 1937 938 1985 habeo,
959 1937 1028 1975 sed
1059 1938 1273 1991 honorifico

314 2009 416 2042 eunt,
437 1999 505 2048 qui
523 2011 584 2035 me
604 1999 721 2036 misit.
745 1997 836 2035 Cum
851 2006 968 2035 autem
989 2012 1113 2035 servus
1126 1999 1273 2050 pontifi-

315 2057 366 2096 cis
381 2056 485 2095 illum
503 2058 693 2109 percussit,
707 2057 796 2108 quid
813 2058 862 2095 ait
874 2058 892 2095 Ξ)
909 2058 950 2096 Si
970 2059 1072 2096 male
1091 2059 1271 2111 loquutus

314 2132 414 2165 sum,
433 2122 693 2156 testimonium
706 2119 865 2170 perhibe
881 2119 930 2157 de
946 2120 1075 2164 malo;
1093 2124 1127 2158 si
1141 2130 1271 2160 autem

315 2181 424 2226 bene,
440 2180 536 2231 quid
552 2194 611 2217 me
627 2181 741 2218 caedc's
759 2183 776 2216 ?
794 2179 903 2226 Quod
918 2180 946 2218 si
969 2181 1143 2219 Dominus
1158 2195 1271 2233 ange-

313 2241 430 2278 lorum
456 2255 491 2278 se
518 2249 685 2287 excusat,
714 2249 748 2278 et
780 2240 952 2279 rationem
981 2241 1115 2280 famulo
1136 2242 1271 2292 reddit,

313 2315 380 2340 non
409 2315 500 2355 opus
527 2302 686 2340 oratione
713 2302 878 2354 longiori.
908 2302 992 2341 Haec
1016 2302 1133 2342 solum
1158 2305 1268 2343 verba

313 2372 429 2401 mente
451 2362 594 2401 revolve
607 2392 618 2408 ,
642 2377 682 2400 ac
702 2363 902 2414 frequenter
922 2363 1108 2413 meditare,
1125 2375 1159 2404 et
1174 2365 1234 2404 dic
1258 2384 1265 2405 :
1294 2373 1321 2402 Α

311 2424 351 2461 Si
378 2424 480 2462 male
507 2424 689 2474 loquutus
709 2438 807 2470 sum,
829 2427 1092 2463 testimonium
1111 2428 1270 2478 perhibe

311 2485 501 2529 demalo;
519 2487 552 2522 si
573 2494 705 2523 autem
727 2487 837 2534 bene,
859 2486 957 2538 quid
976 2500 1037 2524 me
1058 2488 1204 2526 coedis?
1223 2489 1270 2527 Et

311 2546 426 2597 cogita
444 2545 526 2597 quis
546 2546 715 2598 loquatur
728 2576 738 2595 ,
761 2545 807 2584 ad
829 2561 934 2598 quem
957 2547 1126 2598 loquatur
1144 2558 1178 2587 et
1198 2564 1267 2600 qua

311 2605 356 2644 de
371 2621 423 2654 re;
440 2616 614 2658 eruntque
631 2607 696 2644 tibi
711 2607 818 2646 verba
835 2607 955 2646 isthaec
969 2607 1138 2647 divinum
1154 2610 1268 2661 quod·

311 2666 393 2704 clam
408 2676 441 2705 et
453 2677 664 2720 perpetuum
677 2667 872 2718 canticum,
887 2677 993 2720 atque
1003 2683 1144 2708 omnem
1157 2671 1267 2709 animi

314 2737 487 2766 tumorem
499 2729 621 2766 sedare
633 2737 798 2781 poterunt
809 2729 942 2781 :cogita
953 2729 1165 2782 dignitatem
1175 2733 1265 2784 ejus,

313 2790 372 2838 qui
399 2789 546 2828 affectus
569 2800 622 2828 est
647 2791 873 2837 contumelia,
894 2791 1054 2830 laedcntis
1073 2793 1269 2842 vilitatem,

313 2850 533 2888 contumeliae
560 2851 786 2902 gravitatem.
824 2852 903 2890 Non
930 2852 1025 2890 enim
1053 2855 1267 2893 contumelia

314 2910 429 2947 affecit
450 2920 600 2958 tanturn,
616 2911 674 2950 sed
696 2913 892 2965 percussit3
917 2927 984 2951 non
1002 2914 1177 2966 percussit
1192 2924 1268 2954 tan—

316 2980 404 3015 tum,
422 2971 482 3009 sed
494 2981 523 3009 et
540 2972 679 3024 alapam
694 2972 794 3011 dedit
809 2989 816 3011 ε
832 2973 1042 3025 hujusmodi
1056 2984 1174 3014 autem
1188 2990 1267 3028 per-

315 3032 475 3069 cussione
505 3033 595 3070 nihil
627 3033 910 3083 ignominiosius.
943 3038 1107 3074 Attamen
1145 3036 1265 3076 omnia

316 3092 395 3128 tulit
411 3122 419 3137 ,
440 3101 477 3130 ιιι
494 3094 621 3144 majori
639 3095 805 3147 exemplo
828 3095 1006 3135 moderate
1024 3111 1128 3148 agere
1147 3097 1267 3138 disce-

317 3165 382 3187 res.
413 3152 493 3189 llaec
515 3167 582 3190 non
608 3154 673 3191 hoc
694 3163 831 3194 tantum
854 3157 930 3195 loco
952 3158 1265 3211 philosophemur,
1292 3176 1315 3206 B

315 3212 375 3248 sed
397 3227 458 3249 suo
480 3222 634 3265 ternpore
655 3214 782 3254 luorum
807 3217 1046 3257 recordemur.
1079 3219 1268 3259 Laudastis

314 3286 351 3306 va
369 3272 549 3320 ‹praedic-ta
562 3284 659 3323 sunt,
676 3275 734 3312 sed
750 3278 917 3328 operibus
931 3279 1071 3318 laudem
1088 3281 1266 3321 exhibete.

320 3333 457 3368 Athleta
477 3333 607 3385 quippe
629 3336 662 3371 in
681 3336 842 3387 palwstra
862 3349 1060 3390 exercetur,
1082 3351 1120 3380 ut
1141 3342 1175 3381 in
1193 3357 1266 3382 cci·-

1299 956 1325 987 1)

356 3481 367 3494 “
393 3477 436 3506 ὅτε
457 3486 477 3505 t'
492 3480 518 3505 ta
537 3480 614 3511 τοξῑι
631 3480 781 3516 ’,ῥ”Ιιβμω
796 3490 862 3517 ‘1‘ss
879 3477 1013 3520 quidum
1032 3481 1094 3512 Mas

1283 2335 1331 2362 4⁵2

1354 421 1443 450 σεως
1461 407 1570 458 ἔλεγε,
1582 406 1623 446 τὸ
1638 407 1801 459 ἔγκλημα
1827 410 1874 453 εἰς
1893 408 1953 446 τὸν
1980 410 2044 455 τῆς
2062 408 2195 461 φύσεως
2212 410 2378 465 δημιουρ-

1354 468 1414 519 γὸν
1447 467 1619 507 διέὸαινεν
1638 482 1646 491 ·
1673 470 1789 514 ἄλλως
1819 469 1855 509 δὲ
1889 469 1967 522 οὐχὶ
2000 469 2058 508 τὸν
2092 470 2154 509 ἕνα
2183 471 2378 523 ἕξορύττιιν

1353 530 1461 582 ἐχρῆν
1482 542 1490 550 ·
1527 528 1592 568 κᾶν
1629 530 1697 582 γὰρ
1733 533 1752 569 ὁ
1788 530 1968 584 ἀριστερὸς
2001 532 2214 585 δπολειφθῇ,
2247 532 2379 584 ὁμοίως

1353 591 1573 636 σκανδαλίζει
1594 591 1651 630 τὸν
1667 592 1807 644 ἔχοντα.
1829 592 1933 631 Ἀλλὰ
1951 593 2008 631 ἵνα
2022 593 2148 645 μάθῃς,
2167 593 2220 632 ὅτι
2238 596 2277 634 οὖ
2294 594 2377 648 περὶ

1351 651 1532 702 ὀφθαλμοῦ
1562 654 1580 690 ὁ
1601 650 1700 703 λόγος
1715 682 1726 701 ,
1759 651 1955 703 προσέθηκε
1983 653 2042 691 τὸν
2073 652 2203 701 δεξιὸν,
2222 652 2375 705 δεικνὺς,

1353 712 1431 749 (ὅτι
1451 712 1516 750 κᾶν
1546 715 1592 755 ὡς
1622 712 1728 757 δεξιὸν
1747 712 1935 765 [ὀφθαλμὸν
1960 713 2045 766 ἔχῃς
2062 714 2141 753 τινὰ
2165 714 2284 767 φίλον,
2313 716 2372 754 καὶ

1349 778 1468 813 τοῦτον
1485 773 1614 813 ἔκὸαλε
1627 804 1638 823 ,
1655 774 1715 813 καὶ
1731 775 1885 826 ἀπότεμε
1904 778 1967 822 τῆς
1985 776 2072 829 πρὸς
2093 775 2131 814 σὲ
2157 776 2294 829 φιλίας,
2313 776 2375 816 cdv

1350 851 1388 874 σε
1414 836 1644 884 σκανδαλίζῃ.
1665 836 1714 875 Τί
1745 836 1812 887 γὰρ
1841 837 1961 888 ὄφελος
1986 838 2079 890 ἔχειν
2107 837 2286 890 ὀφθαλμὸν
2315 837 2375 878 ἐπὶ

1349 897 1444 948 λύμη
1465 901 1524 936 τοῦ
1542 900 1664 936 λοιποῦ
1684 896 1848 947 σώματος
1866 913 1876 944 ;
1895 898 1957 937 Ἂν
1977 898 2040 949 μὲν
2060 891 2119 938 οὖν
2131 927 2142 945 ,
2162 897 2249 950 ὅπερ
2268 898 2371 951 ἔφην,

1351 957 1554 1009 βλάπτωσιν
1586 961 1622 997 αἱ
1653 959 1785 1011 φιλίαι,
1809 959 1990 1011 φεύγωμεν
2018 960 2077 998 καὶ
2111 961 2372 1011 ἀποπηδῶμιν·

1349 1018 1409 1057 ἐὰν
1441 1019 1476 1057 δὲ
1495 1019 1617 1070 μηδὲν
1645 1024 1740 1071 ἡμᾶς
1772 1022 1820 1064 εἷς
1841 1021 1899 1060 τὸν
1925 1024 1988 1067 τῆς
2016 1021 2191 1066 εὗσεόείας
2225 1023 2373 1062 ἀδικῶσι

1348 1080 1472 1131 λόγον,
1491 1080 1652 1131 ἕλκωμεν
1681 1081 1742 1119 καὶ
1767 1081 1999 1132 ἐπισπώμεθα
2017 1082 2103 1134 πρὸς
2122 1083 2263 1126 ἑαυτοὺς
2279 1083 2374 1122 ἐκεί-

1348 1157 1424 1184 νους
1441 1155 1449 1163 ·
1471 1144 1500 1179 εἷ
1519 1142 1554 1181 δὲ
1574 1142 1663 1192 μήτε
1680 1143 1782 1181 αὐτὸν
1802 1144 1960 1195 ὠφελεῖς,
1979 1144 2036 1182 καὶ
2056 1144 2119 1191 τὴν
2142 1147 2225 1198 παρ’
2241 1144 2374 1184 ἐκείνου

1350 1202 1434 1253 δέχῃ
1463 1203 1621 1254 βλαίὸην,
1645 1203 1810 1256 κέρδανον
1837 1203 1877 1241 τὸ
1906 1209 2023 1254 μεῖναι
2057 1204 2114 1243 διὰ
2139 1208 2202 1252 τῆς
2221 1208 2373 1254 ἐκκοπῆς

1349 1263 1493 1313 ἀσινὴς,
1523 1264 1583 1302 καὶ
1603 1267 1707 1316 φεῦγε
1735 1267 1848 1302 αὐτῶν
1872 1264 1935 1308 τὰς
1955 1265 2090 1317 φιλίας,
2111 1266 2152 1303 ἂν
2169 1266 2371 1317 βλάπτωσι·

1348 1328 1451 1375 φεῦγε
1473 1325 1596 1375 μόνον,
1624 1324 1674 1375 μὴ
1707 1324 1838 1377 μάχου,
1872 1326 1962 1376 μηδὲ
1982 1326 2142 1378 πολέμει.
2174 1326 2282 1367 Οὕτω
2312 1329 2375 1368 καὶ

1348 1385 1490 1429 Παῦλος
1520 1388 1702 1439 παραινῶν
1727 1387 1843 1438 λέγει·
1868 1388 1912 1426 Εἰ
1946 1388 2104 1438 δυνατὸν,
2125 1388 2165 1427 τὸ
2186 1388 2221 1434 ἐξ
2254 1391 2374 1441 ὑμῶν,

1347 1447 1438 1496 μετὰ
1456 1447 1598 1486 πάντων
1627 1447 1818 1501 ἀνθρώπων
1839 1449 2080 1501 εἰρηνεύοντες.
2109 1451 2238 1495 Δοῦλος
2257 1445 2289 1490 εἶ
2311 1454 2373 1490 τοῦ

1345 1512 1409 1555 τῆς
1434 1509 1574 1562 εἰρήνης
1601 1512 1708 1549 Θεοῦ·
1735 1512 1863 1554 ἐκεῖνος
1887 1510 1965 1555 τοὺς
1994 1511 2161 1562 δαίμονας
2187 1512 2373 1552 Mamm

1346 1571 1405 1609 καὶ
1443 1571 1549 1624 μυρία
1585 1572 1814 1625 ἐργαζόμενος
1843 1572 1977 1624 ἀγαθὰ,
2003 1573 2123 1621 ἐπειδὴ
2151 1574 2374 1625 δαιμονῶντα

1347 1633 1449 1672 αὐτὸν
1472 1634 1661 1682 ἐκάλεσαν,
1689 1636 1752 1673 οὐκ
1771 1636 1886 1686 ἀφ’ἧκε
1913 1635 2091 1685 σκηπτὸν,
2131 1636 2170 1674 οὗ
2191 1635 2374 1690 συνέτριψε

1346 1693 1423 1737 τοὺς
1452 1696 1709 1746 λοιδοροῦντας,
1730 1697 1768 1733 οὐ
1796 1695 1991 1734 κατέκαυσε
2020 1696 2086 1742 τὴν
2112 1697 2274 1746 γλῶτταν
2306 1695 2371 1744 τὴν

1345 1755 1455 1800 οὕτως
1494 1756 1723 1808 ἀναίσχυντον
1769 1756 1828 1795 καὶ
1865 1756 2072 1807 ἀγνώμονα,
2107 1756 2222 1796 καίτοι
2255 1757 2372 1797 πάντα

1345 1821 1455 1855 ταῦτα
1476 1817 1678 1868 δυνάμενος,
1702 1817 1781 1856 ἀλλ’
1806 1817 2048 1867 ἀπεκρούσατο
2070 1817 2134 1866 τὴν
2156 1819 2371 1871 κατηγορίαν

1346 1877 1448 1928 μόνον
1464 1878 1572 1917 εἰπών
1588 1894 1596 1902 ·
1615 1878 1711 1928 Ἰἰγὼ
1726 1878 1903 1929 δαιμόνιον
1918 1880 1979 1917 οὐκ
2000 1878 2086 1931 ἔχω,
2100 1879 2191 1918 ἀλλὰ
2206 1883 2300 1930 τιμῶ
2311 1879 2371 1919 τὸν

1344 1939 1533 1992 πέμψαντά
1554 1956 1609 1991 με.
1628 1939 1777 1987 Ἐπειδὴ
1799 1939 1834 1978 δὲ
1851 1939 1910 1978 καὶ
1926 1943 1944 1978 ὁ
1964 1941 2083 1985 δοῦλος
2099 1944 2160 1978 τοῦ
2179 1941 2371 1994 ἀρχιερέως

1345 2001 1448 2039 αὐτὸν
1466 2000 1584 2052 ἔτυψε,
1608 2001 1642 2039 τί
1662 2017 1790 2053 φησιν;
1813 2002 1856 2039 Εἰ
1875 2001 1938 2052 μὲν
1953 2004 2068 2045 κακῶς
2083 2002 2257 2050 ἐλάλησα,
2277 2017 2371 2056 μαρ-

1343 2061 1494 2115 τύρησον
1517 2062 1598 2114 περὶ
1619 2067 1679 2101 τοῦ
1702 2065 1830 2100 κακοῦ·
1849 2064 1878 2101 εἰ
1900 2062 1935 2100 δὲ
1955 2063 2090 2110 καλῶς,
2119 2062 2154 2100 τί
2173 2078 2217 2113 με
2242 2063 2372 2117 δέρεις;

1345 2124 1390 2161 Εἰ
1421 2122 1457 2161 δὲ
1490 2125 1509 2162 ὁ
1542 2123 1726 2171 Δεσπότης
1756 2127 1825 2162 τῶν
1852 2124 2011 2175 ἀγγέλων
2037 2124 2279 2175 ἀπολογεῖται,
2309 2124 2372 2163 καὶ

1345 2184 1486 2229 εὐθύνας
1501 2185 1640 2224 δίδωσιν
1660 2186 1800 2237 οἰκέτῃ,
1819 2185 1858 2223 οὗ
1877 2185 1980 2238 χρεία
1997 2185 2225 2238 μακροτέρων
2244 2185 2370 2238 λόγων.

1343 2248 1467 2285 Ταῦτα
1500 2246 1603 2297 μόνον
1624 2247 1749 2299 στρέφε
1765 2246 1810 2285 τὰ
1831 2247 1972 2299 ῥήματα
1990 2248 2025 2284 ἐν
2049 2249 2092 2297 τῇ
2122 2246 2276 2299 διανοίᾳ,
2310 2247 2372 2286 καὶ

1345 2310 1498 2361 συνεχῶς
1525 2307 1612 2347 αὐτὰ
1631 2307 1779 2359 μελέτα,
1795 2307 1855 2345 καὶ
1881 2307 1979 2359 λέγε·
2003 2308 2046 2346 Εἰ
2069 2306 2132 2358 μὲν
2152 2310 2270 2352 κακῶς
2288 2307 2371 2347 ἐλά-

1346 2371 1460 2417 λησα,
1483 2368 1707 2422 μαρτύρησον
1733 2368 1815 2421 περὶ
1833 2372 1892 2407 τοῦ
1912 2373 2042 2408 κακοῦ·
2062 2371 2091 2407 εἶ
2111 2369 2146 2408 δὲ
2166 2369 2302 2419 καλῶς,
2336 2368 2372 2408 τί

1347 2446 1390 2481 με
1413 2431 1538 2483 δέρεις,
1574 2430 1643 2469 Καὶ
1663 2431 1822 2478 ἐννόησον
1852 2431 1911 2469 τὸν
1929 2430 2076 2483 λέγοντα
2089 2460 2099 2478 ,
2118 2430 2279 2484 καὶπρὸς
2292 2430 2372 2469 τίνα

1346 2493 1446 2545 φησὶ,
1462 2492 1522 2530 καὶ
1543 2492 1634 2536 τίνος
1650 2493 1785 2540 ἕνεκεν,
1810 2492 1870 2530 καὶ
1897 2492 1996 2530 ἔσται
2014 2507 2068 2531 σοι
2085 2491 2161 2530 θεία
2177 2507 2229 2535 τις
2247 2490 2368 2544 ἐπῳδὴ

1346 2555 1405 2592 καὶ
1423 2553 1585 2601 διηνεκὴς
1603 2554 1647 2592 τὰ
1663 2553 1806 2606 ῥήματα
1820 2557 1931 2592 ταῦτα
1942 2583 1952 2601 ,
1968 2553 2027 2591 καὶ
2035 2543 2168 2592 ’πᾶσαν
2186 2553 2370 2600 δυνήσεται

1345 2615 1543 2668 φλεγμονὴν
1577 2616 1826 2653 καταστεῖλαι·
1860 2614 2020 2661 ἐννόησον
2064 2613 2104 2651 τὸ
2139 2613 2278 2664 ἀξίωμα
2310 2619 2371 2654 τοῦ

1345 2675 1578 2727 ὒὸρισθέντος,
1592 2675 1632 2713 τὸ
1646 2677 1778 2718 εὐτελὲς
1798 2677 1857 2712 τοῦ
1870 2673 2158 2726 ὓδρίσαντος,τὴν
2173 2673 2370 2727 ὓπερόολὴν

1343 2739 1405 2782 τῆς
1422 2736 1562 2788 ὖὸρεως.
1580 2736 1634 2774 Οὗ
1649 2735 1716 2787 γὰρ
1732 2735 1978 2787 ἐλοιδορήσατο
1993 2735 2208 2785 μόνον,ἀλλὰ
2224 2735 2284 2774 καὶ
2299 2735 2372 2775 itti·

1345 2812 1459 2843 πτησε
1473 2812 1480 2820 ·
1491 2797 1550 2835 καὶ
1565 2798 1626 2835 οὐκ
1642 2796 1834 2841 ἐτύπτησεν
1846 2796 1978 2841 ἁπλῶς,
1993 2795 2083 2833 ἀλλὰ
2095 2796 2154 2833 καὶ
2168 2795 2366 2848 ἒῤῥάπισσν·

1345 2858 1440 2896 οὐδὲν
1460 2857 1496 2896 δὲ
1525 2856 1654 2903 ταύτης
1686 2858 1748 2902 τῆς
1775 2857 1914 2907 πληγῆς
1932 2854 2137 2907 ἀτιμότερον
2150 2869 2158 2877 ·
2176 2857 2254 2895 ἀλλ’
2273 2855 2369 2908 ὅμως

1344 2920 1483 2958 ἅπαντα
1502 2919 1646 2969 ἤνεγκεν
1658 2947 1667 2965 ,
1687 2918 1742 2956 ἵνα
1758 2920 1797 2956 ἐκ
1813 2918 2013 2969 περιουσίας
2037 2918 2150 2969 μαὈῃς
2169 2917 2212 2956 σὺ
2232 2932 2369 2971 σωφρο·

1343 2986 1426 3019 νεῖν.
1444 2982 1571 3019 Ταῦτα
1603 2979 1777 3030 μὴμόνον
1807 2981 1952 3017 ἐνταῦῠα
1981 2981 2247 3031 φιλοσοφῶμεν,
2275 2977 2368 3017 ἀλλὰ

1343 3041 1403 3081 καὶ
1413 3043 1495 3080 ὅταν
1510 3041 1629 3093 καιρὸς
1643 3035 1664 3092 ᾖ
1677 3041 1804 3086 ,αὐτῶν
1821 3041 2106 3091 μνημονεύωμεν.
2119 3043 2135 3060 '
2150 3039 2370 3091 Ἐπῃνίσατι

1342 3103 1386 3142 τὰ
1407 3103 1596 3155 λεγόμενα,
1617 3102 1695 3141 ἀλλ’
1726 3101 1785 3140 ἐπὶ
1798 3103 1867 3138 τῶν
1887 3102 1995 3153 ἔργων
2014 3100 2206 3146 ἐπιδείξατί
2224 3116 2285 3152 μοι
2306 3099 2366 3139 τὸν

1342 3166 1496 3203 ἔπαινον.
1526 3164 1595 3203 Καὶ
1612 3163 1681 3216 γὰρ
1698 3165 1716 3201 ὁ
1737 3163 1935 3208 παλαιστὴς
1955 3165 1989 3201 ἐν
2015 3166 2058 3215 τῇ
2079 3162 2279 3214 παλαίστρα
2298 3177 2365 3213 γυ-

1343 3227 1527 3277 μνάζεται,
1551 3224 1606 3262 ἵνα
1622 3223 1681 3262 ἐπὶ
1695 3225 1763 3261 τῶν
1787 3222 1930 3275 ἀγώνων
1952 3223 2044 3275 δείξῃ
2062 3226 2124 3271 τῆς
2141 3224 2212 3262 luti
2227 3238 2366 3275 γυμνα-

1342 3287 1419 3330 σίας
1452 3286 1517 3332 τὴν
1557 3285 1728 3338 ὠφέλειαν
1742 3299 1749 3305 ·
1781 3285 1840 3322 καὶ
1881 3283 1922 3322 σὺ
1963 3284 2074 3323 τοίνυν
2111 3287 2173 3331 τῆς
2216 3286 2364 3323 ἐνταῦθα

1342 3346 1556 3397 ἀκροάσειιις,
1593 3343 1676 3382 ὅταν
1714 3344 1842 3395 luston
1870 3343 1997 3393 Ουμὸς,
2028 3342 2135 3388 δεῖξον
2168 3343 2208 3382 τὸ
2232 3343 2364 3395 κέρδος,

1391 3487 1403 3501 ”
1433 3482 1553 3527 [Sunii.
1573 3501 1615 3525 μη
1632 3493 1721 3526 μόνον
1742 3492 1927 3520 ιπινέμιιτι.
1945 3481 1951 3525 Ι
