2549 3825
444 313 500 342 DE
538 311 777 341 PETITIONE
814 309 1027 340 FILIORUM
1064 310 1173 339 ZEBE

146 394 181 431 δὲ
201 393 284 447 πρὸς
305 395 410 437 αὐτάς
429 408 435 415 “
459 394 607 440 Μήποτε
630 395 692 432 οὐκ
711 393 842 444 ἀρκέσῃ
872 395 957 442 ἡμῖν
987 392 1046 430 καὶ
1063 394 1164 442 ὑμῖν·

143 457 181 492 οὐ
210 457 290 508 περὶ
323 456 439 495 ἐλαίου
466 458 612 494 ἐνταῦθα
648 454 708 492 καὶ
744 454 851 504 πυρὸς
884 453 1114 503 διαλεγομένη
1144 454 1165 497 ἡ

143 517 267 569 Γραφὴ
282 546 292 564 ,
314 517 405 555 ἀλλὰ
422 517 502 568 περὶ
521 514 708 567 παρθενίας
724 514 784 552 καὶ
812 513 1092 564 φιλανθρωπίας,
1107 512 1168 550 καὶ

146 576 208 623 τὴν
227 577 289 627 μὲν
309 577 496 628 παρθενίαν
525 579 561 613 ἐν
590 574 687 619 τάξει
708 575 815 627 πυρὸς
829 605 839 622 ,
867 574 931 620 τὴν
965 574 1002 612 δὲ
1021 575 1168 623 ἐλεημο-

147 637 252 684 σύνην
273 641 308 676 ἐν
326 638 421 683 τάξει
451 637 567 677 ἐλαίου
597 638 736 684 τίθησι,
768 638 931 675 δεικνῦσα
962 636 1016 674 ὅτι
1035 635 1168 687 σφόδρα

146 697 257 734 δεῖται
282 697 545 749 φιλανθρωπίας
570 699 592 742 ἦ
615 695 785 748 παρθενία
801 724 811 741 ,
841 695 901 733 καὶ
928 695 1008 733 ἄνευ
1035 693 1168 738 ταύτης

147 760 302 804 σωθῆναι
321 761 381 796 οὐκ
402 757 462 795 ἔνι.
484 757 586 801 Τίνες
616 757 652 795 δὲ
685 759 716 795 οἱ
741 757 781 794 τὸ
808 755 923 794 ἔλαιον
957 758 1058 793 τοῦτο
1088 769 1167 791 πω-

146 819 305 866 λοῦντες;
337 821 370 857 Τ
375 819 440 862 ίνες
475 819 574 856 ἄλλοι
607 819 686 855 ἀλλ’
715 817 738 863 ἢ
773 820 804 855 οἳ
838 816 1007 861 πένητες;
1039 815 1078 850 οὐ
1098 813 1168 864 γὰρ

146 879 367 929 λαμὸάνουσι
395 880 528 930 μᾶλλον
558 878 580 924 ἢ
614 878 759 916 διδόασι.
794 877 856 922 Μὴ
887 876 928 921 δὴ
958 875 1077 924 νόμιζε
1102 873 1166 919 τὴν

147 939 382 990 ἐλεημοσύνην
408 940 579 989 ἀνάλωμα
599 932 709 984 εἶναι,
745 937 835 975 ἀλλὰ
866 936 1059 988 πρόσοδον,
1079 935 1168 985 μηδὲ

148 1001 305 1047 δαπάνην
321 1031 331 1047 ,
346 1000 438 1038 ἀλλὰ
458 999 702 1050 πραγματείαν
717 1013 724 1020 ·
749 1001 763 1017 ³
778 998 919 1046 μείζονα
939 996 1008 1049 γὰρ
1026 996 1169 1047 λαμὲά-

146 1075 215 1103 νεις
228 1059 252 1106 ἢ
271 1061 383 1104 δίδως.
403 1060 516 1103 Δίδως
534 1060 638 1111 ἄρτον
653 1090 662 1107 ,
680 1060 740 1097 καὶ
755 1058 948 1109 λαμὸάνεις
967 1058 1058 1104 ζωὴν
1079 1058 1170 1096 αἰώ-

146 1136 217 1159 νιον
230 1135 237 1143 ·
255 1121 356 1164 δίδως
387 1121 545 1170 ἱμάτιον,
570 1121 630 1159 καὶ
650 1119 842 1171 λαμὸάνεις
858 1118 1052 1172 ἀφθαρσίας
1072 1134 1172 1171 περι-

147 1181 311 1220 ἕόλαιον·
347 1182 448 1226 δίδως
482 1182 666 1221 κοινωνίαν
707 1180 857 1231 στέγης,
889 1181 948 1218 καὶ
977 1180 1171 1230 λαμὸάνεις

149 1243 329 1293 βασιλείαν
362 1245 517 1295 οὐρανῶν
535 1260 542 1267 ·
563 1243 730 1295 παρέχεις
751 1243 795 1280 τὰ
826 1242 1071 1292 ἀπολλύμενα,
1111 1247 1171 1283 καὶ

148 1303 234 1356 δέχῃ
268 1304 312 1342 τὰ
342 1305 510 1351 διηνεκῶς
543 1305 703 1354 μένοντα.
737 1304 806 1342 Καὶ
840 1306 915 1347 πῶς
942 1303 982 1340 ἂν
1019 1303 1171 1352 δύναμαι

148 1365 277 1409 ἐλεεῖν,
299 1364 424 1412 πένης,
443 1365 559 1416 φησὶν,
573 1364 642 1412 ὤν;
668 1364 836 1403 Μάλιστα
865 1364 947 1401 ὅταν
979 1363 1086 1409 πένης
1105 1357 1169 1413 ἧς,

147 1425 226 1463 τότε
257 1425 402 1464 δύνασαι
433 1428 551 1464 ἐλεεῖν.
576 1425 622 1464 ‘O
661 1425 722 1475 μὲν
745 1425 812 1476 γὰρ
845 1426 1003 1462 πλουτῶν
1037 1423 1171 1474 μεθύων

149 1488 190 1536 τῇ
213 1486 395 1538 περιουσία
425 1488 495 1523 τῶν
519 1485 732 1537 χρημάτων,
753 1485 813 1522 καὶ
833 1483 980 1535 πυρετὸν
1001 1483 1172 1535 χαλεπώ-

149 1562 252 1584 τατον
271 1547 466 1599 πυρέττων,
483 1547 542 1584 καὶ
561 1546 749 1597 ἀκόρεστον
768 1545 859 1597 ἔχων
874 1545 987 1597 ἔρωτα
999 1574 1008 1590 ,
1024 1544 1170 1581 πλείονα

147 1612 259 1646 ποιεῖν
278 1607 322 1646 τὰ
343 1610 425 1645 ὄντα
452 1607 613 1658 βούλεται
628 1620 636 1627 ·
655 1610 673 1644 ὃ
690 1607 724 1645 δὲ
741 1606 848 1652 πένης
866 1606 994 1652 ταύτης
1010 1607 1172 1652 ἀπηλλα-

148 1668 274 1718 γμένος
300 1671 362 1714 τῆς
393 1668 514 1716 νόσου,
542 1669 602 1706 καὶ
630 1671 693 1714 τ”ῆς
724 1667 921 1721 ἀρρωστίας
954 1666 1170 1717 καθαρεύων,

148 1728 384 1781 εὐκολώτερον
413 1731 453 1767 ἐκ
476 1731 545 1766 τῶν
578 1728 688 1766 ὄντων
717 1728 922 1780 προήσεται.
944 1729 997 1765 Οὐ
1029 1726 1096 1778 γὰρ
1128 1726 1172 1764 τὰ

149 1789 262 1841 μέτρα
290 1793 354 1836 τῆς
373 1790 505 1836 οὐσίας,
526 1790 616 1826 ἀλλὰ
649 1788 693 1826 τὰ
724 1788 837 1839 μέτρα
866 1791 928 1835 τῆς
943 1787 1086 1840 γνώμης
1107 1787 1170 1834 τὴν

147 1850 385 1900 ἐλεημοσύνην
406 1850 613 1903 ἐργάζεσθαι
632 1850 784 1903 πέφυκεν
801 1863 807 1870 ·
841 1850 918 1888 ἐπεὶ
951 1849 1011 1887 καὶ
1030 1851 1052 1894 ἡ
1075 1849 1170 1901 χήρα

147 1911 262 1959 ἐκείνη
294 1912 372 1950 τότε
403 1912 461 1950 δύο
497 1911 689 1950 κατέὸαλεν
729 1910 889 1959 ὀὸολοὺς,
925 1910 984 1948 καὶ
1024 1909 1102 1953 τοὺς
1120 1913 1170 1963 τῷ

147 1973 287 2026 πλούτῳ
318 1976 501 2023 κομῶντας
526 1972 798 2024 ὑπερηκόντισε,
822 1972 881 2010 καὶ
899 1976 920 2018 ἡ
955 1971 1056 2023 ἑτέρα
1075 1970 1170 2023 χήρα

147 2037 182 2072 ἐν
205 2035 306 2086 δρακὶ
335 2033 482 2086 ἀλεύρου
510 2034 570 2072 καὶ
601 2034 708 2086 ὀλίγῳ
736 2033 842 2086 ἐλαίῳ
860 2034 926 2080 τὴν
945 2033 1168 2084 οὐρανομήκη

146 2095 261 2148 ψυχὴν
281 2095 415 2141 ἐκείνην
435 2095 671 2148 ἐξενοδόχησε,
685 2095 744 2133 καὶ
759 2097 904 2147 οὐδεμιᾷ
919 2094 1051 2133 τούτων
1067 2094 1168 2146 γέγο-

147 2173 201 2195 νεν
221 2161 242 2204 ἡ
263 2157 366 2196 πενία
385 2157 546 2207 κώλυμα.
574 2156 634 2203 Μὴ
656 2156 698 2203 δὴ
714 2156 929 2208 προφασίζου
946 2155 1094 2207 περιττὰ
1111 2155 1169 2193 καὶ

148 2218 298 2265 ἀνόνητα
315 2234 322 2242 ·
343 2221 380 2257 οὐ
400 2219 468 2271 γὰρ
486 2217 688 2270 περιουσίαν
715 2220 876 2269 εἰσφορᾶς
897 2220 1040 2256 ἀπαιτεῖ
1055 2247 1065 2264 ,
1080 2217 1170 2254 ἀλλὰ

147 2279 296 2317 πλοῦτον
319 2280 567 2332 προαιρέσεως·
592 2277 608 2298 ¹³
623 2278 658 2321 ὃς
685 2281 745 2316 οὔκ
773 2279 842 2317 ἀπὸ
866 2283 924 2317 τοῦ
947 2279 1074 2329 με’τρου
1102 2281 1170 2316 τῶν

147 2339 352 2389 δεδομένων,
371 2341 446 2378 ἀλλ’
478 2339 547 2377 ἀπὸ
576 2341 640 2384 τῆς
666 2339 862 2391 προθυμίας
901 2340 970 2376 τῶν
1003 2337 1172 2390 παρεχόν-

147 2416 215 2437 των
253 2400 441 2439 δείκνυται.
479 2400 594 2446 Πένης
627 2393 676 2448 εἷ,
704 2400 764 2438 καὶ
797 2401 938 2438 πάντων
978 2399 1170 2451 ἀνθρώπων

147 2460 371 2512 πενέστερος;
391 2463 467 2500 ἀλλ’
501 2463 563 2499 οὐκ
591 2455 622 2498 εἷ
650 2464 712 2507 τῆς
731 2461 844 2513 χήρας
866 2461 998 2508 ἐκείνης
1025 2461 1169 2513 πτωχό-

147 2538 264 2575 τερος,
281 2522 303 2568 ἣ
324 2522 402 2566 τοὺς
421 2524 655 2566 πλουτοῦντας
681 2523 720 2560 ἐκ
753 2524 882 2560 πολλοῦ
911 2525 970 2559 τοῦ
991 2521 1170 2572 περιόντος

147 2583 430 2635 ὑπερηκόντισεν.
455 2583 558 2621 Ἀλλὰ
583 2583 643 2621 καὶ
666 2584 771 2628 αὐτῆς
803 2585 943 2635 ἀπορεῖς
977 2584 1039 2627 τ’ἧς
1058 2585 1168 2634 ἀναγ-

147 2643 249 2687 καίας
264 2648 410 2696 τροφῆς
426 2645 503 2681 ἀλλ’
524 2646 585 2682 οὐκ
602 2638 633 2682 εἷ
649 2647 711 2690 τῆς
732 2645 904 2687 Σιδωνίας
926 2643 1147 2695 ἀπορώτερος
1158 2674 1168 2690 ,

146 2704 168 2750 ἢ
188 2704 274 2756 πρὸς
301 2706 402 2743 αὐτὸν
428 2706 573 2744 ἐλθοῦσα
591 2710 650 2744 τοῦ
676 2707 787 2755 λιμοῦ
807 2706 864 2743 τὸν
895 2705 1077 2755 πυθμένα,
1109 2709 1169 2743 τοῦ

148 2766 294 2804 θανάτου
330 2766 621 2818 προσδοκωμένου
655 2767 796 2815 λοιπὸν,
818 2766 877 2805 καὶ
905 2770 1010 2818 χοροῦ
1033 2766 1166 2804 παίδων

147 2829 398 2878 περιεστῶτος,
423 2827 499 2866 οὐδὲ
529 2828 636 2872 οὕτως
657 2828 819 2880 ἐφείσατο
836 2831 904 2866 τῶν
924 2828 1046 2875 ὄντων,
1078 2827 1168 2866 ἀλλὰ

148 2887 204 2926 διὰ
252 2891 314 2935 τῆς
369 2890 620 2939 ε’πιτεταμένης
670 2889 790 2933 πενίας
840 2892 988 2928 πλοῦτον
1036 2890 1168 2941 ἄφατον

147 2949 317 2999 ἐπρίατο,
339 2949 456 2988 ἅλωνα
487 2951 551 2996 τὴν
588 2957 690 3003 χεῖρα
721 2952 781 2990 καὶ
816 2952 919 2997 ληνὸν
952 2950 1014 2997 τὴν
1049 2951 1167 3003 ὑδρίαν

148 3010 389 3062 ἐργασαμένη,
411 3010 443 3055 ἐξ
468 3011 592 3064 ὀλίγων
616 3013 730 3052 πολλὰ
747 3013 916 3062 πηγάζειν
943 3013 1166 3065 παρασκευά-

148 3086 251 3109 σασα.
269 3071 361 3110 ’Λλλ’
379 3073 436 3111 ἐπὶ
458 3073 498 3111 τὸ
516 3074 745 3125 προκείμενον
766 3079 778 3094 ⁶
795 3075 915 3124 ἴωμεν,
937 3074 992 3111 ἰ’να
1014 3074 1063 3123 μὴ
1083 3089 1166 3111 συν-

148 3137 238 3183 εχεῖς
251 3131 313 3176 τὰς
325 3134 571 3185 παρεκτροπὰς
587 3134 936 3185 ποιώμεθα.’1·ζπειδὴ
953 3129 1008 3172 οὖν
1025 3134 1166 3184 ἔμελλεν

148 3194 166 3227 δ
185 3193 328 3244 νυμφίος
347 3193 532 3246 ἔρχεσθαι,
553 3200 662 3234 ταῦτα
692 3195 777 3248 πρὸς
804 3196 959 3241 ἀλλήλας
980 3198 1014 3233 αἱ
1033 3196 1166 3248 παρθέ-

151 3267 202 3290 νοι
239 3254 444 3304 διελέγοντο.
483 3255 637 3294 Ἰἐκιῐναι
673 3257 706 3295 δὲ
740 3257 825 3307 πρὸς
856 3256 933 3300 τοὺς
968 3259 1169 3298 mamona<

197 3348 209 3362 ⁶
234 3339 385 3378 Quattuor
400 3341 474 3375 Mes.
493 3348 587 3384 μείζω
601 3350 670 3389 γὰρ.

200 3390 215 3413 ¹³
241 3390 374 3433 Aliquot
396 3393 472 3426 Mas.
493 3399 521 3432 6,·
538 3399 587 3428 οὐκ
618 3403 675 3430 ἀπὸ
699 3411 748 3428 rm
771 3400 838 3438 μὲι,
853 3410 883 3427 oa
908 3405 963 3428 ram
981 3398 1154 3437 ὂιῦομῐνων,

155 3446 224 3474 ulh'
241 3447 300 3476 ἀπὸ
317 3452 365 3480 τῆς
384 3450 640 3488 np000ss5251.72.
661 3445 1035 3492 sautans·[lwssvl'stl'ff
1055 3462 1141 3491 ”sau

193 3504 204 3517 ⁰
232 3494 322 3526 Ilium
339 3501 514 3539 «παυίωμιν,

2093 293 2177 340 631

1237 392 1416 444 sufficiat
1442 394 1551 430 nobis
1574 401 1610 430 et
1637 395 1769 430 vobis.
1791 393 1872 430 Non
1895 391 1940 429 de
1961 391 2037 430 oleo
2056 400 2089 429 et
2109 392 2190 444 igne

1237 451 1379 490 disserit
1405 452 1472 490 hoc
1498 452 1576 490 loco
1603 454 1803 505 Scriptura,
1827 452 1890 491 sed
1915 452 1961 491 de
1985 453 2192 504 virginitate

1238 522 1345 563 atque
1359 513 1582 551 humanitate
1599 529 1607 550 ε
1627 527 1668 551 ac
1681 514 1923 565 virginitatem
1938 514 2083 565 quidem
2098 514 2191 566 ignis

1238 572 1314 610 loco
1330 573 1448 618 habet,
1468 574 1729 626 eleemosynam
1749 583 1868 612 autem
1885 575 1953 612 olei
1968 575 2058 624 loco,
2076 576 2191 627 signi-

1239 633 1392 684 ficatque
1408 634 1654 685 virginitatem
1673 634 1895 673 humanitate
1913 636 2068 675 multum
2089 636 2191 674 indi-

1241 706 1342 743 gere,
1366 707 1479 744 neque
1497 694 1604 732 licere
1624 694 1757 745 absque
1775 695 1838 732 illa
1861 696 2008 733 salvari.
2033 697 2191 745 Quinam

1240 763 1358 792 autem
1378 755 1431 792 illi
1454 763 1536 792 sunt
1554 755 1618 804 qui
1638 755 1757 792 oleum
1773 756 1871 794 istud
1888 757 2046 794 vendunt
2063 758 2080 794 3³
2104 758 2193 806 Qui-

1241 828 1323 852 nam
1359 814 1423 851 alii
1451 814 1521 852 nisi
1547 816 1755 866 pauperes?
1793 829 1863 853 non
1890 817 1985 853 enim
2013 817 2193 869 accipiunt

1179 902 1226 926 5¹6
1241 876 1374 926 potius,
1392 889 1500 925 quam
1515 874 1617 914 dant.
1636 876 1688 913 Ne
1703 875 1827 926 utique
1841 890 1984 915 censeas
2002 877 2194 930 eleemosy-

1191 939 1216 967 Α
1240 949 1321 972 nam
1350 937 1548 987 impensam
1580 949 1669 982 esse,
1705 935 1767 974 sed
1805 946 2039 988 proventum3
2080 951 2194 989 neque

1241 1005 1398 1034 sumtum
1423 1025 1433 1044 ‚
1465 995 1528 1034 sed
1555 996 1698 1034 lucrum
1730 1013 1737 1033 :
1771 996 1907 1049 majora
1941 999 2077 1050 quippe
2107 999 2196 1037 reci·

1242 1058 1316 1109 pis,
1352 1071 1459 1108 quam
1484 1057 1548 1096 das
1573 1056 1666 1095 :das
1693 1071 1843 1109 panem,
1874 1067 1909 1096 et
1935 1059 2066 1111 recipis
2085 1059 2196 1097 vitam

1242 1127 1428 1166 aeternam3
1448 1117 1514 1155 das
1536 1126 1690 1167 vestem,
1711 1127 1744 1156 et
1763 1118 2043 1157 immortalitatis
2070 1121 2199 1173 recipis

1243 1178 1515 1227 indumentum;
1530 1178 1594 1216 das
1608 1179 1690 1217 tecti
1706 1181 2007 1226 communionem,
2023 1190 2056 1219 et
2072 1182 2200 1233 recipis

1244 1254 1395 1289 regnum
1410 1240 1577 1279 caelorum
1589 1256 1600 1290 ;
1628 1241 1764 1293 praebes
1784 1255 1863 1291 quae
1883 1251 2046 1294 pereunt,
2066 1253 2099 1281 et
2118 1256 2198 1294 quae

1245 1311 1415 1354 perpetuo
1430 1312 1636 1354 permanent
1657 1302 1801 1354 accipis.
1819 1306 1864 1340 At
1883 1304 1978 1342 enim
2004 1318 2076 1355 quo
2095 1314 2200 1357 pacto

1246 1377 1389 1414 possum
1423 1363 1682 1416 eleemosynam
1717 1365 1895 1417 impertiri
1910 1396 1920 1414 ,
1953 1381 2033 1404 cum
2064 1382 2201 1419 pauper

1244 1426 1311 1462 sim
1327 1425 1344 1462 Ξ)
1363 1425 1458 1463 dicet
1481 1424 1623 1476 aliquis.
1652 1426 1813 1464 Maxime
1834 1441 1933 1475 vero,
1958 1441 2038 1465 cum
2065 1443 2202 1482 pauper

1244 1499 1292 1532 es,
1311 1494 1386 1523 tum
1410 1494 1510 1538 potes
1529 1486 1786 1538 eleemosynam
1816 1487 2006 1539 impertiri.
2029 1490 2121 1527 Nam
2139 1490 2201 1528 ille

1244 1545 1404 1596 quidem,
1424 1546 1487 1597 qui
1506 1546 1606 1585 dives
1625 1556 1688 1593 est,
1705 1548 1940 1599 pecuniarum
1958 1550 2061 1602 copia
2081 1559 2196 1588 temu-

1244 1606 1359 1644 lentus
1373 1638 1382 1655 ‚
1402 1608 1612 1658 gravissima
1633 1608 1722 1645 febri
1750 1619 1950 1662 correptus,
1973 1611 2198 1651 insaturabili

1243 1681 1364 1705 amore
1384 1667 1527 1716 ductus,
1545 1669 1705 1706 fortunas
1724 1683 1852 1720 augere
1866 1672 1945 1708 vult
1962 1686 2120 1724 :pauper
2130 1687 2197 1711 au-

1179 309 1287 350 Dm,
1326 310 1504 340 CONTRA
1544 309 1781 340 ANOMOEOS
1819 310 1919 340 vm.

2254 1691 2292 1719 In
2322 1691 2404 1720 elee-

1195 1739 1217 1768 B
1243 1737 1313 1766 tem
1336 1729 1381 1766 ab
1404 1730 1472 1767 hoc
1497 1730 1621 1768 morbo
1644 1731 1734 1768 liber
1753 1741 1785 1770 et
1805 1733 2029 1784 aegritudinis
2048 1749 2194 1788 expers,
2214 1743 2333 1771 m⁰⁵5⁰²
2343 1744 2401 1760 '²⁰¹²

2212 1776 2286 1802 doni
2336 1785 2401 1802 ma-

1243 1790 1386 1828 facilius
1411 1805 1456 1828 ex
1479 1791 1583 1829 bonis
1609 1792 1682 1829 suis
1702 1792 1886 1844 largietur.
1916 1796 1995 1833 Non
2017 1797 2111 1834 enim
2132 1812 2197 1850 pro
2212 1816 2402 1853 gniiudo,sed

1243 1850 1452 1890 substantia:
1474 1866 1661 1901 mensura,
1683 1853 1744 1891 sed
1765 1868 1829 1905 pro
1854 1855 1964 1893 animi
1988 1858 2198 1910 consiliique
2212 1859 2309 1885 ‘¹²⁰¹'¹⁵
2337 1859 2404 1884 ²¹¹³·

1243 1926 1408 1950 mensura
1439 1913 1528 1951 solet
1562 1914 1794 1967 eleemosynae
1820 1916 1948 1954 modus
1975 1920 2159 1969 praescribi
2183 1937 2190 1944 ·

2214 1909 2277 1926 mus
2291 1907 2403 1936 specta-

2183 1951 2190 1958 ·
2212 1947 2270 1968 tur.

1241 1973 1535 2026 quandoquidem
1562 1984 1598 2013 et
1622 1975 1682 2013 illa
1717 1975 1821 2015 vidua
1852 1986 1928 2015 tum
1950 1978 2041 2017 duos
2072 1980 2196 2020 obolos
2212 1999 2313 2027 nam
2333 2007 2380 2027 η,

1241 2035 1356 2083 misit,
1376 2045 1409 2074 et
1430 2036 1513 2074 illos
1537 2038 1599 2087 qui
1622 2037 1751 2089 opibus
1772 2039 2070 2078 circumfluebant
2089 2055 2197 2094 supe-
2211 2041 2263 2077 4²-

1239 2097 1334 2134 ravit
1355 2112 1362 2133 :
1391 2106 1425 2135 et
1448 2097 1558 2135 altera
1582 2098 1693 2136 vidua
1713 2113 1795 2137 cum
1817 2100 1940 2138 farinae
1960 2103 2140 2153 pugillum
2160 2114 2195 2142 et

1241 2158 1309 2194 olei
1331 2158 1518 2209 paululum
1539 2159 1697 2207 baberet,
1713 2161 1868 2199 animam
1885 2162 1986 2201 illam
2006 2164 2052 2202 ad
2071 2165 2195 2204 caelum

1243 2219 1500 2270 pertingentem
1516 2219 1674 2272 hospitio
1693 2223 1847 2273 excepit,
1864 2232 1897 2260 et
1912 2225 2026 2263 neutri
2048 2226 2196 2264 istarum

1243 2290 1377 2329 egestas
1395 2280 1650 2332 impedimento
1668 2282 1746 2319 fuit.
1761 2283 1843 2320 Noli
1859 2285 1982 2335 utique
1998 2289 2195 2339 superfluas

1194 2347 1218 2377 C
1243 2350 1275 2378 et
1296 2341 1438 2379 inutiles
1452 2344 1698 2380 excusationes
1715 2344 1840 2382 afferre
1860 2361 1868 2382 :
1886 2359 1954 2384 non
1975 2348 2069 2385 enim
2085 2350 2195 2387 colla-

1244 2401 1349 2438 tionis
1372 2401 1628 2440 abundantiam
1646 2432 1656 2449 ,
1675 2402 1736 2440 sed
1763 2404 1908 2442 divitias
1929 2408 2122 2446 voluntatis
2139 2425 2194 2448 re-

1241 2462 1351 2512 quirit
1370 2476 1470 2512 3quae
1487 2476 1554 2500 non
1571 2476 1614 2500 ex
1628 2477 1750 2501 eorum
1770 2478 1932 2502 mensura
1952 2481 2029 2517 qua:
2046 2469 2193 2514 dautur,

1240 2522 1298 2559 sed
1320 2536 1364 2560 cx
1383 2536 1504 2560 eorum
1535 2524 1717 2575 proposito
1743 2524 1803 2574 qui
1831 2525 2048 2576 largiuntur,
2069 2540 2189 2568 osteu-

1239 2584 1347 2621 ditur.
1367 2585 1503 2635 Pauper
1518 2598 1566 2630 es,
1586 2594 1618 2620 et
1643 2585 1804 2622 omnium
1821 2588 2024 2626 mortalium
2041 2604 2190 2643 pauper—

1241 2644 1384 2682 rimus?
1406 2654 1440 2682 at
1470 2645 1531 2682 illa
1562 2644 1669 2682 vidua
1694 2660 1760 2682 uon
1792 2649 1966 2697 egentior.
1995 2665 2073 2700 quae
2094 2651 2189 2690 divi-

1242 2715 1292 2743 tes
1312 2706 1416 2757 longo
1434 2705 1622 2743 intervallo
1642 2716 1834 2757 superavit.
1855 2708 1923 2746 sed
1944 2708 2018 2760 ipsa
2041 2711 2103 2750 tibi
2128 2727 2186 2751 ne-

1240 2767 1389 2805 cessaria
1411 2767 1538 2804 desunt
1570 2767 1766 2804 alimenta?
1799 2777 1832 2804 at
1863 2769 2010 2807 Sidonia
2039 2773 2189 2812 muliere

1239 2829 1431 2881 pauperior
1447 2842 1514 2865 nou
1530 2842 1580 2872 es,
1594 2842 1672 2878 quae
1693 2843 1772 2866 euin
1789 2829 1832 2866 aul
1855 2830 1970 2881 ipsum
1988 2833 2092 2871 samis
2104 2835 2184 2873 sun-

1238 2890 1325 2928 duiu
1349 2889 1570 2935 devenisset,
1591 2904 1671 2927 cuin
1693 2889 1859 2943 deinceps
1882 2902 2030 2932 mortem
2059 2910 2186 2949 exsp&

1192 2962 1216 2992 ι)
1239 2960 1362 2996 etan-et,
1384 2964 1532 3001 eamque
1553 2950 1656 2988 turha
1671 2951 1941 2991 circumsisimt
1959 2955 2191 3006 lilioruui,ne

1239 3013 1290 3051 sie
1311 3010 1455 3061 quidem
1482 3011 1709 3049 tiu-uttauibns
1731 3013 1804 3048 suis
1833 3015 2021 3065 perpercit,
2046 3017 2106 3056 sed
2127 3033 2189 3070 per

1240 3087 1415 3110 stuuuiaui
1454 3072 1552 3109 illam
1591 3082 1777 3122 egestatem
1820 3074 2007 3113 imme-usas.
2040 3077 2189 3118 divitias

1240 3132 1473 3185 υυιιψιιιηινὴ,
1497 3142 1530 3170 et
1557 3146 1701 3170 iii-‘tuum
1728 3147 1827 3170 suam
1857 3150 1989 3184 art-aiu,
2020 3137 2188 3190 hydriam

1242 3209 1325 3231 vei-o
1342 3194 1495 3231 torcular
1512 3192 1681 3234 reddidit,
1700 3203 1805 3243 atque
1824 3204 1860 3232 ut
1876 3209 1919 3234 rx
1939 3199 2060 3248 paucis
2077 3201 2188 3240 inulta

1243 3254 1450 3291 scaturirent
1477 3254 1605 3290 effecit.
1633 3254 1703 3291 snt
1737 3254 1782 3292 ad
1813 3258 2033 3308 pnqmsitum
2062 3261 2189 3300 mica-

1189 3354 1294 3386 ρίοεω,
1310 3353 1317 3360 ·
1360 3347 1384 3372 ἰι
1404 3348 1461 3375 εἰη)
1482 3357 1494 3374 τ
1527 3360 1561 3383 μ-
1584 3355 1640 3375 tm
1655 3345 1830 3382 ὃιιῖομινων,
1851 3352 1879 3377 d.
1902 3352 1931 3377 d.
1959 3355 2007 3385 tf..-
2030 3355 2194 3391 ῃὲορῑῃω,

1194 3410 1219 3428 τ.
1250 3409 1278 3427 π.
1309 3398 1468 3426 ζιιινοσθιι
1501 3395 1832 3438 nt†.=1:u.Rcc‹·ptuttt
1862 3399 2061 3440 scripturum
2096 3401 2192 3435 habet

1191 3448 1288 3478 etium
1304 3447 1378 3476 Sui.
1401 3448 1406 3486 ζ
