2513 3871
750 279 769 302 ἢ

749 301 787 310 ιη

324 265 414 321 584

320 375 468 400 uxorem
502 374 604 400 nemo
638 375 657 399 e
693 361 766 400 laesi
799 362 966 400 manibus
997 361 1127 414 eripiat
1142 391 1154 409 ,
1169 350 1276 413 'quin

318 422 414 473 leges
443 421 659 474 opitulantes
688 431 812 460 nactus
841 422 1005 460 omnium
1037 421 1105 459 sibi
1135 420 1277 459 carissi-

322 495 417 520 mam
439 482 474 520 in
489 481 670 535 judicium
689 482 881 521 adductam
907 481 1086 521 trucidet:
1109 490 1277 521 caeterum

319 543 378 581 vir
396 543 515 594 legum
535 557 656 596 poenas
674 544 816 595 effugit,
829 543 977 583 sublimi
994 557 1035 582 ac
1046 542 1182 582 divinae
1194 557 1277 582 sen-

319 604 438 642 tentiae
450 606 771 644 servatus.Verum
793 605 829 643 id
849 605 893 643 acl
908 606 1046 644 misera!
1061 605 1278 645 consolatio·
1302 610 1326 641 E

317 678 400 704 nem
417 679 486 704 non
504 666 638 704 sufficit
652 681 662 713 ς
678 666 741 705 sed
761 681 899 705 necesse
923 675 975 705 est
991 665 1134 718 longam
1153 680 1275 718 quam-

317 726 402 766 dam
420 740 462 765 ac
482 726 720 766 miserandam
741 737 890 766 mortem
912 727 1033 766 subire
1046 757 1054 773 ‚
1073 741 1138 781 pei·
1158 727 1275 766 incan-

317 797 472 827 tamenta
489 797 595 839 atque
611 789 779 828 veneficia
795 819 805 834 ,
823 803 901 841 quae
920 788 1092 828 adultera:
1111 789 1275 827 mulieres

321 858 522 903 praeparant
540 865 548 885 :
571 849 749 902 pleraeque
766 852 875 889 etiam
896 864 959 889 nec
979 849 1121 888 insidiis
1153 850 1188 887 in
1218 863 1277 887 eas

321 924 413 962 quas
434 910 606 949 lacessant
621 925 713 963 opus
728 910 933 950 habuerunt
947 941 957 960 ,
983 910 1043 949 sed
1065 910 1135 948 inae
1153 924 1276 948 moero-

320 971 372 1010 ris
390 971 610 1011 vehementia
628 972 728 1024 prius
741 973 923 1011 exstincta:
937 1003 946 1012 .
973 973 1067 1026 ipsas
1088 981 1275 1025 praeverte-

319 1041 415 1070 runt.
437 1033 489 1070 lta
523 1041 560 1070 ut
593 1035 825 1084 quantumvis
850 1034 919 1073 viri
943 1048 1065 1072 omnes
1084 1032 1128 1071 ad
1151 1033 1277 1071 matri-

318 1093 480 1132 monium
498 1093 735 1139 confluerent,
756 1094 898 1133 seminis
921 1094 959 1133 id
975 1109 1044 1133 non
1073 1095 1118 1133 sit
1151 1108 1273 1146 perse·
1290 1126 1338 1153 ³¹4

319 1154 516 1205 quendum.
536 1156 627 1193 Nam
648 1168 711 1193 nec
728 1156 840 1193 inesse
856 1156 891 1193 in
909 1170 945 1194 se
962 1165 1094 1193 tantam
1112 1154 1275 1192 libidinis
1303 1166 1327 1193 Α

321 1214 565 1266 impotentiam
586 1224 731 1267 possunt
751 1215 871 1253 dicere
888 1246 898 1264 ,
915 1224 948 1253 et
966 1215 1134 1253 dolorum
1153 1214 1213 1266 qui
1230 1228 1275 1252 ex

321 1288 364 1313 eo
406 1274 633 1327 impendeant
669 1276 751 1328 plus
792 1276 940 1328 capiunt
961 1291 972 1315 ε
998 1274 1095 1326 quod
1128 1274 1276 1326 quidem

314 1335 390 1387 jam
408 1343 459 1372 est
478 1349 498 1372 a
518 1334 619 1373 nobis
638 1334 934 1376 demonstratum.
951 1335 1052 1385 Quid
1069 1335 1194 1387 igitur,
1218 1335 1276 1373 in-

318 1396 411 1448 quit,
424 1395 461 1434 id
481 1396 517 1434 iu
534 1397 631 1434 omni
651 1397 879 1436 matrimonio
891 1398 1055 1436 est?Nec
1074 1411 1160 1435 vero
1179 1396 1278 1434 abest

319 1457 367 1495 ab
397 1457 494 1496 omni
515 1473 524 1494 ε
545 1467 712 1496 caeterum
739 1459 786 1497 ab
809 1458 906 1497 omni
939 1457 1145 1512 virginitate
1174 1457 1278 1508 longe

317 1527 424 1570 atquo
441 1518 567 1571 procul
585 1527 648 1558 est.
670 1522 719 1558 Ac
736 1529 846 1572 nupta
868 1520 951 1558 licet
981 1519 1017 1558 in
1050 1519 1186 1557 malum
1207 1532 1276 1556 non

319 1578 473 1625 incidat,
492 1588 528 1617 at
549 1580 584 1618 in
604 1580 688 1618 mali
708 1590 843 1619 metum
861 1581 1013 1620 incidet:
1036 1594 1149 1633 neque
1180 1579 1278 1618 enim

319 1649 460 1693 potest,
476 1641 534 1680 cui
562 1655 645 1679 cum
668 1641 750 1681 viro
783 1641 1086 1681 consuescendum
1119 1641 1186 1688 sit,
1207 1654 1276 1679 non

320 1715 391 1740 una
410 1715 493 1740 cum
506 1703 761 1741 consuetudine
779 1703 873 1742 mala
883 1703 1001 1742 omnia
1015 1716 1135 1742 secum
1151 1711 1278 1755 putare

319 1777 362 1802 ac
379 1772 534 1802 metuere
550 1779 559 1801 z
575 1764 680 1817 virgo
697 1773 816 1803 autem
835 1779 904 1803 non
925 1765 1040 1804 solum
1053 1779 1073 1803 a
1087 1763 1275 1810 molestiis,

319 1823 382 1863 sed
400 1824 508 1863 etiam
528 1839 548 1863 a
567 1825 771 1878 suspicione
786 1826 896 1865 libera
913 1835 977 1865 est.
994 1829 1036 1864 At
1056 1826 1123 1864 hoc
1139 1839 1208 1864 non
1225 1833 1277 1863 est

321 1885 358 1924 in
385 1885 481 1924 omni
512 1886 752 1925 matrimonio.
786 1888 865 1926 Non
899 1887 1065 1939 equidem
1094 1886 1131 1925 id
1162 1886 1245 1926 dico
1267 1916 1276 1935 ,

321 1945 384 1984 sed
405 1947 571 1998 quamvis
589 1946 627 1985 id
647 1960 715 1985 non
736 1947 840 1995 insit,
853 1947 923 1987 alia
943 1948 1062 1986 insunt
1082 1949 1216 1996 multa,
1237 1961 1278 1986 ac

321 2007 404 2047 lieet
420 2007 481 2045 illa
499 2007 670 2057 effugias,
689 2009 807 2047 omnia
823 2009 928 2062 plane
944 2010 1100 2061 effugere
1114 2023 1182 2048 non
1202 2024 1280 2062 pos-

322 2068 371 2107 sis
387 2084 397 2115 ;
426 2067 489 2106 sed
520 2068 620 2107 velut
655 2069 690 2108 in
727 2070 887 2108 sentibus
903 2101 914 2118 ‚
948 2086 1027 2123 qua:
1059 2071 1279 2110 vestimentis

320 2129 550 2175 adhaereant,
583 2130 644 2181 qui
679 2145 798 2183 sepem
831 2132 1074 2180 transcendit,
1093 2131 1139 2170 ad
1172 2146 1278 2170 unam

319 2190 542 2229 evellendam
570 2205 785 2241 conversus,
807 2192 890 2230 aliis
914 2192 1082 2245 pluribus
1107 2202 1277 2231 tenetur:

323 2253 372 2290 ita
402 2260 436 2290 et
465 2251 499 2289 in
518 2253 570 2290 're
605 2252 730 2291 uxoria
747 2283 757 2300 ‚
789 2254 850 2305 qui
878 2253 946 2292 lioc
967 2255 1191 2308 perrumpit,
1217 2255 1281 2296 illo

323 2327 466 2351 rursum
487 2313 651 2362 laeditur;
669 2314 732 2366 qui
754 2329 839 2354 vero
858 2315 949 2355 illud
978 2317 1157 2366 evaserit,
1177 2316 1281 2356 aliud

322 2373 472 2413 offendit
509 2389 518 2413 :
554 2388 617 2413 nec
651 2375 755 2414 facile
801 2377 1071 2417 matrimonium
1120 2378 1281 2418 invenias

323 2437 421 2474 omni
443 2435 607 2475 molestia
627 2436 797 2478 solutum.

825 277 1011 310 loannis
1047 274 1290 309 cnuvsosT.
1332 275 1540 307 Ancnttit’.
1578 275 1936 308 consraaTinoi‘.

1352 359 1553 412 χρήσασθαι
1589 359 1648 399 ἐπὶ
1684 361 1742 400 τὸν
1785 359 2046 400 δποπτευθέντα
2090 360 2289 407 δυνήσεται·
2324 359 2377 404 τίς

1352 422 1422 475 γὰρ
1444 420 1600 466 ἀνέξεται
1617 422 1782 472 γυναικὸς
1801 422 2009 469 κελευούσης
2038 421 2128 460 οἴκοι
2161 422 2276 472 μένειν
2296 422 2376 460 δια-

1352 483 1506 531 παντόςς
1531 483 1584 527 τίς
1610 483 1646 523 δὲ
1668 484 1727 523 τὸν
1757 482 1931 528 δεσπότην
1949 481 2120 533 τολμήσει
2153 488 2374 535 παρατηρεῖ-

1352 549 1433 584 σθαι
1469 547 1539 584 τῶν
1570 546 1734 592 οἰκετῶν,
1763 545 1823 583 καὶ
1856 545 1918 582 οὗκ
1951 544 2076 587 εὐθέως
2107 543 2166 583 ἐπὶ
2192 546 2233 584 τὸ
2262 546 2376 597 βάρα·

1352 611 1432 659 θρον
1466 607 1743 660 ἀπαχθήσεται;
1779 605 1872 644 Οὔτε
1908 599 1966 643 οῦν
2009 604 2143 650 τούτοις
2188 606 2379 653 δυνήσεται

1352 669 1479 715 ἑαυτὴν
1516 667 1841 720 παραμυθήσασθαι
1873 672 1945 709 τοῖς
1992 666 2273 718 μηχανήμασιν,
2299 667 2378 707 οὔτε

1351 732 1401 782 τῷ
1435 729 1497 777 τὴν
1530 729 1637 781 ὀργὴν
1671 728 1727 766 διὰ
1761 731 1830 766 τῶν
1856 727 2023 780 ῥημάτων
2051 726 2266 778 ἐξενεγκεῖν,
2297 729 2376 766 ἀλλ’

1352 790 1445 835 ἅπαξ
1468 790 1530 841 μὲν
1558 789 1664 837 αὐτὴν
1695 789 1781 832 ἴσως
1810 788 2091 841 χαλεπαίνουσαν
2121 788 2209 828 οἴσει
2240 789 2301 828 καὶ
2327 789 2380 833 δὶς

1351 855 1370 890 ὁ
1404 852 1491 903 ἀνήρ
1506 868 1513 875 ·
1535 851 1594 890 ἐὰν
1628 850 1663 889 δὲ
1690 850 1852 901 ἐπιμείνῃ
1871 851 2025 901 συνεχῶς
2045 851 2259 901 ἐγκαλοῦσα,
2275 850 2379 889 διδά-

1353 912 1400 957 ξει
1441 912 1576 964 ταχέως
1616 912 1746 958 αὐτὴν,
1774 911 1826 949 ὅτι
1868 911 2004 963 βέλτιον
2042 913 2124 963 σιγῇ
2159 911 2204 950 τὰ
2233 915 2379 951 τοιαῦτα

1350 974 1465 1026 φέρειν
1483 974 1543 1012 καὶ
1577 974 1759 1020 τήκεσθαι.
1796 973 1865 1011 Καὶ
1895 977 2006 1011 ταῦτα
2027 972 2090 1023 μὲν
2116 975 2151 1012 ἐν
2182 978 2259 1017 ταῖς
2289 975 2379 1012 ὓπο-

1351 1035 1466 1086 ψίαις·
1483 1035 1568 1074 ὅταν
1585 1035 1619 1073 δὲ
1641 1034 1767 1081 ἀληθὲς
1786 1034 1822 1072 δν
1839 1034 1930 1086 τύχῃ
1950 1034 1989 1073 τὸ
2013 1034 2141 1082 δεινὸν,
2158 1033 2220 1081 τὴν
2237 1032 2301 1085 μὲν
2320 1050 2380 1086 γυ·

1351 1101 1457 1134 ναῖκα
1474 1095 1582 1138 οὐδεὶς
1604 1096 1823 1146 ἐξαιρήσεται
1840 1099 1909 1133 τῶν
1928 1098 1984 1134 τοῦ
2004 1094 2218 1146 ἠδικημένου
2236 1098 2379 1148 χειρῶν,

1353 1155 1432 1192 ἀλλ’
1455 1155 1545 1207 ἔχων
1566 1156 1661 1207 αὐτῷ
1683 1157 1893 1204 βοηθοῦντας
1914 1153 1992 1198 τοὺς
2019 1153 2146 1204 νόμους
2172 1153 2235 1201 τὴν
2263 1153 2379 1193 ἁπάν-

1351 1228 1422 1251 των
1451 1215 1548 1265 αὐτῷ
1574 1212 1746 1264 φιλτάτην
1775 1215 1823 1257 εἷς
1855 1213 2081 1267 δικαστήριον
2107 1213 2248 1266 ἀγαγὼν
2272 1214 2380 1253 κατί-

1353 1273 1538 1327 σφαΞεν-ὁ
1568 1273 1604 1312 δὲ
1635 1273 1723 1325 ἀνὴρ
1757 1273 1820 1320 τὴν
1850 1273 1915 1323 μὲν
1950 1275 2020 1313 ἀπὸ
2049 1277 2121 1313 τῶν
2152 1275 2268 1326 νόμων
2302 1276 2378 1314 δια-

1352 1336 1471 1387 φεύγει
1490 1333 1664 1385 τιμωρίαν
1677 1364 1686 1380 ,
1703 1337 1746 1385 τῇ
1762 1333 1797 1373 δὲ
1813 1338 1827 1355 ”
1845 1335 1976 1372 ἄνωθεν
1995 1334 2055 1373 καὶ
2074 1338 2117 1387 τῇ
2135 1340 2196 1374 τοῦ
2211 1338 2305 1375 Θεοῦ
2319 1352 2378 1375 τε-

1351 1397 1502 1448 τήρηται
1520 1395 1642 1448 ψήφῳ.
1657 1395 1750 1433 Ἀλλ’
1769 1397 1834 1447 οὐχ
1853 1395 1972 1433 ἱκανὸν
1993 1398 2096 1434 τοῦτο
2118 1396 2380 1449 παραμυθήσα-

1351 1462 1433 1497 σθαι
1461 1457 1527 1504 τὴν
1557 1456 1682 1496 ἀθλίαν
1708 1455 1865 1504 ἐκείνην,
1890 1458 1967 1495 ἀλλ’
1987 1457 2124 1509 ἀνάγκη
2145 1457 2280 1512 μακρόν
2298 1473 2379 1498 τινα

1352 1520 1412 1558 καὶ
1431 1519 1580 1559 ἐλεεινὸν
1597 1517 1783 1566 ὑπομένειν
1799 1518 1963 1565 θάνατον,
1979 1518 2037 1557 τὸν
2058 1518 2128 1558 ἀπὸ
2145 1522 2215 1558 τῶν
2235 1534 2379 1572 μαγγα-

1351 1583 1471 1629 νειῶν,
1494 1580 1552 1619 τὸν
1577 1579 1648 1618 ἀπὸ
1667 1582 1736 1617 τῶν
1761 1582 2013 1632 φαρμακειῶν,
2033 1580 2123 1632 ἅπερ
2145 1583 2181 1619 αἱ
2208 1581 2380 1634 πορνευό-

1354 1658 1455 1692 μεναι
1477 1647 1637 1693 γυναῖκες
1663 1641 1997 1686 κατασκευάζουσιν.
2033 1641 2112 1681 Εἰσὶ
2146 1642 2181 1680 δὲ
2214 1635 2269 1686 αἷς
2299 1641 2378 1681 οὔτε

1351 1702 1539 1747 ἐπιδουλῆς
1558 1701 1615 1741 ἐπὶ
1635 1702 1697 1744 τὰς
1714 1701 1930 1751 ἠδικημένοις
1951 1701 2105 1751 ἐδέησεν,
2127 1703 2204 1741 ἀλλ’
2223 1702 2379 1754 ἔφθασαν

1352 1766 1481 1803 ἐκεῖναι
1505 1766 1852 1815 προαναρπασθεῖσαι
1874 1765 1917 1814 τῇ
1937 1764 2000 1808 τῆς
2020 1762 2171 1814 ἀθυμίας
2189 1764 2378 1816 σφοδρότη-

1352 1841 1386 1864 τι
1402 1841 1410 1849 ·
1425 1824 1518 1863 ὥστε
1541 1827 1572 1863 εἰ
1599 1824 1659 1863 καὶ
1674 1823 1803 1868 πάντες
1829 1823 1951 1876 ἄνδρες
1970 1824 2158 1878 ἐπέτρεχον
2187 1828 2239 1878 τῷ
2259 1825 2380 1879 γάμῳ.

1354 1885 1418 1931 τὰς
1440 1892 1606 1938 γυναῖκας
1633 1886 1696 1924 οὐκ
1715 1887 1824 1938 ἐχρῆν
1845 1886 1949 1925 αὐτὸν
1966 1885 2118 1924 διώκειν.
2139 1886 2233 1925 Οὔτε
2252 1885 2320 1940 γὰρ
2337 1886 2380 1926 ἂν

1354 1950 1466 2001 ἔχοιεν
1487 1949 1594 1986 εἰπεῖν
1615 1949 1662 1990 ὡς
1683 1946 1836 1994 τοσαύτη
1856 1948 1941 2000 παρ’
1963 1947 2084 1991 αὑταῖς
2108 1949 2172 1994 τῆς
2192 1947 2382 1999 ἐπιθυμίας

1353 2013 1374 2056 ἡ
1395 2008 1574 2061 τυραννὶς,
1593 2008 1652 2046 καὶ
1673 2010 1743 2046 τῶν
1771 2012 1831 2047 τοῦ
1856 2008 2065 2061 πράγματος
2080 2011 2198 2048 κακῶν
2215 2008 2255 2047 τὸ
2273 2008 2381 2049 πλέον

1355 2070 1456 2110 αὐταὶ
1489 2074 1706 2123 καρποῦνται
1743 2069 1866 2122 μέρος,
1901 2069 2021 2122 ὥσπερ
2058 2064 2114 2109 οῦν
2147 2070 2207 2108 καὶ
2236 2073 2255 2109 ὁ
2280 2070 2382 2124 λόγος

1354 2132 1526 2177 ἀπέδειξε.
1563 2132 1611 2171 Τί
1640 2126 1719 2179 οὖν,
1757 2132 1883 2184 φησὶν,
1917 2131 2028 2170 ἅπασι
2073 2135 2175 2171 τοῦτο
2213 2132 2383 2184 πρόσεστι

1354 2201 1426 2239 τοῖς
1443 2194 1592 2247 γάμοις,
1618 2192 1712 2232 Ἀλλ’
1748 2193 1825 2232 οὐδὲ
1851 2192 1993 2232 πάντων
2027 2193 2174 2242 ἄπεστι,
2193 2194 2383 2247 παρθενίας

1356 2255 1392 2295 δὲ
1409 2256 1530 2309 πόρῤω
1551 2255 1612 2294 καὶ
1634 2253 1774 2306 μακρὰν
1790 2253 1909 2301 πάσης
1926 2254 2013 2294 εστί.
2032 2255 2101 2293 Καὶ
2119 2259 2141 2302 ἠ
2164 2254 2227 2306 μὲν
2259 2270 2382 2307 γαμη-

1357 2318 1482 2363 θεῖσα,
1509 2328 1573 2352 καν
1605 2313 1654 2365 μὴ
1681 2316 1732 2351 τῶ
1765 2314 1867 2352 δεινῶ
1900 2313 2099 2366 περιπέσῃ,
2130 2313 2221 2352 ἀλλὰ
2245 2316 2289 2366 τῇ
2322 2318 2384 2354 τοῦ

1359 2377 1469 2416 δεινοῦ
1501 2375 1695 2429 προσδοκία
1731 2381 2000 2427 περιπεσεῖται·
2031 2376 2070 2414 οὐ
2105 2374 2174 2428 γὰρ
2209 2374 2284 2414 ἔστι
2316 2374 2383 2422 τὴν

1359 2437 1458 2486 ἀνδρὶ
1500 2438 1694 2488 μέλλουσαν
1730 2438 1887 2486 ὁμιλεῖν,
1925 2436 1975 2486 μὴ
2012 2434 2101 2486 μετὰ
2144 2437 2208 2483 τῆς
2242 2435 2384 2487 ὁμιλίας

1359 2498 1474 2537 πάντα
1512 2497 1776 2550 ἀναλογίζεσθαι
1806 2496 1867 2536 καὶ
1904 2498 2095 2536 δεδοικέναι
2124 2496 2169 2535 τὰ
2203 2497 2299 2536 δεινά
2318 2512 2329 2521 ·
2358 2500 2382 2544 ἦ

1361 2561 1396 2599 δὲ
1430 2559 1599 2611 παρθένος
1629 2561 1667 2598 οὗ
1698 2558 1801 2610 μόνον
1835 2561 1904 2596 τῶν
1933 2559 2114 2611 δυσχερῶν
2142 2557 2384 2609 πραγμάτων,

1360 2620 1450 2659 ἀλλὰ
1480 2620 1540 2658 καὶ
1569 2622 1632 2665 τῆς
1658 2619 1809 2672 ὑποψίας
1853 2618 2093 2665 ἀπήλλακται.
2129 2619 2184 2657 Οὗ
2215 2619 2382 2671 πρόσεστι

1359 2685 1460 2721 τοῦτο
1485 2687 1572 2719 πᾶσι
1598 2687 1669 2724 τοῖς
1684 2681 1823 2732 γάμοις.
1850 2678 1941 2718 Οὐδὲ
1962 2679 2030 2732 γὰρ
2050 2677 2119 2730 ἔγ.“-ι
2144 2679 2248 2717 τοῦτό
2266 2694 2381 2731 φημι,

1360 2745 1436 2782 ἀλλ’
1459 2741 1518 2782 ἐὰν
1551 2745 1653 2780 τοῦτο
1681 2741 1731 2792 μὴ
1766 2743 1905 2792 προσῇ,
1929 2740 2044 2778 πολλὰ
2077 2741 2178 2793 ἔτερα
2211 2739 2382 2780 πόσεστι·

1360 2805 1424 2844 κᾶν
1463 2804 1577 2843 ἐκεῖνά
1608 2819 1659 2847 τις
1696 2803 1869 2854 διαφύγῃ,
1900 2802 2016 2840 πάντα
2049 2802 2170 2846 ἁπλῶς
2204 2804 2383 2855 διαφυγεῖν

1359 2867 1397 2904 οὐ
1433 2863 1630 2911 δυνήσεται.
1663 2862 1754 2902 Ἀλλ’
1787 2863 1907 2914 ὥσπερ
1939 2862 1996 2901 ἐπὶ
2026 2865 2094 2901 τῶν
2124 2865 2283 2903 ἀκανθῶν
2312 2865 2384 2902 τῶν

1359 2932 1429 2968 τοῖς
1455 2925 1607 2975 ἱματίοις
1633 2924 1957 2977 προσπηγνυμὲνων
1985 2925 2019 2962 ἰν
2044 2927 2093 2978 τῷ
2123 2924 2185 2969 τὰς
2215 2924 2384 2976 αἱμασιὰς

1361 2986 1565 3032 διαῧαίνιιν,
1578 2985 1661 3025 ὅταν
1682 2988 1879 3037 ἐπιστραφῇ
1899 3001 1949 3027 τις
1969 2985 2030 3031 τὴν
2051 2985 2135 3035 μίαν
2150 2985 2297 3034 ἐξελεῖν,
2312 2985 2384 3025 hl·

1362 3064 1436 3100 ραις
1453 3046 1640 3099 κατέχεται
1655 3046 1823 3091 πλείοσιν,
1839 3046 1930 3085 οὕτω
1949 3047 2007 3084 καὶ
2031 3046 2089 3084 ἐπὶ
2105 3047 2174 3085 τῶν
2195 3051 2256 3087 τοῦ
2270 3045 2385 3100 γάμου

1360 3108 1577 3162 πραγμάτων
1606 3110 1624 3145 ὁ
1651 3110 1753 3146 τοῦτο
1783 3107 1952 3158 διαδρας,
1984 3107 2107 3145 ἐκείνω
2140 3106 2385 3160 περιπείρεται

1361 3170 1491 3208 πάλιν·
1512 3170 1571 3208 καὶ
1590 3172 1608 3207 ὁ
1630 3174 1730 3208 τοῦτο
1749 3169 1864 3211 διαδυς
1852 3198 1889 3215 ,
1918 3169 2013 3206 ἄλλω
2034 3169 2292 3220 προσέπταισε.
2322 3169 2383 3208 καὶ

1473 3220 1536 3269 ost
1557 3231 1606 3269 lvi
1625 3229 1738 3281 γάμον
1765 3229 1881 3276 πάσης
1912 3246 1985 3281 ευρε
1973 3246 2021 3267 ιν
2046 3229 2169 3276 ἀηδίας
2190 3229 2381 3282 ἰλεύθερον.

1382 3287 1392 3292 st
1419 3292 1532 3336 Λλλ“,
1566 3292 1596 3329 εἰ
1629 3291 1769 3342 βούλει,
1799 3290 1842 3328 τὰ
1874 3292 2025 3342 δυσχερῆ
2051 3291 2138 3334 τέως
2171 3289 2312 3343 ἀφίντες
2345 3290 2386 3329 τὸ

1364 3355 1484 3392 δοκοῦν
1503 3321 1589 3391 tiva«
1606 3353 1640 3391 ἐν
1657 3353 1751 3404 αὐτῷ
1767 3354 1996 3403 μακαριστὸν,
2016 3353 2073 3390 καὶ
2100 3346 2138 3390 οὗ
2164 3352 2285 3390 πολλοὶ
2302 3353 2385 3390 πολ-

134 3295 218 3325 tm
244 3295 325 3324 ιτ..-
394 3279 552 3328 V·,‹··nm
573 3298 600 3321 ·ιι
621 3283 787 3331 videtui
809 3284 970 3324 infaustis
989 3284 1170 3334 dimissis
1191 3289 1286 3340 quod

132 3338 216 3377 ι’···.4···
223 3350 248 3365 ···
276 3340 325 3366 ¹¹³·
350 3340 384 3381 in
408 3344 674 3383 eoterlwatum
691 3355 926 3393 existimetur
941 3357 972 3385 ct
993 3348 1110 3397 multi
1130 3349 1288 3401 adeoque

383 3497 393 3508 ·
419 3483 498 3524 Reg-
517 3488 624 3517 imon
638 3493 721 3530 παρὰ
736 3491 787 3519 τοῦ
803 3495 890 3522 (θεοῦ.
