2549 3825
2176 242 2192 251 i-

879 260 936 290 DE
972 261 1148 290 LAZARO
1183 261 1348 292 coNeio
1384 259 1467 290 Vl!-
2103 258 2196 315 97.)

155 348 216 392 τῆς
235 346 367 391 πολλῆς
386 343 626 396 ταλαιπωρίας
645 343 706 386 τὰς
726 342 877 393 ἀμοιὸὰς
893 344 1155 393 ἀπολαμὸάνων
1167 372 1177 389 ,
1251 346 1368 393 Atque
1384 343 1445 381 ille
1463 344 1605 394 quidem
1622 346 1658 383 in
1675 346 1755 384 sinu
1775 347 1926 386 Abrahae
1941 349 2199 400 requiescebat,

155 406 215 444 καὶ
247 406 337 456 μετὰ
370 406 428 444 τὸν
460 405 561 455 λιμὸν
595 404 655 442 καὶ
681 403 726 442 τὰ
756 403 841 451 ἕλκη
877 404 936 441 καὶ
974 404 1037 451 τὴν
1066 406 1101 442 ἐν
1127 406 1178 456 τῷ
1249 418 1290 441 ac
1305 404 1467 442 laborum
1483 405 1750 458 multarumque
1763 408 1985 447 miseriarum
2001 411 2200 449 mercedem

156 468 288 504 πυλῶνι
312 467 534 511 κατάκλισιν,
555 468 618 511 τ’ῆς
642 465 840 518 ἀπορρήτου
862 465 995 512 ἐκείνης
1031 465 1178 508 ἀνέσεως
1250 465 1424 517 recipiens
1439 475 1518 517 post
1536 467 1680 515 famem,
1702 478 1780 520 post
1800 470 1930 519 ulcera,
1953 480 2141 523 postquam
2164 473 2199 510 in

155 528 215 565 καὶ
248 528 324 566 οὐδὲ
358 528 451 579 λόγῳ
482 529 738 578 ἑρμηνευθῆναι
775 525 970 576 δυναμένης
999 533 1176 578 μετεῖχεν·
1250 526 1429 564 vestibulo
1447 527 1639 567 reclinatus
1662 530 1836 581 jacuerat,
1860 532 2103 570 ineffabilibus
2127 533 2203 571 illis

152 582 253 632 >ogi-oc
286 589 320 626 δὲ
342 588 432 638 μετὰ
463 587 526 634 τὴν
547 589 680 640 τρυφὴν
710 587 770 625 καὶ
801 587 916 626 ἄνεσιν
948 587 1008 625 καὶ
1040 603 1180 640 γαστρι-
1250 585 1403 636 deliciis,
1423 602 1510 638 quas
1526 603 1568 626 nc
1583 590 1741 628 oratione
1756 591 1900 642 quidem
1917 593 2105 644 complecti
2117 608 2202 646 pos—

156 647 308 700 μαργίαν
327 647 390 695 τὴν
409 647 543 694 πολλὴν
564 648 624 686 καὶ
653 647 716 695 τὴν
738 647 845 698 μέθην
864 649 912 690 εἷς
937 647 1000 694 τὴν
1019 647 1177 698 ἀπαραί-
1251 660 1388 694 sumus,
1407 649 1615 687 fruebatur:
1638 650 1698 688 hic
1717 665 1803 690 vero
1823 662 1900 704 post
1921 653 2142 705 voluptatem
2161 669 2202 692 ac

155 724 260 755 τητον
281 709 426 748 κόλασιν
463 708 599 755 ἐκείνην
630 709 854 755 καταντήσας
892 708 1175 760 ἀπετηγανίζετο.
1250 705 1412 757 delicia5‚
1435 718 1512 760 post
1532 710 1728 761 ingluviem
1749 713 1913 762 multam,
1940 723 2019 766 post
2046 715 2201 753 ebrieta-

155 769 225 807 Καὶ
247 769 302 807 ἵνα
331 769 495 821 ἑκάτερος
516 773 629 808 αὐτῶν
656 770 713 808 διὰ
733 773 801 808 τῶν
820 769 1038 821 πραγμάτων
1059 768 1153 820 μάθῃ
1166 796 1176 813 ,
1251 775 1320 804 tem
1348 767 1403 805 illi
1421 769 1618 807 inevitabili
1635 772 1812 824 supplicio
1831 774 1996 812 addictus
2014 776 2201 814 eruciaba-

153 834 172 868 ὁ
187 832 250 882 μὲν
270 834 332 878 τῆς
353 835 474 879 στενῆς
493 833 572 870 ὁδοῦ
591 832 630 870 τὸ
650 832 770 883 κέρδος
782 861 792 879 ,
807 835 824 869 ὅ
839 831 876 870 δὲ
895 835 957 877 τῆς
977 830 1174 881 εὐρυχώρου
1251 834 1320 865 tur.
1337 828 1387 864 Ut
1407 837 1525 866 autem
1541 830 1688 868 illorum
1705 841 1853 882 uterque
1872 834 1977 872 rebus
1993 836 2078 886 ipsis
2098 836 2202 875 doce-

154 892 216 939 τὴν
238 892 366 943 ζημίαν
385 893 444 931 καὶ
467 893 523 931 τὸν
544 893 694 944 ὄλεθρον,
707 891 776 930 ἀπὸ
795 892 925 929 πολλοῦ
944 895 1004 929 τοῦ
1024 890 1176 936 διαστή-
1251 897 1344 936 atur,
1360 889 1418 927 hic
1429 890 1587 940 quidem,
1602 902 1731 942 quanta
1749 893 1795 931 sit
1805 904 1963 945 angustae
1975 896 2042 933 viae
2051 898 2202 945 utilitas,

155 968 264 1003 ματος
295 953 467 1000 ἀλλήλους
481 958 496 974 ³
510 956 650 1005 ὁρῶσιν.
670 951 790 991 Ἄκουε
814 951 849 989 δὲ
870 953 956 995 πῶς.
973 951 1044 990 Καὶ
1065 954 1099 989 ἐν
1126 954 1176 1004 τῷ
1202 964 1224 993 Β
1250 948 1598 1002 illevero‚quantum
1609 953 1926 1005 damnum‚quanta
1940 957 2114 1008 pernicies
2125 974 2204 1011 spa-

154 1015 233 1066 ᾅδῃν
250 1013 353 1066 φησὶν
364 1045 378 1062 ,
394 1014 527 1066 ἐττσίρας
549 1013 626 1057 τοὺς
644 1012 842 1064 ὀφθαλμοὺς
861 1015 988 1060 αὐτοῦ,
1008 1013 1177 1065 ὑπάρχων
1250 1009 1362 1058 tiosae,
1374 1026 1392 1049 a
1409 1012 1513 1064 longe
1531 1015 1645 1052 multo
1665 1015 1841 1067 sejunctos
1854 1017 2042 1056 intervallo
2055 1033 2091 1056 se
2107 1020 2204 1057 invi-

154 1077 189 1113 ἐν
222 1075 385 1126 βασάνοις
401 1104 411 1122 ,
433 1078 498 1127 ὁρᾷ
529 1075 587 1113 τὸν
615 1073 778 1125 Ἀδραὰμ
809 1074 879 1112 ἀπὸ
913 1074 1098 1126 μακρόθεν,
1118 1073 1177 1112 καὶ
1252 1085 1327 1110 cem
1343 1073 1639 1113 intuentur.Audi
1662 1091 1732 1127 quo
1753 1087 1880 1129 pacto:
1902 1081 1957 1117 Et
1971 1085 2012 1118 in
2033 1082 2203 1134 inser-no,
2221 1081 2335 1110 Luc-¹6
2354 1079 2404 1108 23·

152 1135 312 1188 Λάζαρον
333 1138 368 1174 ἐν
386 1142 457 1180 τοῖς
476 1136 619 1180 κόλποις
641 1136 758 1173 αὐτοῦ.
781 1135 886 1185 Ἐμοὶ
916 1135 952 1173 δὲ
987 1137 1103 1183 δοκεῖ,
1125 1136 1177 1174 ὅτι
1251 1133 1312 1181 ait,
1327 1135 1486 1174 elevans
1500 1139 1630 1176 oculos
1651 1153 1752 1186 suos,
1775 1142 1817 1178 in
1832 1145 2032 1180 tormentis
2046 1144 2202 1195 degens,

153 1197 366 1248 θεασάμενος
386 1196 449 1244 τὴν
473 1197 601 1248 ἀθρόαν
629 1196 720 1234 οὕτω
744 1197 812 1234 τῶν
832 1197 1050 1248 πραγμάτων
1071 1212 1177 1248 μετα·
1251 1197 1359 1234 videt
1380 1198 1589 1237 Abraham
1611 1214 1635 1237 α
1652 1201 1771 1254 longe,
1792 1211 1829 1240 et
1847 1205 2038 1241 Lazarum
2053 1207 2095 1241 in
2115 1207 2203 1243 sinu

154 1257 278 1306 δολὴν,
300 1258 360 1296 καὶ
379 1258 437 1297 τὸν
474 1258 536 1309 μὲν
565 1260 599 1296 ἐν
633 1260 684 1311 τῷ
705 1259 840 1296 πυλῶνι
864 1259 1093 1310 ἐῤῥιμμένον,
1118 1258 1177 1296 καὶ
1251 1259 1344 1309 ejus,
1362 1259 1543 1309 Equidem
1560 1261 1716 1300 arbitror
1735 1262 1852 1309 illum,
1874 1263 1936 1301 ubi
1956 1273 2028 1302 tam
2045 1265 2200 1303 subitam

153 1325 228 1363 ταῖς
243 1319 420 1370 γλώσσαις
433 1322 501 1357 τῶν
521 1321 633 1357 κυνῶν
650 1319 890 1371 προκείμενον,
902 1319 1076 1367 τοσαύτης
1092 1322 1177 1358 ἀπο·
1251 1331 1367 1355 rerum
1387 1319 1620 1358 mutationem
1643 1320 1750 1370 vidit,
1771 1331 1805 1360 ct
1831 1323 1934 1360 illum
1963 1324 2111 1375 quidem
2139 1326 2202 1377 qui

153 1381 305 1420 λαύοντα
335 1385 398 1428 τῆς
428 1380 650 1434 παῤῥησίας,
671 1381 732 1418 καὶ
760 1387 831 1424 τοῖς
859 1380 1000 1425 κόλποις
1019 1385 1078 1420 τοῦ
1101 1397 1176 1419 πα-
1247 1378 1388 1430 jacebat
1405 1381 1441 1420 in
1457 1381 1651 1430 vestibulo,
1669 1397 1869 1435 canumque
1888 1385 2020 1437 linguis
2041 1396 2114 1424 erat
2138 1401 2200 1426 ex—

153 1442 322 1495 τριάρχου
352 1442 638 1492 ἐνδιαιτώμενον,
657 1442 778 1480 ἑαυτὸν
800 1441 835 1480 δὲ
854 1442 1006 1495 τοσαύτῃ
1027 1443 1176 1495 αἰσχύνῃ
1251 1442 1404 1496 positus,
1426 1452 1522 1481 tanta
1553 1443 1683 1482 fiducia
1704 1445 1872 1496 gaudere,
1891 1446 1978 1485 dum
1998 1448 2034 1485 iu
2054 1449 2203 1499 patriai·-

152 1503 452 1555 περιὲεὲλημένον
466 1533 477 1553 ,
499 1503 558 1542 καὶ
574 1503 664 1554 μετὰ
679 1503 810 1551 ταύτης
829 1504 888 1541 καὶ
907 1504 975 1542 ὑπὸ
993 1509 1052 1543 τοῦ
1071 1504 1177 1556 πυρὸς
1251 1503 1326 1542 chae
1357 1504 1437 1542 sinu
1464 1515 1696 1557 versaretur;
1722 1521 1758 1544 se
1789 1522 1873 1546 vero
1905 1517 2004 1546 tanta
2031 1509 2200 1547 obrutum

154 1565 513 1616 ἀποτηγανιζόμενον,
532 1564 676 1604 πλείονα
695 1568 758 1612 τῆς
787 1565 908 1612 ὀδύνης
931 1566 994 1613 τὴν
1015 1565 1176 1614 αἴσθησιν
1250 1565 1461 1616 ignominia,
1481 1575 1586 1617 atque
1603 1567 1747 1620 insuper
1764 1569 1845 1620 igne
1860 1570 2070 1616 cruciatum,
2091 1572 2203 1623 majo·

153 1626 363 1676 ἐλάμὸανεν.
383 1626 498 1677 Ὁρῶν
519 1629 702 1676 τοιγαροῦν
722 1627 769 1668 εἰς
793 1626 832 1663 τὸ
852 1626 1004 1664 ἐναντίον
1023 1626 1067 1664 τὰ
1087 1628 1176 1679 πρά·
1251 1639 1326 1663 rem
1346 1640 1487 1664 sensum
1506 1627 1642 1666 doloris
1661 1632 1803 1681 cepisse.
1824 1631 1914 1668 Cum
1937 1644 2021 1683 ergo
2040 1646 2095 1669 res
2120 1646 2201 1670 cer-

152 1704 273 1740 γματα
306 1686 550 1738 μεταστάντα,
583 1687 643 1724 καὶ
671 1686 772 1724 αὐτὸν
804 1687 880 1737 μὲν,
909 1689 957 1730 ὡς
986 1689 1095 1725 εἰπεῖν
1111 1717 1121 1735 ,
1142 1691 1176 1727 ἐν
1201 1694 1224 1724 C
1253 1687 1395 1725 nei-etin
1412 1689 1629 1727 contrarium
1646 1700 1812 1735 mutatas,
1827 1705 1867 1729 ac
1882 1706 1918 1730 se
1936 1694 1998 1743 qui
2017 1707 2202 1746 propemo-

151 1748 274 1800 ὀνείρῳ
299 1747 360 1786 καὶ
380 1754 463 1799 σκιᾷ
483 1747 726 1799 τρυφήσαντα,
749 1748 809 1785 καὶ
831 1751 890 1785 νῦν
914 1747 975 1794 τὴν
1003 1749 1176 1800 ἀφόρητον
1251 1745 1339 1784 dum
1360 1747 1396 1785 in
1417 1749 1550 1786 somnis
1571 1758 1604 1787 ct
1631 1751 1757 1788 umbra
1787 1750 1926 1790 deliciis
1947 1753 2081 1804 potitus
2109 1764 2198 1799 erat,

151 1809 296 1847 κόλασιν
325 1809 563 1859 ὑπομένοντα,
583 1809 643 1846 καὶ
667 1807 756 1859 μετὰ
787 1807 850 1855 τὴν
880 1809 1078 1862 εὐρύχωρον
1101 1810 1176 1848 ὁδὸν
1250 1820 1345 1845 nunc
1364 1809 1586 1848 intolerabile
1605 1812 1822 1863 supplicium
1842 1814 1946 1861 ferre,
1968 1829 2008 1851 ac
2025 1824 2103 1867 post
2120 1830 2201 1868 spa-

152 1868 212 1907 καὶ
234 1868 297 1915 τὴν
317 1870 487 1907 πλατεῖαν
514 1869 628 1916 πύλην
649 1871 698 1913 εἰς
717 1868 808 1908 οὕτω
827 1870 946 1908 στενὸν
975 1871 1171 1924 καταστρέ-
1252 1870 1378 1907 tiosam
1404 1870 1499 1908 viam
1537 1871 1715 1923 latamque
1741 1883 1880 1926 portam
1910 1875 1946 1912 in
1977 1876 2081 1914 finem
2111 1877 2200 1915 adeo

151 1932 268 1982 ψαντα
282 1930 390 1974 τέλος·
412 1932 467 1969 ἐπ’
486 1929 617 1969 ἐκείνου
640 1930 675 1969 δὲ
695 1930 739 1969 τὰ
759 1930 898 1969 ἐναντία
913 1931 1176 1980 συμδεῧηκότα,
1251 1940 1444 1981 angustum
1469 1945 1543 1970 esse
1560 1932 1718 1971 delirum
1739 1949 1748 1972 :
1771 1935 1824 1972 illi
1844 1949 1927 1974 vero
1947 1938 2123 1975 contraria
2141 1952 2203 1990 pe·-

152 1991 212 2028 καὶ
231 1990 286 2030 διὰ
305 1991 369 2037 τὴν
388 1994 535 2029 ἐνταῦθα
555 1991 734 2042 ὑπομονὴν
756 1993 825 2029 τῶν
849 1992 1057 2044 ἀποῤῥήτων
1081 1992 1177 2030 ἐκεί-
1251 1991 1348 2029 nitus
1365 1992 1533 2038 evenisse,
1552 2007 1593 2031 ac
1610 2004 1754 2047 propter
1769 2009 1845 2033 eam
1870 2011 1976 2048 quam
1993 1998 2027 2035 in
2043 1997 2110 2036 hac
2127 2000 2203 2037 vita

152 2067 219 2089 νων
253 2054 394 2104 ἀγαθῶν
425 2051 525 2090 αὐτὸν
558 2053 804 2091 ἀπολαύοντα·
832 2052 892 2090 καὶ
924 2055 959 2090 ἐν
990 2052 1177 2105 ἀμηχανίᾳ
1251 2053 1464 2093 exhibuerat
1481 2056 1708 2108 patientiam,
1728 2058 1833 2096 illum
1854 2059 2099 2098 ineffabilibus
2119 2076 2206 2114 per-

152 2113 322 2164 γεγονὼς,
342 2113 400 2152 καὶ
419 2115 463 2164 τῇ
482 2113 587 2166 πείρᾳ
609 2113 728 2164 μαθὼν
757 2113 820 2160 τὴν
843 2114 1002 2160 ἀπάτην,
1025 2113 1067 2160 ἢν
1086 2113 1176 2152 {im-1·-
1251 2115 1323 2152 frui
1343 2116 1446 2154 bonis
1460 2147 1469 2163 ‚
1502 2117 1658 2155 nesciens
1685 2133 1756 2169 quo
1784 2134 1822 2158 sc
1842 2129 2008 2169 verteret,
2033 2121 2206 2174 inopsque

153 2190 248 2225 μεινε
270 2176 314 2212 δι’
332 2174 412 2213 ὅλου
431 2174 496 2222 τὴν
525 2175 721 2227 εὐρύχωρον
741 2175 816 2214 ὁδὸν
849 2176 1031 2226 ἑλόμενος,
1051 2177 1175 2221 ἱκετη-
1251 2177 1420 2227 consilii,
1467 2192 1548 2215 cum
1586 2180 1805 2231 experientia
1840 2181 2044 2226 didicisset,
2073 2194 2203 2234 quanta

153 2235 228 2286 ρίαν
248 2235 364 2283 τίθησι
383 2237 468 2288 πρὸς
494 2237 551 2274 τὸν
572 2236 812 2289 πατριάρχην,
833 2237 891 2274 καὶ
912 2237 1044 2275 ἐλεεινὰ
1065 2236 1176 2288 φΟέγ-
1250 2237 1375 2276 sraude
1394 2239 1534 2289 penitus
1553 2239 1722 2292 deceptus
1743 2243 1880 2289 suisset,
1907 2258 1988 2281 cum
2007 2245 2202 2296 spatiosam

150 2313 250 2349 γεται
284 2297 448 2349 ῥήματα,
482 2297 541 2335 καὶ
576 2297 733 2348 δακρύων
765 2298 932 2348 γέμοντα,
954 2299 1025 2336 Καὶ
1057 2301 1075 2336 ὃ
1108 2298 1176 2350 πρὸ
1253 2299 1344 2336 viam
1360 2300 1536 2349 elegisset,
1553 2302 1849 2353 supplicationem
1862 2305 1964 2342 offert
1980 2306 2201 2357 patriarchae,

151 2357 273 2396 τούτου
293 2357 381 2408 μηδὲ
400 2357 715 2409 ἐπιστρεφόμενος,
740 2358 830 2408 μηδὲ
858 2359 941 2397 ἰδεῖν
967 2359 1176 2411 ἀνεχόμενος
1249 2374 1290 2397 ac
1309 2360 1526 2398 miserabiles
1543 2376 1645 2399 voces
1670 2363 1777 2400 simul
1797 2373 1828 2401 ct
1849 2365 2026 2417 lacrymas
2047 2367 2202 2406 ubertim

150 2420 208 2458 τὸν
239 2420 399 2471 Λάζαρον
413 2449 423 2467 ,
442 2420 499 2458 τὸν
519 2419 652 2466 πένητα
666 2450 675 2467 ,
694 2420 752 2458 τὸν
773 2423 807 2459 ἐν
835 2423 884 2472 τῷ
904 2423 1036 2459 πυλῶνι
1056 2423 1174 2473 ἐῤῥιμ·
1249 2421 1415 2459 effundit.
1443 2422 1565 2472 ltaque
1591 2423 1619 2460 is
1640 2425 1699 2473 qui
1721 2424 1767 2461 ad
1793 2426 1963 2463 Lazarum
1991 2441 2028 2464 sc
2047 2441 2201 2466 conver-

151 2481 265 2531 μένον,
282 2481 373 2519 ἀλλὰ
393 2481 452 2519 καὶ
474 2480 742 2531 βδελυττόμενος
765 2482 888 2528 αὐτὸν,
907 2483 954 2524 ὧς
976 2484 1097 2530 εἰπεῖν,
1117 2483 1174 2520 διὰ
1249 2492 1334 2527 tere,
1359 2483 1412 2520 vel
1436 2483 1536 2521 illum
1559 2485 1732 2536 respicere
1751 2500 1818 2523 nou
1850 2486 2080 2538 dignabatur,
2111 2503 2201 2541 pau-

150 2542 213 2589 τὴν
232 2545 300 2580 τῶν
321 2544 430 2580 ἑλκῶν
460 2542 648 2588 δυσωδίαν,
667 2542 725 2580 καὶ
745 2542 808 2590 τὴν
829 2542 959 2581 οἰκείαν
989 2544 1174 2594 βλακείαν,
1199 2550 1223 2578 D
1250 2558 1368 2595 pereni
1394 2544 1583 2596 abjectum,
1609 2556 1642 2583 et
1658 2548 1830 2598 jacentem
1853 2548 1888 2585 in
1913 2549 2105 2593 vestibulo,
2138 2551 2200 2590 sed

151 2607 185 2643 ἐν
204 2598 228 2656 ᾗ
248 2605 415 2650 διηνεκῶς
434 2607 572 2657 τρυφῶν
593 2605 706 2655 διῆγε,
730 2608 788 2642 νῦν
807 2605 954 2643 ἱκετεύει
970 2606 1029 2643 τὸν
1050 2622 1176 2658 πατρι-
1249 2615 1282 2643 et
1296 2606 1411 2658 ipsum
1435 2607 1693 2658 propemodum
1713 2607 1954 2646 detestabatur
1974 2621 2117 2662 propter
2137 2612 2200 2649 ul-

151 2665 286 2717 άρχην,
305 2665 365 2703 καί
394 2680 498 2717 φησι·
516 2664 636 2716 Πάτερ
656 2665 816 2717 Ἀδραὰμ
830 2696 839 2712 ,
860 2665 1000 2713 ἐλέησόν
1034 2683 1097 2717 με,
1118 2667 1177 2706 καὶ
1250 2680 1369 2704 cerum
1402 2676 1530 2705 tctruiu
1560 2667 1719 2712 odorem,
1741 2682 1912 2720 sinumque
1944 2672 2146 2716 mollitiem.
2168 2683 2200 2711 et

150 2726 288 2778 πέμψον
321 2725 502 2778 Λάζαρον,
525 2725 582 2763 ἰ’να
611 2726 707 2778 βάψῃ
728 2727 767 2764 τὸ
787 2727 891 2779 ἄκρον
916 2730 976 2765 τοῦ
1005 2728 1175 2766 δακτύλου
1250 2726 1411 2774 delicias,
1434 2728 1565 2778 quilius
1593 2729 1759 2766 continue
1784 2730 1980 2774 fruebatur,
2012 2747 2104 2770 nuuc
2136 2748 2200 2785 pa-

151 2789 256 2826 αὖτοῢ
283 2786 427 2834 ὕδατος,
456 2787 516 2824 καὶ
542 2787 724 2839 καταψύξῃ
752 2787 816 2835 τὴν
839 2789 1002 2839 γλῶσσάν
1023 2805 1102 2839 μου,
1122 2789 1175 2827 ὅτι
1251 2788 1412 2826 trinu-lue
1427 2789 1603 2841 supplicant
1619 2798 1651 2827 et
1668 2790 1738 2827 uit:
1766 2792 1883 2828 Pater
1900 2794 2199 2838 ‚lbralmtmmi-
2217 2803 2343 2832 Lumo
2358 2807 2401 2842 *42

151 2848 327 2899 ὀδυνῶμαι
348 2850 382 2886 ἐν
404 2851 447 2899 τῇ
477 2849 578 2901 φλογὶ
603 2848 727 2901 ταύτῃ.
746 2848 866 2888 Ἱκανὰ
892 2850 937 2888 τὰ
962 2851 1104 2903 ῥήματα
1129 2853 1175 2895 εἰς
1250 2863 1372 2887 serere
1400 2853 1489 2895 mei,
1520 2859 1556 2887 et
1583 2853 1691 2888 mim*
1722 2852 1929 2894 lanarum.
1963 2863 2004 2892 uc
2032 2858 2201 2906 intingat

152 2903 266 2946 οἶκτον
298 2909 577 2961 ἀφελκύσασΟαι’
601 2912 678 2948 ἀλλ’
707 2909 802 2960 &proc
822 2911 896 2949 οὐδὲ
928 2911 1036 2955 οὕτως
1061 2912 1175 2959 ὤνησέ
1249 2921 1459 2948 ‹aru-emma
1481 2912 1589 2962 dig-iti
1609 2915 1669 2949 sui
1695 2915 1736 2949 in
1762 2928 1922 2964 αιμιιιηι,
1944 2925 1980 2952 et
2001 2918 2201 2968 refrigeret

151 2986 185 3007 τι
213 2970 336 3008 πλέον·
356 2970 499 3021 ἄκαιρος
532 2971 600 3023 γὰρ
620 2973 641 3017 ἡ
666 2971 910 3022 ἐξομολόγησις
939 2973 998 3010 καὶ
1019 2977 1039 3019 ἠ
1061 2974 1174 3024 παρά·
1251 2973 1421 3023 linguam
1441 2988 1562 3010 meam
1580 2990 1589 3014 ‚·
1607 2975 1699 3025 quia
1715 2979 1867 3012 crucior
1883 2979 1921 3012 in
1938 2976 2200 3028 Ιιιιιζίίαιηηιιι.

150 3033 272 3078 κλησις
299 3032 359 3069 οὐκ
387 3033 420 3069 ἐν
450 3034 561 3084 καιρῷ
592 3034 642 3084 τῷ
667 3032 778 3070 δέοντι
803 3033 982 3083 γινομένη.
1009 3033 1172 3084 Πέμψον,
1248 3035 1479 3072 suflicit-hant
1509 3036 1582 3072 lui-c
1609 3036 1714 3073 wrlnu
1744 3036 1789 3074 ml
1818 3037 2099 3076 111i›‹·ri‹·m·di.un
2126 3053 2200 3076 ιιιυ-

149 3092 252 3143 φησὶ,
271 3092 329 3130 τὸν
352 3093 511 3144 Λάζαρον
531 3095 660 3130 ἐκεῖνον
675 3123 683 3137 ,
700 3093 757 3131 τὸν
780 3093 929 3140 πένητα,
947 3094 983 3132 ὃν
1004 3095 1072 3145 πρὸ
1092 3096 1172 3131 τού-
1250 3095 1415 3140 verulani,
1437 3107 1677 3134 wruuitauueu
1703 3098 1791 3134 nihil
1814 3099 1888 3134 liam·
1906 3099 1957 3136 illi
1981 3102 2199 3150 prosuerunt.

147 3167 208 3190 του
247 3152 523 3204 ε’(ἱδελυττόμην,
549 3147 578 3205 ᾧ
614 3158 682 3192 τῶν
719 3154 847 3206 ψιχίων
881 3157 919 3192 οὐ
950 3155 1148 3204 μετεδίδουν
1164 3171 1171 3178 ·
1251 3156 1500 3207 luteuipestivu
1523 3157 1659 3208 quippe
1678 3159 1742 3195 suit
1764 3160 1947 3201 consessio.
1967 3170 1998 3197 et
2023 3175 2092 3198 non
2116 3176 2198 3199 euu-

150 3213 281 3251 ἐκείνου
298 3214 421 3264 δέομαι
433 3218 505 3259 νῦν,
520 3215 578 3253 καὶ
595 3215 652 3253 τὸν
673 3216 842 3254 δάκτυλον
858 3218 986 3253 ἐκεῖνον
1005 3217 1171 3261 ἐπιζητῶ,
1201 3222 1221 3250 Ι·“.
1250 3217 1400 3254 venienti
1427 3218 1544 3254 oblata
1576 3228 1732 3270 tempore
1751 3219 1964 3271 deprendat.
1992 3222 2109 3265 Mitte.
2140 3224 2196 3260 iu·

153 3273 186 3310 ’ὃν
209 3277 240 3312 οἱ
266 3274 362 3317 κύνες
382 3274 528 3326 ἔλειχον.
557 3270 655 3318 tiles<
684 3280 757 3320 πῶς
776 3277 990 3314 συνέστειλεν
1026 3278 1127 3314 αὐτὸν
1149 3281 1170 3323 ἡ
1249 3278 1344 3327 aptit,
1377 3280 1561 3322 Lamnum.
1595 3279 1695 3317 illuni
1719 3295 1931 3332 pauperem,
1960 3297 2064 3333 quein
2097 3294 2199 3323 mite-i

199 3416 211 3431 Ι·
234 3405 288 3437 Sic
305 3403 394 3436 Edu}
419 3405 520 3436 ciiiiln»
534 3430 542 3444 ,
558 3406 631 3438 Mun.
658 3415 767 3438 urite-ui
791 3419 907 3439 ‹nunu-s
934 3415 966 3438 rt
983 3407 1084 3439 smil.
1105 3409 1135 3439 in
1219 3419 1276 3446 τοῖς
1293 3415 1408 3447 μέλην,
1430 3418 1477 3443 τ’,ῤ
1501 3408 1563 3443 <5⁴4
1581 3420 1635 3453 .ῑμ.
1657 3416 1702 3446 ,αὶ
1722 3418 1749 3445 01
1763 3420 1910 3455 ''²².“'·“‘·

154 3469 255 3499 murg-
276 3462 393 3500 ὁρῶσιν.
419 3460 471 3490 dt«
495 3464 570 3502 γὰρ,
590 3465 676 3500 φησὶν
700 3464 713 3492 ὁ
744 3463 873 3498 Ursum),
892 3466 939 3494 τὸν
959 3467 1018 3498 Αὰζ
1032 3477 1093 3507 ’ραν
1111 3468 1136 3494 ἐι
