2513 3871
74 1400 160 1430 Psat.
187 1398 260 1430 105.

71 1445 111 1473 30

73 1648 163 1676 Num.
198 1644 250 1676 25.

75 2382 126 2407 Jrr
151 2387 262 2418 17.2t.

266 264 357 325 798
697 275 735 306 s.
775 273 960 304 sommis
995 270 1238 301 euersosr.

264 359 414 403 saniam,
428 370 497 408 qua
514 355 722 394 debacchati
738 355 822 392 estis
839 355 873 391 in
891 352 1095 399 Christum,
1109 364 1222 403 eoque

264 433 360 458 nunc
376 418 562 471 graviores
574 416 676 454 luitis
696 428 832 468 poenas.
851 414 994 453 Etenim
1009 413 1040 452 si
1059 413 1136 451 baec
1152 426 1222 451 non

265 488 318 518 est
333 492 438 517 causa
453 476 658 529 ignominiae
674 484 816 522 vestrae,
834 489 946 526 quare
959 476 1057 514 Deus
1070 488 1134 512 vos
1147 483 1224 512 tum

266 538 463 577 occidentes
483 537 615 576 liberos
636 546 774 576 vestros
790 536 978 582 toleravit,
991 549 1087 574 nunc
1105 544 1226 574 autem

265 614 285 637 a
300 599 431 638 talibus
444 598 661 638 abstinentes
676 595 892 636 aversatur?
905 596 1092 648 Siquidem
1110 596 1227 635 occiso

267 660 410 699 Christo
441 662 559 712 majus
586 659 802 711 graviusque
835 658 952 696 scelus
981 657 1230 703 commisistis,

268 735 377 773 quam
419 721 448 759 si
477 720 695 759 mactassetis
727 720 859 758 liberos
891 728 926 757 et
949 733 1092 758 omnem
1115 718 1228 770 legem

270 782 483 821 violassetis.

329 843 367 882 ὃ.
380 842 546 882 Etiamne
559 841 705 895 posthac
717 839 1009 880 audebitisillum
1022 854 1150 879 vocare
1161 841 1228 878 im·

280 912 459 956 postorem
472 918 513 942 ac
527 903 616 955 legis
634 912 928 955 transgressorem
941 919 949 949 3
960 917 1001 941 ac
1018 917 1088 940 non
1109 903 1230 954 potius

281 963 402 1016 aliquo
432 964 657 1011 secedentes,
681 979 745 1002 vos
772 965 868 1017 ipsos
900 964 1145 1010 occultamus,
1166 964 1228 1014 qui

272 1025 360 1078 ipsis
370 1025 485 1064 oculis
498 1026 704 1064 intueamini
718 1035 789 1064 tam
803 1025 1004 1064 evidentem
1017 1025 1229 1063 veritatem?

271 1086 413 1125 Etenim
425 1087 454 1124 si
467 1088 640 1138 impostor
653 1095 727 1124 erat
738 1087 856 1132 Jesus‚
872 1095 912 1123 ut
925 1085 1060 1132 dicitis,
1071 1085 1231 1136 legisque

269 1156 522 1198 transgressor,
546 1162 610 1199 par
635 1157 732 1194 erat,
762 1156 802 1185 ut
833 1147 919 1185 hinc
945 1147 1054 1184 etiam
1088 1147 1233 1185 laudem

270 1207 432 1253 ferretis,
455 1207 518 1258 qui
550 1207 655 1245 talem
682 1207 897 1245 occideritis.
919 1208 1010 1245 Nam
1030 1207 1059 1245 si
1082 1207 1236 1246 Phinees

272 1268 379 1306 unico
405 1276 543 1306 tantum
575 1277 733 1320 peremto
766 1268 911 1305 homine
940 1277 1053 1306 totam
1075 1269 1235 1306 numinis

271 1329 361 1367 iram
381 1328 554 1367 adversus
570 1329 745 1381 populum
764 1327 1052 1367 exardescentem
1068 1329 1207 1368 sedavit
1224 1344 1233 1366 ε

272 1389 383 1429 Stetit
398 1392 514 1435 enim,
530 1389 663 1440 inquit,
674 1389 856 1436 phinees,
868 1398 905 1427 et
914 1389 1087 1441 placavit
1098 1398 1135 1428 et
1149 1403 1235 1428 ces-

274 1456 376 1490 savit
397 1453 599 1504 quassatio
613 1467 629 1496 ;
648 1460 767 1502 totque
786 1450 949 1488 homines
966 1450 1100 1503 eripuit
1116 1451 1164 1489 ab
1183 1451 1235 1490 ira

274 1512 399 1551 divina
420 1513 526 1551 unius
547 1511 705 1550 bominis
725 1511 823 1550 caede
845 1527 853 1548 :
875 1511 990 1550 multo
1017 1514 1133 1564 magis
1160 1513 1236 1550 haec

275 1573 378 1613 vobis
391 1573 549 1627 oportuit
561 1573 733 1622 accidere,
744 1573 772 1611 si
789 1573 877 1625 legis
888 1582 1128 1625 transgressor
1139 1583 1235 1622 erat,

274 1649 380 1687 quem
402 1649 466 1673 vos
483 1634 728 1673 crucifixistis.
753 1635 828 1673 Cur
847 1635 972 1686 igitur,
989 1649 1125 1687 quaeso‚
1147 1635 1237 1673 Phi-

275 1710 378 1743 nees,
399 1696 476 1734 viro
507 1694 597 1747 legis
624 1704 885 1747 transgressore
915 1705 1096 1748 peremto,
1116 1696 1236 1748 justus

277 1757 423 1796 habitus
439 1767 506 1806 est,
521 1757 557 1795 in
584 1756 782 1795 sacerdotio
801 1757 1020 1796 honoratus?
1035 1771 1098 1796 vos
1116 1767 1237 1795 autem

275 1832 356 1857 cum
379 1819 415 1857 in
437 1833 578 1858 crucem
597 1818 742 1870 egeritis
770 1819 891 1857 virum
913 1819 1145 1872 impostorem
1164 1849 1174 1866 ‚
1198 1828 1237 1858 ut

274 1878 415 1928 dicitis,
451 1881 597 1930 Deoque
629 1879 875 1918 adversantem
897 1896 905 1916 ε
930 1881 991 1931 qui
1023 1880 1080 1927 sit,
1101 1889 1140 1918 ut
1167 1895 1236 1919 non

276 1941 397 1979 seratis
415 1940 559 1979 laudem
586 1949 621 1979 et
645 1940 816 1979 bonorem
833 1971 842 1989 ,
861 1955 985 1979 verum
1005 1941 1111 1979 etiam
1132 1955 1237 1980 acer-

276 2001 377 2040 biora
397 2002 490 2055 passi
506 2002 601 2048 sitis,
616 2016 724 2053 quam
745 2017 827 2041 cum
843 2003 937 2041 filios
952 2012 1088 2041 vestros
1101 2013 1237 2042 macta—

279 2063 389 2101 retis?
405 2066 531 2101 Annon
547 2062 640 2101 istud
658 2063 886 2116 perspicuum
899 2072 948 2102 est
963 2062 1018 2102 vel
1033 2064 1237 2109 hebetibus,

278 2137 344 2163 vos
355 2123 438 2175 quia
452 2124 625 2162 adversus
635 2126 861 2163 servatorem
875 2139 915 2163 ac
927 2125 1125 2177 principem
1140 2125 1239 2164 orbis

275 2186 386 2238 impie
399 2185 534 2236 egistis.
553 2186 614 2223 tali
633 2185 799 2224 vindictae
812 2185 968 2238 subjici?
984 2186 1030 2225 Et
1050 2200 1143 2224 nunc
1157 2201 1240 2225 sane

274 2247 462 2286 abstinetis
481 2261 500 2284 a
522 2247 655 2285 nefario
684 2247 879 2297 sanguine,
901 2248 1048 2286 sabbata
1069 2249 1237 2296 servatis,

276 2316 353 2346 tum
374 2322 457 2345 vero
481 2308 598 2360 ipsum
616 2308 722 2346 ctiam
742 2308 881 2347 sabbati
901 2309 998 2347 diem
1029 2309 1236 2348 violabatis.

278 2371 322 2407 At
334 2383 413 2408 ecce
429 2370 525 2406 Deus
540 2383 601 2421 per
614 2370 807 2409 Jeremiam
822 2369 986 2422 promisit
1000 2371 1087 2419 sore,
1100 2380 1139 2409 ut
1152 2385 1241 2424 par—

278 2440 369 2469 ceret
384 2430 520 2469 civitati
541 2440 682 2476 vestrae,
701 2431 729 2469 si
747 2430 965 2470 desisteretis
979 2441 1119 2483 gestare
1133 2446 1240 2471 onera

279 2492 439 2530 sabbato.
469 2491 541 2531 Sed
569 2491 638 2531 hoc
665 2507 760 2532 nunc
790 2493 923 2541 facitis,
951 2508 1065 2545 neque
1095 2495 1241 2546 gestatis

279 2568 384 2593 onera
402 2554 572 2601 sabbaim
590 2563 743 2593 attamen
763 2569 807 2593 ne
828 2555 879 2593 sic
898 2555 1043 2606 quidem
1063 2556 1167 2594 vobis
1187 2571 1242 2594 re-

281 2616 491 2654 conciliatur
518 2616 589 2654 ille.
621 2617 711 2654 Nam
743 2625 926 2669 peccatum
956 2616 1050 2655 illud
1081 2627 1241 2656 vestrum

281 2688 354 2715 erat
374 2679 533 2716 omnium
554 2677 770 2722 maximum,
791 2686 830 2715 ut
850 2677 915 2715 ista
937 2678 1040 2717 vobis
1059 2679 1243 2717 excusatio

283 2740 327 2776 ‹le
338 2740 486 2791 peccatis
500 2752 763 2792 supervacanea
780 2738 839 2776 sit.
857 2739 935 2777 Non
949 2739 1044 2777 enim
1057 2741 1104 2778 ob
1118 2749 1243 2779 caetera

286 2801 366 2838 vita:
398 2801 585 2839 commissa
599 2830 609 2846 ,
639 2800 701 2839 sed
731 2809 879 2853 propter
910 2801 1001 2840 illud
1037 2802 1174 2840 facinus
1207 2802 1243 2840 in

286 2861 342 2898 liis
373 2864 456 2900 estis
488 2861 764 2900 calamitatibus.
793 2861 901 2908 Quod
935 2864 969 2901 ni
997 2864 1047 2902 sic
1077 2863 1244 2911 haberet,

288 2924 382 2960 Deus
401 2923 498 2961 haud
519 2938 581 2962 vos
599 2923 723 2963 suisset
743 2923 879 2961 tamdiu
896 2934 1092 2970 aversatus,
1106 2926 1245 2965 etiamsi

289 2983 470 3022 innumera
501 2985 571 3022 alia
609 2995 750 3038 peccata
784 2986 1059 3025 commisissetis.
1091 2987 1132 3026 1ιί
1164 3001 1244 3026 cum

290 3046 514 3097 perspicuum
533 3047 578 3084 sit
602 3061 646 3085 ex
667 3047 836 3085 omnibus
855 3061 934 3098 qum.
955 3047 1049 3086 dicta
1077 3058 1177 3092 sunt.
1199 3062 1244 3088 ex

291 3106 378 3152 hoc,
400 3107 496 3157 quod
515 3108 679 3146 dicturus
698 3123 778 3146 sum
793 3140 803 3156 ,
824 3109 891 3147 crit
915 3109 1123 3148 dilucidius.
1145 3110 1246 3158 Quid

292 3177 340 3203 est
361 3167 452 3204 hoc?
469 3167 683 3206 Audivimus
702 3171 814 3207 Deum
834 3170 960 3208 erebro
977 3185 1039 3223 per
1060 3171 1250 3224 prophetas

292 3226 465 3265 dicentem
482 3229 678 3279 majoribus
697 3231 823 3268 vestris
839 3246 846 3267 ε
866 3232 940 3269 Vos
957 3233 1112 3283 quidem
1129 3235 1249 3271 eratis
1273 3247 1296 3276 n

294 3288 398 3336 digni
426 3289 537 3325 malis
565 3293 796 3333 e‘mmmeris:
819 3301 861 3329 at
880 3294 1078 3345 ego-facio
1095 3303 1251 3344 propter

298 3362 437 3385 nomen
470 3363 617 3394 meum.
645 3365 692 3388 ne
717 3353 951 3402 profanetur
983 3357 1084 3392 inter
1102 3363 1248 3406 gentes.

339 3480 351 3493 ·
369 3471 522 3512 Quinque
541 3470 616 3500 311⁸.
635 3477 822 3516 ιιςιιρύξιτι,
845 3475 873 3505 M
885 3475 965 3506 oret.
990 3480 1202 3519 -ατωρύξατι,

1245 1068 1293 1134 ⁶2³
1306 1086 1409 1139 φατὲ,
1432 1086 1493 1125 καὶ
1519 1087 1721 1137 παράνομος
1735 1117 1744 1133 ,
1762 1086 1822 1125 καὶ
1846 1089 2077 1137 εὐδοκιμῆσαι
2095 1091 2184 1137 ὓμᾶς
2204 1089 2312 1140 ἐχρῆν
2325 1116 2336 1134 ,

1279 270 1488 300 Attenia?-
1527 266 1887 299 CONSTANTINOP-

1295 351 1387 394 τίνος
1412 350 1530 389 ἕνεκεν
1554 348 1877 389 παιδοκτονούντων
1900 347 1963 399 μὲν
1988 350 2087 398 ὑμῶν
2102 348 2224 392 ὁΘεὸς
2244 349 2329 396 ἠνί-

1297 427 1404 464 οχετο
1425 411 1525 457 τότε,
1547 410 1657 459 μηδὲν
1683 409 1719 450 δὲ
1737 413 1894 449 τοιοῦτον
1918 409 2124 460 τολμῶντας
2153 409 2330 460 α’ποστρί-

1297 488 1399 525 φεται
1416 477 1476 512 ν’ὗν
1493 465 1570 518 3⁷11
1598 473 1701 519 δῆλον
1721 471 1776 511 ὅτι
1794 470 1855 509 καὶ
1875 470 2120 514 παιδοκτονίας
2138 470 2200 508 καὶ
2214 469 2332 517 πάσης

1299 532 1522 586 παρανομίας
1551 533 1672 585 πολλῷ
1701 538 1818 585 χεῖρον
1852 530 2072 581 ἐτολμήσατε
2097 531 2160 569 καὶ
2193 534 2332 581 μεῖζον,

1301 596 1358 633 τὸν
1379 593 1533 645 Χριστὸν
1551 593 1742 636 ἀνελόντες.

1357 839 1439 879 ΙΈτι
1457 832 1516 878 οὖν
1546 840 1704 885 ἀνέξεσθε
1732 840 1866 879 πλάνον
1901 841 2005 880 αὐτὸν
2033 840 2094 879 καὶ
2126 841 2332 895 παράνομον

1305 903 1426 939 καλεῖν
1440 931 1450 948 ,
1468 901 1591 940 εἴπατέ
1608 917 1689 952 μοι·
1706 901 1767 940 καὶ
1794 904 1856 940 οὐκ
1876 902 2084 946 ἀπελθόντες
2107 903 2249 948 ἑαυτούς
2267 918 2334 942 που

1305 963 1547 1015 'nummi-Este,
1558 963 1644 1014 πρὸς
1661 962 1751 1002 οὕτω
1762 963 1915 1015 φανερὰν
1930 965 2152 1015 πραγμάτων
2168 965 2335 1012 ἀλήθειαν

1306 1025 1595 1071 ἀντιὸλέποντες
1619 1026 1662 1063 Εἴ
1681 1025 1751 1078 γὰρ
1770 1025 1901 1069 πλάνος
1919 1019 1962 1071 ἧν
1978 1028 1996 1063 ὁ
2013 1025 2161 1072 Ἰησοῦς,
2175 1025 2335 1076 καθάπερ

1305 1147 1359 1185 ὅτι
1373 1147 1474 1186 αὐτὸν
1495 1147 1734 1185 ἀπεκτείνατε.
1755 1149 1797 1186 Εἴ
1815 1147 1883 1198 γὰρ
1905 1151 1923 1186 ὁ
1945 1148 2072 1191 Φινεὲς
2085 1147 2147 1186 ἕνα
2165 1148 2245 1187 τινὰ
2259 1148 2335 1186 ἆνε-

1306 1207 1398 1254 λὼν,
1417 1208 1607 1260 ὁλόκληρον
1623 1208 1687 1254 τὴν
1708 1208 1799 1246 κατὰ
1818 1212 1877 1247 τοῦ
1906 1209 2022 1253 ἔθνους
2040 1209 2147 1262 ὀργὴν
2166 1208 2335 1247 ἔπαυσεν·

1306 1267 1423 1314 Ἐστη
1438 1268 1508 1320 γὰρ
1522 1269 1661 1315 Φινεὲς,
1679 1269 1779 1320 φησὶ,
1795 1268 1855 1306 καὶ
1872 1268 2070 1317 ἐξιλάσατο,
2086 1268 2147 1307 καὶ
2162 1269 2337 1308 ἐκόπασεν

1307 1333 1328 1376 ἡ
1363 1332 1506 1381 θραῧσις
1521 1343 1529 1352 ·
1554 1329 1614 1366 καὶ
1647 1329 1833 1372 τοσούτους
1866 1329 2112 1377 άσεὸήσαντας
2136 1329 2340 1380 ἀνθρώπους

1308 1389 1483 1442 ἐξήρπασε
1502 1391 1566 1436 τῆς
1582 1391 1688 1441 ὀργῆς
1709 1393 1770 1428 τοῦ
1792 1392 1887 1429 Θεοῦ
1909 1396 1974 1443 μιᾷ
1994 1392 2111 1442 σφαγῇ
2130 1388 2340 1443 παρανόμου

1309 1452 1400 1495 τινὸς
1419 1451 1554 1502 ἀνδρός·
1571 1453 1693 1504 πολλῷ
1713 1453 1846 1503 μᾶλλον
1866 1454 1919 1504 ἐφ’
1937 1454 2036 1503 ὑμῶν
2061 1456 2162 1491 τοῦτο
2180 1453 2340 1502 γενέσθαι

1309 1514 1439 1566 ἐχρῆν,
1465 1512 1497 1550 εἴ
1522 1528 1561 1563 γε
1591 1513 1796 1565 παράνομος
1814 1507 1959 1564 ἧνὸὓφ’
1988 1515 2087 1564 ὑμῶν
2116 1512 2341 1565 σταυρωθείς.

1310 1575 1359 1613 Τί
1375 1574 1505 1622 δήποτε
1525 1567 1582 1612 οὖν
1603 1577 1621 1612 ὃ
1639 1574 1702 1625 μὲν
1721 1574 1848 1618 Φινεὲς
1864 1575 1974 1626 ἄνδρα
1990 1574 2194 1626 παράνομον
2210 1573 2341 1613 ἀνελὼν

1309 1637 1524 1684 ἐδικαιοῦτο,
1543 1635 1604 1674 καὶ
1623 1635 1794 1687 ἱερωσύνῃ
1824 1637 1990 1687 ἐτιμᾶτο·
2007 1638 2106 1686 ὑμεῖς
2131 1635 2186 1683 δὲ,
2201 1638 2249 1679 ὡς
2269 1650 2338 1688 φα-

1310 1697 1362 1742 τὲ,
1378 1697 1509 1736 πλάνον
1532 1697 1592 1735 καὶ
1613 1697 1768 1736 ἀντίθεόν
1785 1712 1864 1734 τινα
1884 1696 2161 1750 σταυρώσαντες,
2177 1699 2216 1736 οὐ
2235 1698 2340 1748 μόνον

1310 1760 1374 1796 οὐκ
1394 1759 1609 1808 εὐδοκιμεῖτε
1631 1758 1706 1797 οὐδὲ
1726 1762 1892 1809 τιμᾶσθε,
1914 1758 2004 1796 ἀλλὰ
2024 1758 2084 1796 καὶ
2108 1758 2340 1811 χαλεπώτερα

1312 1820 1479 1868 ἐπάθετε,
1511 1819 1534 1866 ἢ
1565 1820 1624 1859 ὅτε
1658 1819 1735 1862 τοὺς
1778 1818 1871 1863 υἱοὺς
1902 1821 2000 1870 ὑμῶν
2031 1821 2244 1872 ἐσφάττετες
2278 1820 2340 1859 οὐκ

1313 1881 1458 1927 εὔδηλον
1485 1881 1547 1920 καὶ
1565 1887 1635 1924 τοῖς
1657 1880 1792 1933 σφόδρα
1807 1880 1979 1927 ἀνοήτοις,
1994 1880 2060 1928 ὅτι,
2071 1879 2194 1926 ἐπειδὴ
2215 1882 2262 1924 εἷς
2280 1879 2340 1919 τὸν

1313 1943 1467 1994 Σωτῆρα
1487 1943 1546 1981 καὶ
1577 1943 1779 1996 προστάτην
1807 1944 1870 1988 τῆς
1901 1941 2104 1993 οἰκουμένης
2132 1941 2342 1994 παρηνομή·

1313 2020 1412 2051 σατε,
1431 2002 1595 2051 τοιαύτην
1614 2003 1804 2054 ὑπομένετε
1826 2003 1950 2050 &ix-qu
1970 2002 2095 2042 Καίτοι
2124 2018 2164 2054 γε
2191 2005 2251 2041 νῦν
2281 2001 2343 2041 καὶ

1314 2065 1474 2116 αἱμάτων
1488 2066 1661 2118 ἀπέχεσθε
1679 2067 1829 2118 μιαρῶν,
1844 2065 1903 2102 καὶ
1917 2065 2082 2104 enicem-m
2103 2065 2342 2118 τηρεῖτε·τότε

1315 2128 1351 2166 δὲ
1374 2127 1434 2166 καὶ
1455 2128 1501 2170 εἰς
1522 2127 1628 2172 αὐτὴν
1660 2127 1854 2178 ἐνυὸρίζετε
1874 2126 1937 2174 τὴν
1958 2127 2106 2179 ἡμέραν.
2129 2126 2198 2166 Καὶ
2217 2129 2236 2165 ὁ
2253 2125 2344 2170 Θεὸς

1315 2188 1552 2240 ἐπηγγέλλετο
1570 2188 1628 2227 διὰ
1646 2191 1706 2227 τοῦ
1727 2186 1898 2241 Ἱερεμίου
1911 2217 1920 2234 ,
1935 2187 2110 2239 φείδεσθαι
2129 2190 2191 2234 τῆς
2210 2187 2345 2231 πόλεως

1314 2253 1464 2300 ὕμῶν,εἷ
1480 2251 1670 2289 παύσοισθε
1689 2249 1844 2302 αἴροντες
1861 2249 2098 2301 βαστάγματα
2114 2250 2148 2287 ἐν
2162 2248 2344 2302 σαὸὅάτῳ·

1316 2313 1394 2350 ἀλλ’
1414 2310 1486 2350 ἰδοὺ
1506 2315 1565 2349 νῦν
1589 2316 1690 2350 τοῦτο
1709 2317 1842 2349 ποιεῖτε
1855 2341 1865 2358 ,
1888 2310 1948 2349 καὶ
1967 2312 2030 2349 οὐκ
2057 2310 2174 2361 αἴρετε
2207 2311 2345 2361 βαστά·

1316 2389 1436 2425 γματα
1463 2375 1498 2411 ἐν
1517 2373 1710 2426 σαὸῧάτῳ,
1730 2373 1791 2412 καὶ
1813 2372 1892 2412 οὐδὲ
1921 2372 2031 2415 οὕτως
2064 2372 2347 2411 καταλλάττεται

1316 2439 1411 2485 ὑμῖν.
1429 2435 1482 2474 Τὸ
1501 2434 1568 2487 γὰρ
1584 2435 1781 2488 ἁμάρτημα
1802 2436 1903 2485 ὑμῶν
1923 2435 2035 2472 ἐκεῖνο
2050 2432 2216 2472 ἁπάντων
2230 2435 2348 2484 μεῖζον

1317 2491 1374 2543 ἦν,
1386 2495 1476 2534 ὥστε
1495 2496 1656 2547 περιττὸς
1675 2498 1756 2546 ὑμῖν
1772 2489 1870 2540 οὗτος
1887 2499 1904 2534 ὁ
1921 2496 2022 2546 λόγος
2033 2497 2052 2532 ὁ
2067 2499 2137 2534 τῶν
2150 2495 2348 2546 ἁμαρτιῶν.

1318 2560 1371 2597 Οὐ
1391 2558 1459 2610 γὰρ
1480 2557 1537 2596 διὰ
1555 2558 1613 2597 τὸν
1635 2558 1754 2596 λοιπὸν
1779 2560 1877 2608 ὑμῶν
1897 2557 1991 2609 βίον,
2011 2556 2103 2596 ἀλλὰ
2118 2557 2162 2594 δι’
2181 2557 2294 2595 ἐκεῖνο
2310 2555 2350 2594 τὸ

1318 2620 1486 2669 τόλμημα
1502 2621 1537 2657 ἐν
1553 2624 1624 2662 τοῖς
1639 2622 1808 2671 παροῦσιν
1824 2618 1901 2657 ἐστὲ
1916 2619 2052 2661 δεινοῖς.
2069 2617 2183 2656 Ὥστε
2197 2617 2228 2655 εἴ
2241 2631 2281 2668 γε
2298 2615 2347 2667 μὴ

1318 2684 1418 2720 τοῦτο
1435 2674 1491 2726 ἦν,
1511 2680 1573 2719 οὐκ
1599 2680 1639 2717 ἂν
1657 2680 1714 2718 ἐπὶ
1734 2682 1897 2718 τοσοῦτον
1916 2682 1934 2718 ὁ
1949 2679 2039 2721 Θεὸς
2058 2680 2150 2728 ὑμᾶς
2171 2678 2351 2729 ἀπεστρά-

1320 2758 1383 2794 φη.
1395 2742 1494 2780 εἶκαὶ
1508 2740 1616 2794 μυρία
1628 2735 1690 2788 ἦτε
1706 2739 1963 2793 ἡμαρτηκότες·
1980 2739 2040 2778 καὶ
2055 2740 2160 2785 δῆλον
2177 2738 2216 2777 ἐκ
2230 2755 2268 2778 τε
2280 2741 2350 2778 τῶν

1321 2802 1514 2856 εἰρημένων
1534 2802 1711 2849 ἁπάντων,
1729 2801 1788 2840 καὶ
1807 2801 1927 2840 τούτου
1943 2795 1981 2839 οὗ
2005 2800 2123 2850 μέλλω
2139 2800 2253 2851 λέγειν
2279 2803 2350 2839 νῦν.

1320 2867 1354 2904 Τ
1359 2866 1368 2903 ί
1397 2865 1431 2904 δὲ
1457 2864 1559 2903 τοῦτό
1583 2867 1700 2910 ἐστιν;
1722 2863 1945 2913 Ἠκούσαμεν
1965 2865 2025 2900 τοῦ
2057 2864 2150 2901 Θεοῦ
2181 2861 2352 2906 πολλάκις

1321 2926 1481 2976 λέγοντος
1498 2925 1554 2964 διὰ
1575 2928 1645 2963 τῶν
1670 2927 1858 2977 προφητῶν
1883 2925 1970 2976 πρὸς
1995 2924 2073 2967 τοὺς
2100 2922 2257 2977 πατέρας
2273 2921 2352 2966 τοὺς

1321 2987 1523 3039 ὑμετέρους,
1534 2986 1718 3037 &Crya—21<
1735 2986 1796 3037 μὲν
1812 2986 1900 3030 ἄξιοι
1913 2986 2046 3041 μυρίων
2060 2980 2122 3032 ἧτι
2138 2987 2270 3023 κακῶν·
2282 2983 2352 3036 ἐγὼ

1323 3049 1374 3093 δὲ,
1393 3049 1492 3102 φησὶ,
1511 3050 1602 3087 ποιῶ
1622 3047 1679 3087 διὰ
1697 3047 1738 3085 τὸ
1755 3047 1865 3096 ὄνομά
1882 3046 2033 3096 μου,ἳνα
2048 3047 2096 3097 μὴ
2114 3046 2300 3098 βεὸηλωθῇ
2316 3047 2352 3084 ἐν

1323 3116 1395 3154 τοῖς
1415 3110 1540 3150 ἔθνεσι.
1566 3109 1635 3149 Καὶ
1655 3108 1779 3147 πάλιν·
1796 3111 1850 3146 Οὐ
1866 3109 1910 3146 δι’
1931 3113 2021 3158 ὑμᾶς
2039 3107 2109 3159 ἐγὼ
2127 3108 2241 3151 ποιῶ,
2260 3121 2279 3145 ο

1323 3178 1384 3211 τοῦ
1397 3171 1563 3222 Ἰσραὴλ,
1585 3170 1662 3210 ἀλλ’
1682 3169 1704 3216 ἢ
1730 3169 1787 3207 διὰ
1806 3169 1846 3207 τὸ
1864 3169 1974 3218 ὄνομά
2005 3183 2083 3218 μου.
2097 3168 2147 3206 ”O
2165 3168 2202 3205 δὲ
2233 3165 2353 3217 λέγει,

1323 3233 1478 3272 τοιοῦτόν
1495 3234 1582 3271 ἐστι·
1605 3231 1798 3284 βαρυτέρας
1820 3229 1883 3280 μὲν
1901 3231 2074 3282 τιμωρίας
2098 3224 2161 3276 ἦτε
2180 3228 2268 3274 ἄξιοι
2292 3227 2353 3266 καὶ

1325 3294 1512 3338 κολάσεως·
1531 3294 1608 3331 ἀλλ’
1624 3292 1680 3331 ἵνα
1696 3292 1745 3343 μή
1765 3307 1817 3335 τις
1836 3291 1920 3343 λέγῃ
1936 3322 1945 3338 ,
1961 3292 2012 3329 ὅτι
2036 3293 2189 3330 ἀσθενῶν
2205 3292 2223 3328 ὁ
2241 3288 2352 3337 Θεὸς,

1325 3357 1384 3395 καὶ
1412 3355 1460 3406 μὴ
1481 3355 1668 3406 δυνάμενος
1688 3355 1812 3399 σῶσαι,
1836 3354 1949 3404 ἀφῆκε
1969 3351 2047 3395 τοὺς
2065 3350 2256 3395 Ἰουδαίους
2275 3355 2351 3394 ταῖς
