2513 3871
335 236 426 283 382

328 333 508 385 quiescere
525 332 661 372 sinente
683 347 691 369 ε
717 345 833 383 neque
850 332 946 371 enim
966 332 1026 371 bic
1053 332 1200 371 morbus
1219 332 1286 371 tri-

327 394 461 432 stitiam
478 393 608 439 solum,
632 392 695 432 sed
713 393 820 432 etiam
841 392 1104 433 intolerabilem
1127 394 1287 433 furorem

328 468 451 506 parere
477 454 581 493 solet.
610 455 726 505 Atque
750 453 827 493 brec
851 453 908 492 vel
931 454 1074 505 singula
1099 455 1185 493 satis
1215 457 1288 494 sint

329 528 409 566 quae
429 515 495 554 boc
516 514 649 554 morbo>
668 523 813 567 captum
842 514 1031 553 conficiant
1053 529 1062 552 :
1082 514 1137 554 sin
1165 524 1284 555 autem

326 574 434 613 simul
460 576 647 628 conjuncta
667 583 896 628 oppugnent,
922 589 1005 614 eum
1031 575 1175 616 assidue
1198 590 1285 630 pre-

327 637 475 683 mentia,
494 651 558 675 nec
577 636 767 675 minimum
787 636 819 675 ei
841 636 1039 689 respirandi
1059 645 1200 691 tempus
1221 638 1285 676 tri·

325 697 485 745 buentia,
500 712 571 750 qua
587 712 656 737 non
672 708 785 737 morte
800 698 836 737 id
851 698 1016 737 acerbius
1025 699 1100 737 sit?
1113 700 1206 739 Nam
1220 714 1285 739 seu

324 768 522 798 extremam
541 769 748 812 egestatem,
764 774 824 799 seu
842 759 1077 798 insanabilem
1096 760 1282 806 morbum,

324 833 387 860 seu
403 821 538 873 ignem,
556 836 616 860 seu
637 822 770 860 serrum
790 821 964 869 nomines,
983 821 1073 859 nihil
1096 836 1161 874 par
1180 822 1285 861 dixe-

325 881 377 919 ris
395 897 404 919 ε
423 881 459 921 id
476 882 542 921 soli
558 883 695 935 experti
717 882 828 935 probe
847 882 975 921 sciunt.
993 883 1100 922 Nulla
1120 893 1171 922 cst
1191 884 1286 922 enim

325 940 467 981 dicendi
490 953 584 982 tanta
605 944 680 992 vis,
708 958 789 995 qua:
816 944 899 982 mali
928 944 1140 995 gravitatem
1165 959 1287 984 conse·

330 1013 475 1054 quatur.
492 1005 633 1044 Etenim
649 1019 730 1043 cum
743 1005 904 1043 omnium
918 1005 1156 1052 carissimam,
1173 1016 1206 1044 et
1222 1021 1288 1059 pro

336 1079 407 1117 qua
424 1066 551 1105 lubens
574 1067 632 1106 vel
650 1067 763 1105 vitam
785 1066 980 1119 impendat,
999 1077 1197 1120 suspectam
1218 1068 1289 1106 ha·-
1309 1074 1334 1104 c

304 1143 312 1146 ·
334 1125 418 1165 bere
426 1140 567 1180 semper
577 1127 730 1178 cogitur,
741 1127 829 1178 quid
842 1137 893 1166 est
906 1129 1052 1166 omnino
1066 1128 1165 1178 quod
1181 1128 1288 1167 solari

329 1201 411 1226 eum
429 1188 567 1240 possit?
582 1189 652 1227 Seu
673 1201 826 1238 namque
841 1201 1005 1225 somnum
1025 1187 1134 1235 inire,
1150 1202 1212 1226 seu
1231 1190 1287 1226 ci-

329 1247 418 1286 bum
445 1258 641 1299 potumque
670 1262 795 1299 capere
821 1261 1004 1286 necessum
1025 1247 1096 1297 sit,
1128 1262 1288 1287 mensam

327 1308 496 1347 letalibus
514 1307 659 1346 venenis
677 1309 795 1360 potius
808 1322 918 1359 quam
932 1306 1065 1346 eduliis
1077 1309 1288 1347 instructam

327 1367 448 1408 credet
471 1385 480 1409 z
500 1368 535 1407 in
554 1368 646 1407 lecto
665 1383 729 1407 nec
750 1369 807 1407 vel
833 1377 1011 1407 momento
1032 1369 1205 1419 quiescet,
1226 1369 1289 1408 sed

328 1438 512 1481 tamquam
520 1428 693 1481 subjectis
706 1429 832 1481 prunis
845 1429 1010 1468 aestuabit
1021 1429 1286 1482 acjactabitur:

328 1505 443 1544 neque
455 1499 516 1530 aut
531 1491 729 1529 amicorum
748 1504 970 1542 congressus,
984 1500 1046 1529 aut
1062 1492 1287 1543 negotiorum

327 1567 435 1603 cura,
451 1561 514 1591 aut
534 1552 779 1605 periculorum
800 1561 935 1599 metus,
955 1561 1016 1590 aut
1038 1552 1162 1604 ingens
1177 1553 1286 1592 volu·

326 1623 422 1666 ptas‚
440 1623 503 1653 aut
520 1613 622 1652 aliud
646 1612 842 1665 quidquam
863 1613 910 1651 ab
928 1627 968 1651 eo
991 1622 1079 1651 :estu
1104 1614 1287 1653 hominem

325 1674 504 1714 abducere
530 1684 659 1728 potest.
686 1673 748 1713 sed
778 1675 932 1727 procella
962 1673 1038 1712 haec
1064 1675 1232 1713 omnibus
1253 1685 1288 1714 ct

322 1735 495 1788 jucundis
510 1746 544 1774 et
559 1735 722 1774 tristibus
740 1736 918 1789 potentius
937 1736 1100 1774 animum
1116 1737 1286 1789 possidet.

129 1797 219 1823 ⁶⁰³¹·
235 1793 269 1824 ⁸·
280 1795 311 1826 6·
331 1798 418 1836 Haec
431 1812 514 1836 cum
527 1798 765 1850 perspexisset
777 1797 962 1845 Salomon,
973 1797 1138 1836 dicebat:
1155 1799 1287 1837 Durus

129 1860 219 1887 Ριντν.
243 1860 274 1888 s..

127 1900 178 1940 333.
198 1901 248 1930 3¹1.

327 1862 425 1899 sicut
441 1861 618 1911 infernus
636 1859 813 1901 :elusset
830 1873 973 1896 rursum
990 1888 1000 1904 ,
1022 1860 1170 1897 Plenus
1184 1862 1287 1898 enim

328 1922 403 1960 zeli
417 1924 499 1973 ejus
514 1923 593 1960 viri
593 1920 731 1974 sur-or,
750 1934 828 1958 non
846 1929 980 1971 parcet
999 1925 1041 1959 In
1057 1922 1120 1959 die
1125 1920 1287 1973 judicii,
1309 1931 1334 1961 D

330 1997 400 2022 nec
431 1984 669 2021 redemtione
696 1982 782 2020 ulla
808 1984 1034 2020 inimicitias
1063 1991 1287 2032 componet,

330 2059 400 2083 nec
426 2046 644 2096 quantisvis
671 2045 784 2082 donis
812 2043 1046 2095 placabitur.
1068 2045 1102 2083 Is
1122 2054 1174 2082 est
1193 2045 1287 2084 enim

330 2107 446 2145 morbi
468 2106 575 2159 hujus
593 2106 706 2152 furor,
729 2115 768 2143 ut
793 2119 855 2143 nec
875 2115 992 2143 sumto
1009 2104 1054 2143 dc·
1074 2119 1114 2143 eo
1137 2106 1199 2156 qui
1223 2108 1289 2144 ltc-

331 2167 418 2206 serit
444 2166 645 2219 supplicio,
664 2165 823 2204 dolorem
846 2166 996 2204 missum
1025 2167 1142 2205 saciat.
1162 2168 1290 2218 Itaque

335 2228 456 2273 multi,
474 2227 635 2265 adultero
660 2227 820 2274 sublato,
843 2227 931 2264 iram
962 2235 1069 2278 atque
1099 2242 1287 2266 moerorem

332 2289 454 2328 tollere
484 2302 551 2326 non
576 2297 779 2341 potuerunt.
806 2288 899 2326 sunt
924 2297 958 2326 et
989 2289 1052 2340 qui
1086 2289 1187 2328 caesis
1214 2291 1289 2330 suis

333 2350 564 2402 conjugibus,
587 2364 705 2401 aeque,
727 2349 800 2387 imo
816 2351 943 2401 magiS,
969 2364 1010 2388 eo
1033 2364 1120 2402 rogo
1149 2365 1289 2391 exarse-

330 2412 412 2449 rint.
434 2415 485 2450 Ac
512 2413 570 2450 vir
598 2410 744 2463 quidem
770 2411 806 2448 in
835 2410 892 2449 his
918 2410 1022 2449 malis
1046 2411 1159 2463 degit,
1181 2413 1288 2451 etiam

329 2487 410 2511 cum
442 2473 534 2511 nihil
561 2486 687 2511 verum
713 2473 774 2511 sit.
805 2474 982 2512 Caeterum
1010 2473 1138 2512 misera
1167 2474 1231 2512 illa
1256 2483 1290 2512 et

329 2547 526 2572 aerumnosa
557 2534 615 2572 vel
642 2534 720 2573 viro
750 2535 899 2585 gravius
929 2534 1170 2574 excruciatur.
1197 2537 1289 2575 Nam

328 2610 410 2634 cum
439 2609 546 2644 eum,
571 2595 634 2646 qui
660 2609 901 2634 aerumnarum
931 2596 1094 2635 omnium
1120 2596 1289 2636 solatium

328 2671 403 2695 esse
429 2656 579 2705 debeat,
597 2665 632 2694 et
659 2655 752 2694 unde
775 2656 984 2709 praesidium
1007 2656 1289 2710 exspectandum

329 2717 396 2763 sit,
416 2717 565 2755 esserum
593 2724 702 2767 atque
728 2716 890 2753 omnium
915 2715 950 2754 in
978 2730 1014 2754 se
1039 2714 1290 2755 inimicissime
1313 2722 1336 2753 F.

329 2779 497 2816 affectum
526 2777 659 2824 cernit,
684 2791 757 2828 quo
777 2777 853 2829 jam
879 2791 915 2815 se
943 2777 1090 2816 vertat?
1107 2776 1153 2817 ad
1180 2791 1287 2829 quem

331 2839 540 2890 confugiat?
555 2838 649 2876 unde
663 2839 838 2877 malorum
855 2838 1035 2877 auxilium
1053 2847 1162 2891 petat,
1182 2847 1288 2891 portu

330 2900 361 2939 ei
394 2908 620 2953 praestrueto‚
651 2908 685 2937 et
714 2899 1038 2947 innumerabilibus
1057 2899 1215 2952 scopulis
1235 2913 1289 2939 re·

332 2963 448 3001 serto?
463 2962 560 3000 Turn
579 2970 614 3000 et
631 2962 724 2999 servi
743 2971 776 2999 et
795 2961 936 2999 ancilla:
957 2961 992 2999 in
1008 2975 1084 2999 eam
1103 2961 1184 3000 viro
1202 2975 1290 2999 con·

331 3023 587 3061 tumeliosiores
608 3030 701 3060 sunt.
727 3023 790 3060 Est
810 3021 906 3060 enim
933 3035 1044 3074 genus
1074 3022 1140 3060 lioc
1166 3021 1289 3060 homi-

333 3098 433 3132 num,
449 3098 531 3122 cum
545 3083 681 3134 alioqui
697 3083 934 3136 suspiciosum
950 3092 982 3122 et
1000 3084 1194 3136 ingratum,
1211 3092 1288 3122 tum

332 3145 480 3183 licentiat
507 3146 586 3197 plus
614 3144 722 3193 nacti,
745 3145 906 3196 interque
928 3158 964 3181 se
989 3145 1159 3183 adversos
1188 3145 1290 3182 heros

332 3207 602 3257 conspicientes,
615 3220 660 3243 ex
675 3220 798 3243 eorum
815 3205 912 3244 bello
933 3220 1000 3244 uon
1022 3206 1135 3244 levem
1154 3205 1287 3258 impro-

333 3269 454 3307 bitatis
479 3285 550 3308 sua:
577 3285 697 3307 ansam
722 3270 877 3322 capiunt.
900 3273 990 3310 Nam
1019 3281 1093 3309 tum
1115 3271 1159 3309 iis
1179 3271 1289 3322 quid-

331 3333 419 3385 quid
458 3333 557 3371 lubet
583 3347 719 3370 summa
746 3334 957 3386 impunitate
982 3336 1115 3386 fingere
1138 3345 1171 3374 et
1195 3350 1290 3374 coiu-
1314 3347 1335 3375 Α

378 3465 394 3489 b
418 3464 496 3505 ch.
515 3469 683 3504 ἀναγαγεῖν.

1302 3309 1350 3334 su

756 249 793 280 S.
833 250 1020 281 loannis
1055 248 1299 281 cttnvsos‘r.
1340 246 1549 282 Ancfflm‘.
1587 252 1945 285 consrauTtnot’.

1360 334 1400 373 τὸ
1435 334 1545 374 δεινὸν
1589 335 1739 376 ἅπτεται
1781 337 1925 389 κέντρου
1970 337 2100 383 παντὸς
2136 338 2386 391 χαλεπώτερον

1358 397 1571 450 παρακνίζον
1600 398 1662 438 καὶ
1691 400 1840 451 ἔρεθίζον
1869 401 1976 439 αὐτοῦ
2003 399 2067 446 τὴν
2103 399 2242 452 ψιη-ὴν,
2259 400 2320 439 καὶ
2345 402 2385 440 οὗ

1359 463 1563 513 συγιωροῧν
1604 463 1749 512 ἠρεμεῖν
1768 475 1776 485 ·
1807 463 1846 500 οὗ
1876 460 1944 512 γὰρ
1971 460 2123 511 ἀθυμίαν
2157 461 2260 512 μόνον
2294 461 2384 508 αὕτη

1358 525 1380 568 ἡ
1412 521 1533 569 νόσος,
1559 520 1651 561 ἀλλὰ
1685 522 1744 560 καὶ
1775 522 1885 569 θυμὸν
1913 520 2088 574 ἀφόρητον
2113 522 2246 562 τίκτειν
2273 524 2385 562 εἴωθε.

1359 582 1502 622 Ἰὀύτων
1528 582 1565 622 δὲ
1594 583 1742 622 ἕκαστον
1767 583 1827 622 καὶ
1846 584 1923 621 καθ’
1946 583 2049 621 ἑαυτὸ
2067 582 2130 633 μὲν
2155 585 2273 624 ἱκανὸν
2294 587 2386 624 ἀπο·

1357 647 1457 685 λέσαι
1498 646 1558 685 τὸν
1602 646 1754 684 ἁλόντα·
1783 646 1866 684 ὅταν
1898 644 1934 685 δὲ
1966 645 2027 684 καὶ
2056 647 2144 696 ὁμοῦ
2177 647 2386 685 συνελθόντα

1357 708 1551 759 πολιορκῇ,
1571 708 1724 759 συνεχῶς
1752 707 1858 746 αὑτὸν
1887 705 2067 754 πιέζοντα,
2085 706 2146 745 καὶ
2179 706 2256 746 οὐδε
2291 709 2385 759 βρα-

1358 769 1421 821 χὺν
1464 771 1632 808 ἀναπνεῖν
1661 772 1911 821 συγχωροῦντα
1947 768 2094 821 καιρὸν,
2125 768 2244 808 πόσων
2285 771 2389 809 τοῦτο

1357 830 1515 870 θανάτων
1543 832 1582 869 οὐ
1614 829 1960 883 χαλεπώτερον;Ἄν
1987 845 2025 869 τε
2055 830 2124 882 γὰρ
2143 830 2264 870 πενίαν
2292 830 2385 870 εἴποι

1358 907 1410 935 τις
1434 892 1498 939 τὴν
1521 890 1674 944 ἐσχάτην
1690 921 1700 936 ,
1730 892 1774 930 ἄν
1803 908 1842 930 τε
1873 892 1971 931 νόσον
1993 891 2133 930 ἀνίατον
2149 922 2160 940 ,
2179 891 2223 931 ἄν
2238 907 2276 932 τε
2299 896 2384 943 πῦρ,

1358 954 1399 993 ἄν
1433 969 1471 992 τε
1500 955 1660 1004 σίδηρον,
1684 952 1781 992 οὐδὲν
1808 953 1880 993 ἴσον
1907 955 1991 1006 ἐρεῖ.
2030 953 2099 993 Καὶ
2119 958 2222 993 τοῦτο
2248 953 2281 992 οἱ
2307 957 2384 992 πεῖ-

1359 1030 1421 1067 ραν
1453 1015 1617 1059 λαθόντες
1637 1015 1734 1054 ἴσασι
1756 1015 1855 1065 μόνοι
1885 1016 2000 1058 καλῶς
2018 1030 2026 1039 ·
2046 1015 2148 1067 λόγος
2177 1014 2246 1067 γὰρ
2274 1014 2384 1058 οὐδεὶς

1358 1076 1399 1114 ἂν
1435 1076 1673 1127 παραστησειε
1704 1079 1764 1114 τοῦ
1798 1077 1908 1115 δεινοῦ
1939 1075 2003 1122 τὴν
2030 1075 2241 1128 ὓπερὸολῆν.
2267 1074 2384 1114 Ὅταν

1357 1137 1425 1189 γὰρ
1461 1137 1525 1183 τὴν
1561 1137 1715 1186 μάλιστα
1742 1138 1884 1176 πάντων
1917 1137 2178 1189 ἀγαπωμένην,
2203 1136 2264 1175 καὶ
2294 1135 2384 1187 &trip

1357 1191 1398 1243 ἧς
1448 1197 1488 1234 ἂν
1539 1197 1650 1243 ἡδέως
1693 1198 1753 1236 καὶ
1794 1197 1858 1245 τὴν
1889 1198 2007 1250 ψυχὴν
2044 1196 2222 1250 προΐοιτο,
2250 1197 2383 1244 ταύτην

1359 1257 1602 1307 ἀναγκάζηται
1635 1258 1678 1295 δι’
1714 1257 1865 1310 ὑποψίας
1893 1257 1986 1310 ἔχειν
2018 1258 2143 1306 debr(
2171 1260 2242 1297 τῶν
2272 1258 2385 1298 ἁπάν-

1358 1333 1427 1356 των
1459 1317 1560 1355 αὐτὸν
1589 1317 1914 1369 παραμυθήσασθαι
1945 1318 2074 1357 δύναιτ’
2097 1319 2157 1367 ἄν;
2173 1318 2234 1358 ’Λν
2252 1335 2292 1358 τε
2315 1319 2385 1372 γὰρ

1359 1380 1406 1422 εἷς
1426 1377 1525 1424 εὐνὴν
1553 1377 1767 1431 τρέπεσθαι,
1786 1380 1827 1417 ἅν
1847 1394 1886 1417 τι
1907 1385 2002 1418 σῖτον
2022 1379 2164 1418 ἑλέσθαι
2190 1379 2250 1418 καὶ
2278 1380 2385 1419 πότον

1358 1439 1417 1491 δέῃ
1430 1470 1441 1487 ,
1463 1439 1527 1486 τὴν
1564 1439 1628 1489 μὲν
1651 1439 1827 1491 τράπεζαν
1848 1441 2006 1486 οἰήσεται
2025 1440 2247 1494 δηλητηρίων
2265 1440 2386 1493 γέμειν

1357 1501 1553 1554 φαρμάκων
1580 1502 1713 1551 μᾶλλον
1737 1500 1760 1548 ἢ
1784 1501 1987 1552 ἐδεσμάτων
2004 1516 2013 1526 ·
2042 1501 2102 1541 ἐπὶ
2130 1501 2167 1540 δὲ
2198 1504 2262 1548 τῆς
2286 1503 2385 1548 εὐνῆς

1355 1563 1434 1603 οὐδὲ
1469 1563 1593 1615 μικρὸν
1620 1564 1784 1614 ἀτρεμεῖν
1812 1563 1969 1607 ἀνέξεται
1996 1563 2140 1616 χρόνον,
2160 1562 2238 1602 ἀλλ’
2264 1561 2386 1614 ὥσπερ

1356 1624 1537 1677 ἀνθράκων
1568 1623 1806 1674 ὑποκειμένοιν
1826 1625 1935 1668 οὕτως
1956 1623 2153 1675 θορυὸεἷται
2186 1623 2247 1662 καὶ
2266 1639 2382 1675 μετα-

1356 1685 1542 1739 στρέφεται
1559 1701 1566 1709 ·
1589 1684 1649 1724 καὶ
1676 1684 1754 1724 οὔτε
1784 1685 1947 1725 συνουσία
1966 1685 2095 1737 φίλων,
2114 1685 2194 1723 οὔτε
2212 1683 2386 1737 πραγμά-

1356 1761 1425 1785 των
1458 1746 1619 1798 φροντὶς,
1655 1746 1733 1785 οὔτε
1777 1746 1945 1785 κινδύνων
1986 1746 2110 1798 φόὸος,
2145 1745 2225 1785 οὔτε
2257 1747 2384 1793 ἡδονῆς

1357 1807 1533 1859 ὓπερὸολὴ
1553 1837 1562 1854 ,
1597 1806 1675 1845 οὔτε
1711 1808 1797 1846 ἄλλο
1843 1807 1940 1846 οὐδὲν
1975 1810 2038 1853 τ’ἧς
2080 1807 2245 1854 τοιαύτης
2282 1807 2385 1846 αὐτὸν

1357 1869 1463 1915 ζάλης
1500 1867 1516 1888 ⁵
1541 1870 1736 1920 ἀπαγαγεῖν
1773 1868 1985 1915 δυνήσεται·
2025 1867 2117 1907 ἀλλὰ
2158 1867 2289 1911 παντὸς
2321 1867 2386 1917 μὲν

1357 1933 1536 1983 χρηστοῦ,
1553 1929 1682 1973 παντὸς
1717 1929 1753 1969 δὲ
1783 1931 1940 1983 λυπηροῦ
1970 1928 2266 1982 τυραννικώτερον
2288 1922 2386 1973 οὗτος

1359 1994 1463 2030 αὐτοῦ
1507 1998 1723 2042 κατακρατεῑ
1774 1992 1837 2038 τὴν
1870 1990 1988 2044 ψυχὴν
2024 1994 2043 2030 ὁ
2078 1990 2226 2043 χειμών.
2261 1991 2386 2030 Ταῦτα

1359 2053 1637 2105 διασκεψάμενος
1665 2055 1684 2090 ὁ
1713 2052 1880 2102 Σολομὼν
1908 2053 2027 2103 ἔλεγε·
2055 2051 2215 2104 Σκληρὸς
2234 2054 2283 2096 ὡς
2301 2051 2387 2104 ᾅδης

1358 2117 1480 2160 ζῆλος·
1514 2115 1573 2152 καὶ
1604 2114 1733 2161 πάλιν,
1762 2114 1897 2157 Meo-cb<
1932 2113 2001 2165 γὰρ
2038 2112 2145 2159 ζήλου
2182 2113 2290 2164 θυμὸς
2322 2114 2386 2151 ἀν·

1358 2175 1437 2227 δρὸς
1469 2175 1596 2220 αὐτῆς,
1631 2175 1670 2212 οὐ
1707 2174 1865 2225 φείσεται
1906 2176 1942 2213 ἐν
1970 2173 2087 2226 ἡμέρᾳ
2124 2173 2289 2225 κρίσεως,
2325 2174 2386 2213 καὶ

1358 2237 1421 2274 οὐκ
1456 2235 1713 2279 ἀνταλλάξεται
1733 2235 1869 2278 οὐδενὸς
1893 2235 2020 2286 λύτρου
2043 2234 2108 2281 τὴν
2139 2234 2290 2287 ἔχθραν,
2305 2236 2382 2276 οὐδὲ

1362 2295 1411 2347 μὴ
1447 2298 1591 2348 διαλυθῇ
1620 2297 1759 2335 πολλῶν
1795 2296 1929 2347 δώρων.
1962 2296 2131 2343 Τοσαύτη
2154 2295 2223 2349 γὰρ
2262 2299 2283 2344 ἦ
2322 2298 2385 2343 τῆς

1357 2357 1458 2397 νόσου
1493 2357 1622 2404 ταύτης
1661 2357 1790 2408 μανία,
1815 2358 1862 2400 ὡς
1892 2355 1980 2408 μηδὲ
2015 2357 2106 2406 μετὰ
2142 2356 2207 2405 τὴν
2242 2361 2304 2397 τοῦ
2327 2358 2389 2397 λε·

1358 2418 1553 2466 λυπηκότος
1580 2418 1752 2471 τιμωρίαν
1789 2420 1951 2471 ἀρεῖσθαι
1981 2419 2045 2464 τῆς
2074 2418 2198 2466 ὀδύνης
2219 2432 2229 2442 ·
2260 2418 2389 2458 πολλοὶ

1359 2485 1438 2532 γοῦν
1464 2480 1636 2525 πολλάκις
1664 2479 1844 2523 ἀνελόντες
1876 2479 1934 2518 τὸν
1957 2479 2176 2532 μοιχὸν,τὸν
2200 2479 2307 2531 θυμὸν
2327 2479 2388 2519 καὶ

1359 2541 1422 2587 τὴν
1454 2541 1607 2592 ἀθυμίαν
1637 2544 1699 2580 οὐκ
1733 2541 1881 2594 ἴσχυσαν
1915 2542 2062 2580 ἀνελεῖν.
2094 2541 2176 2580 Εἰσὶ
2206 2540 2242 2579 δὲ
2268 2541 2303 2580 οἳ
2327 2542 2388 2580 καὶ

1360 2602 1449 2652 μετὰ
1483 2603 1523 2641 τὸ
1557 2601 1778 2654 κατασφάξαι
1812 2601 1875 2645 τὰς
1901 2603 2035 2640 ἑαυτῶν
2063 2607 2230 2652 γυναῖκας
2244 2601 2387 2651 (μειναν

1358 2662 1485 2714 ὁμοίως
1516 2662 1539 2709 ἢ
1567 2663 1627 2702 καὶ
1653 2663 1819 2713 μειζόνως
1847 2661 2035 2712 τηκόμενοι
2068 2665 2112 2713 τῇ
2143 2668 2249 2714 πυρᾷ.
2273 2663 2343 2702 Καὶ
2366 2664 2386 2702 ὁ

1359 2726 1421 2775 μὲν
1457 2723 1546 2776 ἀνὴρ
1583 2724 1760 2768 τοσούτοις
1791 2726 1875 2774 συζῇ
1909 2728 2051 2770 κακοῖς,
2080 2723 2140 2761 καὶ
2165 2724 2248 2762 ὅταν
2277 2723 2386 2774 μηδὶν

1358 2786 1483 2834 ἀληθὲς
1502 2785 1539 2823 ὂν
1563 2784 1677 2837 τύχη·
1697 2788 1719 2831 ἡ
1752 2784 1791 2823 δὲ
1818 2783 1922 2822 ἀθλία
1957 2783 2016 2822 καὶ
2053 2784 2275 2837 ταλαίπωρος
2301 2785 2389 2824 ἐπιεί-

1356 2862 1399 2894 νη
1435 2846 1556 2899 πολλῷ
1596 2845 1828 2898 χαλεπώτερα
1873 2845 2041 2894 ὑπομένει
2074 2845 2234 2897 τάνδρός.
2269 2843 2387 2886 Ὅταν

1357 2908 1424 2961 γὰρ
1453 2907 1512 2946 τὸν
1545 2906 1728 2958 ὀφείλοντα
1754 2901 1842 2945 εἶναι
1870 2906 2096 2956 παραμυθίαν
2124 2909 2192 2946 τῶν
2221 2908 2387 2959 λυπηρῶν

1358 2969 1547 3018 ἁπάντων,
1580 2968 1639 3006 καὶ
1669 2967 1747 3006 ὅθεν
1777 2967 1993 3019 προστασίαν
2025 2969 2133 3019 ἐχρῆν
2164 2968 2390 3020 προσδοκᾷν,

1357 3035 1479 3070 τοῦτον
1513 3027 1810 3079 ἐκτιθηριωμίνον
1855 3030 1913 3066 καὶ
1952 3029 2093 3068 πάντων
2126 3028 2388 3080 πολεμιώτερον

1360 3093 1414 3144 ἴδῃ
1439 3090 1656 3141 διακείμενον
1684 3090 1769 3142 πρὸς
1797 3089 1903 3136 αὐτὴν
1922 3120 1931 3136 ,
1951 3095 2018 3128 ποῦ
2047 3090 2230 3137 δυνήσεται
2260 3089 2388 3143 βλίψαι

1358 3152 1502 3199 λοιπόν;
1521 3152 1605 3203 πρὸς
1631 3150 1709 3188 τίνα
1729 3150 1934 3201 καταφύγῃς
1954 3151 2059 3189 πόθεν
2079 3153 2147 3189 τῶν
2163 3153 2284 3189 κακῶν
2320 3149 2382 3189 εὖ·

1360 3229 1402 3268 ρῃ
1438 3213 1502 3260 τὴν
1535 3211 1767 3263 ἀπαλλαγὴν,
1802 3215 1861 3249 τοῦ
1898 3212 2036 3261 λιμένος
2073 3214 2161 3264 αὐτῇ
2202 3225 2388 3263 προκεχω-

1359 3273 1514 3324 σμίνου,
1538 3274 1598 3312 καὶ
1630 3273 1763 3323 μυρίων
1782 3272 1948 3323 γε’μοντος
1980 3273 2185 3325 προδόλωη
2202 3271 2294 3311 Τότε
2324 3271 2385 3311 καὶ

1365 3336 1496 3375 οἰκέται
1519 3335 1578 3373 καὶ
1596 3334 1805 3386 θεράπαιναι
1824 3334 1966 3384 τάνδρὸς
1983 3333 2274 3385 ὓῆριστικώτερον
2298 3334 2387 3385 αὐτῇ
