2513 3871
77 912 201 938 Aemo.
214 916 264 944 ²7-

78 971 193 1000 ΜηηΙι.
215 970 267 1000 25.

78 1020 127 1049 27.

282 254 374 313 732
720 259 759 290 s.
797 255 983 289 ioannis
1017 250 1261 284 cunvsos‘r.

277 349 390 388 alium
411 345 521 385 ritum
535 345 557 385 J
563 342 730 382 udaicum
745 349 1008 392 quemeumque
1021 335 1236 374 observave-

278 410 340 457 rit,
362 406 547 446 innoxium
563 417 619 442 me
637 402 684 440 ab
701 400 865 440 omnium
884 407 1041 437 vestrum
1059 393 1238 446 sanguine

278 484 363 509 esse.
398 469 442 506 lli
477 477 656 505 sermones
689 463 725 501 in
753 461 814 500 die
845 459 990 500 Domini
1022 456 1133 496 nostri
1148 456 1234 495 ,lesu

1300 249 1510 279 Auenti-29.
1547 247 1906 279 CONSTANTtNoP.

1309 331 1499 371 Ἰουδαϊκὸν
1513 331 1588 375 ἔθος
1600 331 1787 383 ἐπιτελέσῃ
1802 361 1812 379 ,
1835 330 1986 380 καθαρὸς
2006 328 2075 382 ἐγὼ
2092 330 2164 369 ἀπὸ
2187 332 2248 370 τοῦ
2275 330 2334 370 αἶ-

1309 408 1418 442 ματος
1433 395 1529 442 ὑμῶν
1550 391 1704 431 πάντων.
1714 386 1824 430 Οὗτοι
1838 393 1870 430 οἱ
1883 391 1981 442 λόγοι
1994 390 2284 443 παραστήσονται
2298 393 2334 431 ἕν

1309 456 1353 505 τῇ
1373 453 1490 505 ἡμέρα
1509 456 1568 492 τοῦ
1590 453 1718 506 Κυρίου
1744 456 1844 502 ἡμῶν
1871 452 1989 500 Ἰησοῦ
2009 453 2161 503 Χριστοῦ
2180 453 2240 490 καὶ
2257 451 2336 502 ἐμοὶ

280 529 413 570 Christi
432 538 466 566 et
486 526 574 564 mihi
592 534 629 563 et
643 524 746 563 vobis
764 523 934 561 sistentur
949 536 957 557 :
971 528 1007 559 et
1016 519 1045 558 si
1059 515 1236 556 obedieri-
1247 538 1296 563 ⁶00
1309 516 1370 553 καὶ
1392 518 1495 564 ὑμῖν,
1511 514 1578 553 κᾶν
1596 515 1660 564 μὲν
1678 518 1866 561 πεισθῆτε,
1885 513 2020 560 πολλὴν
2040 515 2122 564 ὑμῖν
2148 512 2336 566 παρέξουσι

279 592 340 637 tis,
363 604 423 628 mu
443 598 519 626 tum
537 586 641 626 vobis
659 585 799 624 dabunt
818 582 982 629 fiduciae3
1001 578 1100 632 quod
1121 579 1236 616 sinon
1260 577 1285 606 A
1310 578 1373 623 τὴν
1397 577 1621 628 παρρησίαν·
1645 577 1686 614 ἂν
1716 575 1751 614 δὲ
1785 575 2052 627 παρακούσητε,
2084 575 2107 621 ἦ
2139 589 2237 618 τινας
2266 577 2336 614 τῶν

278 650 481 704 parueritis,
499 658 561 687 ant
579 646 755 700 quosdam
783 645 867 684 talia
896 657 1002 683 ausos
1026 640 1237 680 occultave-

277 715 359 751 ritis
376 741 386 758 ‚
407 720 591 761 tamquam
625 721 724 747 acres
751 714 972 744 accusatores
1007 717 1055 742 ex
1084 701 1238 740 adverso

279 773 436 813 stabunt.
473 772 564 810 Non
594 774 697 808 enim
727 770 942 821 subterfugi
961 796 972 814 ‚
1004 778 1082 818 quo
1110 766 1239 802 minus

280 837 557 873 anmantiarem
574 832 685 869 vobis
705 842 818 867 omne
834 829 910 867 Det
930 825 1134 865 consilium
1149 852 1160 870 ,

281 905 316 935 ct
335 893 522 933 mensariis
540 891 727 944 pecuniam
760 888 935 928 commisi.
967 887 1162 937 Reliquum
1187 892 1240 922 est

284 966 322 995 ut
346 970 409 994 vos
426 954 629 1008 depositam
654 952 831 1003 anugeafis,
849 951 1042 1000 fructuque
1059 944 1240 985 concionis

280 1018 327 1058 ad
346 1019 496 1057 fratrum
518 1025 715 1054 vestrorum
729 1013 880 1052 salutem
903 1010 1069 1050 utamini.
1092 1012 1138 1047 At
1159 1021 1240 1046 mo-

286 1081 413 1118 lestum
433 1087 468 1116 ct
487 1076 651 1115 odiosum
669 1084 721 1113 est
739 1075 774 1112 in
803 1073 858 1112 his
870 1081 1054 1125 peccantes
1070 1069 1208 1108 deferre
1220 1067 1239 1106 ‚⁹

281 1139 411 1179 Itidem
444 1147 479 1175 et
510 1136 628 1175 silere.
652 1137 744 1174 Tam
774 1135 869 1172 enim
892 1132 995 1170 vobis
1013 1132 1075 1182 qui
1096 1128 1238 1179 tegitis,

281 1213 387 1252 quem
412 1198 484 1235 illis
505 1197 567 1248 qui
599 1196 734 1240 latent,
754 1193 936 1233 silentium
957 1192 1024 1229 boc
1047 1189 1240 1243 perniciem

279 1261 383 1300 affert
401 1287 413 1307 ‚
431 1260 548 1297 Deum
568 1255 671 1295 nobis
702 1254 890 1292 inimicum
913 1251 1076 1291 reddens.
1095 1251 1242 1295 Quanto

278 1331 400 1361 autem
431 1327 597 1373 praestat,
631 1317 668 1355 in
693 1327 948 1354 conservorum
975 1311 1059 1351 odio
1088 1324 1163 1349 esse
1194 1308 1241 1347 ad

281 1383 428 1422 salutem
446 1411 457 1430 ,
487 1393 594 1431 quam
618 1376 766 1416 Domini
782 1377 872 1414 iram
890 1376 926 1413 in
952 1388 1016 1413 nos
1039 1371 1242 1411 concitari?

280 1445 433 1483 Iliorum
464 1441 559 1480 enim
587 1439 820 1491 quicumque,
843 1445 883 1475 ut
909 1437 986 1489 jam
1015 1433 1242 1484 indignetur,

282 1506 455 1545 damnum
475 1503 561 1541 dare
597 1514 667 1539 non
688 1499 846 1553 poterit3
868 1498 955 1550 quin
977 1511 1043 1550 pro
1064 1495 1243 1534 medicina

283 1566 416 1619 gratias
434 1563 575 1603 tandem
594 1571 696 1613 aget:
719 1562 816 1600 Deus
838 1573 936 1606 vero,
959 1558 1020 1597 ubi
1043 1556 1194 1596 tacueris
1211 1565 1245 1595 et

283 1627 484 1668 occulueris
507 1626 542 1664 in
566 1622 729 1664 conservi
750 1622 904 1674 gratiam
924 1634 1005 1659 cum
1034 1619 1144 1671 hujus
1166 1632 1246 1671 per-

283 1690 400 1738 nicie,
419 1702 540 1741 poenas
576 1686 642 1725 abs
675 1694 710 1724 te
741 1693 919 1723 extremas
949 1690 1101 1734 expetet.
1121 1681 1246 1727 Quare

283 1750 432 1790 tacendo
451 1759 484 1788 et
502 1751 616 1788 Deum
635 1746 698 1785 tibi
714 1746 851 1785 hostem
871 1742 1000 1782 reddes
1019 1772 1029 1790 ‚
1052 1751 1086 1781 et
1101 1741 1246 1780 nocebis

285 1816 386 1855 fratri
409 1831 417 1852 ε
435 1812 627 1853 deserendo
645 1819 765 1850 autem
794 1810 891 1848 hunc
910 1817 944 1846 et
974 1805 1166 1846 indicando
1182 1836 1192 1853 ‚
1215 1814 1248 1844 et

287 1880 404 1916 Deum
425 1874 573 1914 habebis
589 1871 800 1926 propitium,
818 1879 853 1909 et
873 1870 1018 1908 fratrem
1033 1866 1248 1912 lucrifacies,

287 1938 514 1988 amicumque
552 1933 696 1988 parabis
722 1941 824 1970 antea
851 1929 1087 1969 furibundum
1107 1959 1117 1976 ,
1137 1941 1245 1979 expe-

287 1998 430 2043 rientia,
450 1997 517 2048 ipsi
538 2004 571 2033 te
587 1995 677 2033 bene
697 1992 834 2039 recisse,
851 1992 1034 2030 edoctum,
1059 1991 1110 2028 Ne
1130 1990 1250 2040 itaque

290 2074 353 2099 vos
369 2058 542 2098 [ratribus
560 2054 756 2107 gratificari
778 2053 909 2107 putetis
921 2084 930 2101 ,
944 2054 973 2091 si
990 2050 1137 2090 absurdi
1157 2049 1249 2101 quid

290 2135 349 2160 eos
368 2119 492 2159 sectari
509 2117 675 2163 cernatis,
701 2130 814 2167 neque
842 2115 938 2153 omni
966 2113 1078 2152 animi
1100 2121 1248 2150 conten-

290 2183 385 2222 tione
402 2182 498 2234 ipsos
513 2178 682 2229 arguatis.
701 2177 838 2215 Amissa
856 2184 969 2221 veste,
986 2187 1030 2212 an
1048 2174 1162 2211 furem
1179 2182 1251 2211 tan·
1270 2180 1295 2212 C

290 2259 379 2292 turn,
398 2261 466 2286 non
484 2244 666 2283 conscium
682 2256 824 2293 quoque
840 2240 929 2279 furti
946 2253 1008 2278 nec
1020 2238 1250 2285 indicantem,

289 2309 455 2349 similiter
472 2321 536 2359 pro
552 2306 651 2343 lioste
670 2303 800 2341 ducis?
820 2304 936 2341 Mater
951 2312 1070 2340 nostra
1089 2313 1251 2338 commu-

288 2371 344 2410 nis
365 2370 520 2409 Ecclesia
556 2381 624 2405 non
658 2374 790 2404 vestem
810 2394 820 2414 ,
837 2363 898 2402 sed
930 2364 1075 2401 fratrem
1096 2361 1215 2399 amisit
1238 2391 1248 2409 ‚

288 2446 393 2484 quem
414 2429 581 2469 diabolus
599 2427 691 2466 clam
711 2435 873 2478 ereptum
891 2424 926 2463 in
946 2423 1134 2463 Judaismo
1153 2421 1250 2460 deti·

290 2503 373 2533 net:
394 2491 484 2531 nosti
521 2499 718 2542 raptorem,
747 2487 836 2526 nosti
870 2495 1014 2538 raptum
1034 2483 1162 2522 :vides
1196 2496 1253 2521 me

291 2554 462 2593 doctrina:
482 2565 684 2591 sermonem
712 2559 898 2599 tamquam
926 2547 1106 2585 lucernam
1125 2557 1252 2582 accen-

292 2616 388 2658 dere.
408 2615 541 2665 ubique
559 2626 642 2651 cum
667 2610 811 2664 planctu
833 2621 990 2660 quaerere
1007 2622 1015 2644 :
1033 2615 1067 2645 et
1088 2614 1126 2643 tu
1144 2604 1252 2643 silens

293 2687 378 2722 stas,
401 2689 512 2726 neque
526 2673 686 2712 indicas?
704 2669 872 2718 Quaetibi
894 2669 998 2707 venia
1012 2668 1030 2705 3’
1051 2680 1166 2706 nonne
1186 2679 1252 2717 pro

292 2751 433 2776 stimmo
450 2734 638 2773 habeberis
658 2732 804 2771 inimico
831 2729 999 2769 Ecclesiae
1016 2759 1027 2777 ,
1049 2737 1154 2779 teque
1191 2726 1254 2765 illa

295 2798 430 2837 hostem
448 2795 626 2847 judicabit
641 2803 676 2833 et
696 2792 916 2846 proditorem
932 2791 950 2828 ἶ)
971 2792 1105 2829 Verum
1126 2789 1220 2827 absit
1242 2816 1252 2834 ,

297 2869 335 2896 ut
349 2859 537 2909 quisquam
556 2870 678 2895 corum
689 2885 699 2901 ,
716 2856 778 2906 qui
792 2854 858 2891 hoc
872 2852 1062 2890 consilium
1075 2849 1227 2889 audiunt
1245 2879 1256 2897 ,

299 2921 403 2958 talem
425 2920 567 2971 culpam
588 2917 771 2963 admittat,
795 2916 942 2953 fratrem
958 2922 995 2951 ιιι
1016 2911 1168 2965 prodat,
1190 2924 1256 2963 pro

299 2995 372 3031 quo
391 2981 556 3018 ‹ltu-istus
572 2988 624 3017 est
650 2987 828 3017 mortuus.
851 2975 1019 3014 Christus
1046 2973 1256 3023 sanguinem

299 3042 426 3079 effudit
449 3051 592 3093 propter
617 3040 738 3091 ipsum
759 3048 771 3076 t
789 3047 826 3076 tu
863 3051 905 3075 nc
931 3037 1084 3074 verbum
1111 3033 1258 3085 quidem

304 3112 444 3154 propter
465 3103 579 3153 ipsum
602 3100 749 3138 sundere
768 3098 944 3136 sustines?
963 3099 1013 3135 Ne
1026 3095 1257 3141 cunctemini,

306 3164 425 3200 lim-tor
441 3179 447 3200 :
465 3163 522 3200 sed
538 3162 656 3199 statim
677 3161 760 3198 liinc
777 3159 926 3208 digressi
951 3157 996 3196 ad
1020 3157 1112 3196 hanc
1133 3165 1261 3209 captu-

308 3237 383 3259 ram
399 3222 605 3263 inriti-mini.
621 3230 652 3258 et
665 3221 819 3271 quilibet
834 3218 1090 3257 vesirnmmihi
1107 3217 1262 3256 adducat

307 3283 483 3333 ejusmodi
504 3282 628 3318 inorbo
650 3281 859 3319 obnoxium.
876 3280 973 3326 Quin
996 3280 1090 3318 absit
1119 3278 1260 3331 potius,

312 3352 348 3379 ιιι
366 3351 415 3379 tot
431 3341 588 3378 hominm
600 3341 723 3378 morbo
737 3341 802 3379 isto
819 3349 1019 3378 tencantur:
1036 3339 1111 3378 bini
1121 3348 1156 3378 et
1170 3337 1262 3377 terni

311 3419 329 3439 e·
348 3402 449 3441 robis
471 3430 481 3445 ,
498 3410 556 3438 aut
574 3401 680 3438 ctiam
699 3401 780 3438 doni
812 3410 845 3438 et
865 3401 978 3439 viceni
1000 3415 1110 3439 unum
1139 3399 1260 3438 addu-

312 3474 390 3503 cant
408 3477 415 3500 ς
437 3471 486 3508 ιιι,
499 3461 593 3499 velut
612 3459 760 3510 piscium
775 3469 917 3510 captura
927 3459 985 3498 die
999 3461 1062 3498 illo
1077 3467 1262 3513 conspecta

1310 639 1355 677 τὰ
1384 643 1529 677 τοιαῦτα
1555 637 1769 688 τολμώντων
1798 636 2048 688 ἀποκρύψητε,
2075 635 2198 688 ὥσπερ
2227 636 2336 683 κατ-ή-

1310 715 1407 751 γοροι
1446 699 1587 752 σφοδροὶ
1635 698 1997 743 ἇντικαταστήσονται
2038 699 2136 748 ὑμῖν.
2186 699 2240 737 Οὐ
2269 697 2339 749 γᾶρ

1311 761 1572 811 ὑπεστειλάμην
1594 762 1653 799 τοῦ
1688 759 1738 810 μὴ
1771 760 1978 810 ἀναγγεῖλαι
2013 761 2094 809 ὑμῖν
2123 764 2242 797 πᾶσαν
2273 758 2339 805 τὴν

1313 823 1442 874 βουλὴν
1476 826 1537 860 τοῦ
1555 824 1648 860 Θεοῦ
1661 850 1671 869 ,
1700 819 1793 859 ἀλλὰ
1823 820 1884 859 καὶ
1902 819 2097 859 κατέὸαλον
2118 820 2158 859 τὸ
2175 819 2339 872 ἀργύριον

1311 884 1370 922 ἐπὶ
1405 883 1483 926 τοὺς
1502 882 1725 935 τραπεζίτας.
1746 881 1869 931 Ὑμῶν
1897 883 1972 920 ἐστι
1995 881 2117 921 λοιπὸν
2146 881 2340 920 πλεονάσαι

1312 946 1352 984 τὸ
1368 944 1591 991 καταὸληθὲν
1608 973 1617 990 ,
1638 944 1698 982 καὶ
1719 946 1762 994 τῇ
1784 945 1847 989 τῆς
1867 942 2067 994 ἀκροάσεως
2085 942 2237 996 ὠφελείᾳ
2252 941 2340 993 πρὸς

1311 1006 1375 1052 τὴν
1391 1006 1566 1058 σωτηρίαν
1585 1007 1655 1044 τῶν
1675 1004 1852 1056 ὑμετέρων
1871 1005 2030 1055 ἀδελφῶν
2055 1003 2339 1055 ἀποχρήσασθαι.

1313 1067 1419 1106 Ἀλλὰ
1450 1067 1611 1119 φορτικὸν
1642 1067 1702 1104 καὶ
1731 1065 1882 1117 ἐπαχθὲς
1908 1064 2161 1116 καταγγέλλειν
2188 1063 2267 1107 τοὺς
2294 1062 2340 1102 τὰ

1311 1134 1455 1167 τοιαῦτα
1471 1127 1733 1177 ἁμαρτάνοντας
1746 1127 1944 1177 ;ψορτικὸν
1961 1126 2024 1176 μὲν
2036 1119 2095 1164 οὖν
2110 1125 2170 1163 καὶ
2185 1124 2341 1176 ἐπαχθὲς

1310 1197 1424 1240 σιγᾷν.
1447 1188 1516 1227 Καὶ
1535 1188 1605 1240 γὰρ
1632 1189 1714 1238 ὑμῖν
1747 1193 1818 1230 τοῖς
1851 1186 2145 1239 ἀποκρύπτουσι,
2167 1186 2342 1228 κάκείνοις

1309 1257 1382 1294 τοῖς
1404 1249 1634 1288 λανθάνουσιν
1660 1248 1784 1297 ἐπάγει
1816 1247 1874 1285 τὸν
1905 1247 2047 1298 ὄλεθρον
2068 1246 2155 1294 αὕτη
2181 1250 2205 1293 ἡ
2231 1246 2314 1299 σιγὴ
2330 1275 2340 1293 ,

1311 1313 1370 1352 τὸν
1399 1312 1491 1350 Θεὸν
1525 1312 1607 1360 ὑμῖν
1637 1309 1897 1358 ἐκπολεμοῧσα.
1923 1307 2030 1360 Πόσῳ
2046 1307 2083 1346 δὲ
2111 1308 2249 1359 βέλτιον
2267 1313 2342 1351 τοῖς

1311 1373 1509 1415 συνδούλοις
1525 1371 1787 1424 ἀπεχθάνεσθαι
1806 1369 1866 1408 ἐπὶ
1885 1370 2065 1422 σωτηρία,
2086 1368 2108 1415 ἢ
2129 1369 2187 1408 τὸν
2204 1369 2343 1409 Δεσπό·

1312 1451 1376 1482 την
1407 1431 1613 1485 παροξύνειν
1642 1433 1719 1470 καθ’
1758 1433 1910 1478 ἑαυτῶν;
1937 1424 2051 1475 Οὗτος
2082 1430 2146 1481 μὲν
2181 1431 2250 1482 γὰρ
2277 1429 2343 1468 κᾶν

1311 1495 1544 1548 ἀγανακτήσῃ
1574 1497 1632 1532 νῦν
1644 1523 1656 1539 ‚
1679 1492 1778 1532 οὐδέν
1800 1507 1838 1531 σε
1861 1492 1996 1544 βλάψαι
2025 1492 2233 1540 δυνήσεται,
2255 1493 2346 1543 μᾶλ-

1311 1560 1372 1597 λον
1387 1556 1496 1596 δὲκαὶ
1515 1555 1620 1608 χάριν
1641 1554 1772 1594 εἴσεταί
1788 1569 1843 1593 σοι
1862 1553 1953 1604 μετὰ
1968 1557 2079 1592 ταῦτα
2098 1556 2160 1600 τῆς
2175 1553 2344 1606 ἰατρείας·

1312 1623 1330 1659 ὁ
1350 1620 1386 1658 δὲ
1405 1618 1514 1665 Θεὸς,
1533 1617 1575 1655 ἂν
1592 1617 1642 1668 τῷ
1667 1615 1844 1667 συνδούλῳ
1863 1629 1925 1654 σου
1953 1614 2018 1660 τὴν
2037 1614 2221 1662 ἐπιὸλαὸἥ
2240 1631 2348 1668 χαρι·

1313 1681 1455 1731 ζόμενος
1479 1678 1608 1730 χάριν,
1633 1676 1781 1728 σιγήσῃς
1808 1676 1869 1713 καὶ
1903 1675 2130 1728 ἀποκρύψῃς,
2149 1675 2214 1724 τὴν
2242 1675 2348 1728 ἐσχά·

1313 1758 1376 1789 την
1395 1740 1585 1786 ἀπαιτήσει
1616 1753 1655 1776 σε
1677 1738 1790 1784 δίκην.
1811 1736 1928 1776 ιὨστε
1953 1738 2061 1787 σιγῶν
2089 1737 2176 1786 μὲν,
2204 1735 2265 1775 καὶ
2286 1736 2345 1776 τὸν

1315 1803 1408 1842 Θεὸν
1442 1799 1703 1851 ἐκπολεμώσεις
1721 1801 1878 1850 σεαυτῷ,
1909 1798 1969 1837 καὶ
1998 1798 2056 1837 τὸν
2088 1798 2236 1850 ἀδελφὸν
2255 1796 2347 1848 βλά-

1315 1867 1391 1917 ψεις
1412 1877 1418 1883 ·
1441 1863 1689 1914 καταγγέλλων
1711 1860 1747 1898 ὸὲ
1779 1860 1839 1898 καὶ
1860 1859 2005 1911 φανερὸν
2028 1862 2136 1898 ποιῶν
2154 1888 2165 1907 ,
2189 1861 2348 1898 κάκεῖνον

1316 1925 1402 1969 ἕξεις
1419 1923 1523 1962 ἵλεων
1536 1952 1546 1970 ,
1563 1923 1623 1960 καὶ
1651 1926 1771 1960 τοῦτον
1800 1921 1977 1972 κερδανεῖς
1991 1949 2000 1966 ,
2028 1920 2087 1958 καὶ
2107 1919 2207 1971 φίλον
2233 1919 2349 1972 κτήσῃ

1318 1984 1531 2036 μανικὸν,τῇ
1548 1983 1653 2036 πείρα
1669 1981 1732 2028 τὴν
1754 1981 1952 2034 εὐεργεσίαν
1971 1981 2140 2031 μαθόντα.
2159 1980 2220 2027 Μὴ
2235 1981 2349 2020 τοίνυν

1316 2046 1474 2097 νομίζετε
1500 2044 1708 2097 χαρίζεσθαι
1737 2049 1807 2087 τοῖς
1837 2042 2020 2094 ὑμετέροις
2049 2043 2231 2094 ἀδελφοῖς,
2250 2041 2284 2080 εἴ
2314 2057 2350 2080 τι

1317 2110 1387 2147 τῶν
1422 2107 1563 2146 ἀτόπων
1595 2108 1742 2157 ὁρῶντες
1777 2104 1961 2155 μετιόντας
1976 2133 1985 2149 ,
2023 2103 2072 2154 μὴ
2108 2103 2197 2153 μετὰ
2233 2103 2351 2151 πάσης

1319 2170 1498 2221 ἐλέγχοιτε
1530 2172 1592 2214 τ’ἧς
1621 2166 1870 2220 σφοδρότητος.
1889 2164 2046 2216 Ἱμάτιον
2068 2165 2129 2203 ἐὰν
2150 2165 2328 2215 ἀπολέσῃς
2341 2193 2352 2211 ,

1321 2231 1371 2282 μὴ
1391 2232 1448 2269 τὸν
1469 2229 1667 2281 κεκλοφότα
1688 2227 1808 2278 μόνον,
1830 2227 1912 2279 οὐχὶ
1938 2227 2000 2265 καὶ
2019 2226 2078 2264 τὸν
2102 2225 2282 2265 συνειδότα
2301 2228 2352 2277 τῷ

1320 2293 1454 2344 κλέπτῃ
1496 2291 1556 2329 καὶ
1590 2290 1640 2342 μὴ
1678 2288 1990 2341 καταγγέλλοντα,
2031 2287 2161 2338 ὁμοίως
2199 2286 2352 2338 νομίζεις

1319 2355 1464 2408 ἐχθρόν;
1483 2352 1528 2392 Ἡ
1551 2353 1669 2405 μήτηρ
1694 2355 1796 2403 ἡμῶν
1822 2355 1845 2398 ἡ
1877 2349 1974 2396 κοινὴ
1995 2351 2061 2401 οὐχ
2088 2349 2252 2399 ἱμάτιον,
2273 2349 2351 2387 ἀλλ’

1320 2417 1467 2466 ἀδελφὸν
1488 2414 1690 2453 ἀπώλεσεν·
1719 2412 1860 2464 ἔκλεψεν
1899 2410 2002 2450 αὐτὸν
2029 2413 2047 2449 ὁ
2081 2409 2264 2458 ὃιάὸολος,
2293 2408 2354 2448 καὶ

1320 2478 1466 2530 κατέχει
1492 2481 1554 2515 νῦν
1575 2479 1610 2516 ἐν
1639 2478 1690 2529 τῷ
1706 2476 1902 2525 ἶουδαϊσμῷ
1917 2489 1925 2497 ·
1941 2466 2037 2517 οἶδας
2065 2472 2124 2511 τὸν
2144 2471 2354 2524 κεκλοφότα,

1320 2533 1416 2584 οἶδας
1443 2538 1501 2577 τὸν
1540 2536 1720 2577 κλαπέντα
1740 2550 1748 2558 ·
1784 2539 1867 2588 ὁρᾷς
1901 2534 1990 2585 ἐμὲ,
2011 2534 2170 2585 καθάπερ
2201 2532 2353 2585 λύχνον,

1321 2602 1479 2639 ἅπτοντα
1498 2602 1562 2645 τῆς
1590 2597 1820 2640 διδασκαλίας
1838 2597 1897 2635 τὸν
1929 2595 2054 2645 λόγον,
2082 2594 2143 2633 καὶ
2169 2596 2354 2645 πανταχοῦ

1323 2665 1493 2709 ζητοῦντα
1536 2660 1597 2699 καὶ
1622 2659 1859 2708 κοπτόμενον·
1890 2656 1951 2694 καὶ
1975 2655 2017 2694 σὺ
2039 2655 2192 2700 ἕστηκας
2225 2656 2354 2705 σιγῶν,

1322 2724 1383 2763 καὶ
1412 2724 1451 2761 οὐ
1486 2720 1762 2772 καταγγέλλεις;
1779 2718 1840 2756 καὶ
1858 2716 1963 2756 ποίαν
1994 2716 2079 2761 ἔξεις
2113 2714 2353 2767 συγγνώμηνς

1323 2787 1397 2829 πῶς
1426 2784 1461 2824 δὲ
1492 2785 1553 2823 οὐκ
1574 2785 1608 2822 ἐν
1631 2788 1702 2826 τοῖς
1728 2779 1888 2832 ἐσχάτοις
1925 2793 1963 2817 σε
1983 2779 2052 2816 τῶν
2072 2779 2204 2829 ἐχθρῶν
2221 2779 2244 2823 ἡ
2264 2776 2356 2816 Ἐκ-

1326 2847 1456 2893 κλησία
1490 2847 1683 2896 λογιεῖται,
1716 2842 1775 2881 καὶ
1809 2840 1978 2890 πολέμιον
2004 2839 2175 2891 ἡγήσεται
2198 2837 2259 2877 καὶ
2287 2839 2355 2877 λυ·

1327 2911 1445 2962 μεῶνα
1458 2924 1468 2955 ;
1482 2907 1586 2946 Ἀλλὰ
1604 2905 1652 2957 μὴ
1670 2904 1803 2956 γένοιτο
1822 2902 1956 2953 μηδένα
1975 2903 2043 2940 τιῗιν
2062 2899 2193 2947 ταύτης
2212 2898 2357 2940 datore&-

1327 2987 1396 3010 των
1442 2972 1506 3012 τῆς
1556 2966 1755 3016 συμὸουλῆς
1782 2994 1792 3011 ,
1827 2963 1994 3009 τοιαύτην
2047 2961 2225 3014 ἁμαρτίαν
2270 2958 2356 2999 ποτὶ

1328 3034 1519 3084 ἁμαρτεῖν,
1549 3028 1640 3067 ὥστε
1663 3027 1851 3079 προδοῦναι
1882 3023 2055 3074 ἀδελφὸν,
2095 3022 2185 3074 ὑπὲρ
2210 3015 2250 3062 οὗ
2270 3022 2359 3073 Χρι-

1328 3095 1408 3137 στὸς
1430 3092 1615 3131 α’πίθανεν.
1629 3088 1674 3127 ‘0
1694 3087 1843 3139 Χριστὸς
1862 3086 1902 3123 τὸ
1921 3079 2009 3134 αἷμα
2028 3083 2162 3136 ἐξέχεεν
2181 3084 2225 3121 δι’
2241 3081 2357 3122 αὐτόν·

1329 3156 1372 3194 σὺ
1391 3154 1426 3192 δὲ
1445 3152 1521 3192 οὐδὲ
1541 3150 1643 3202 λόγον
1663 3149 1830 3202 προέσθαι
1847 3148 1892 3185 δι’
1914 3145 2018 3184 αὐτὸν
2039 3144 2249 3195 ὓπομίνειςς
2274 3141 2355 3192 Μὴ,

1331 3215 1549 3268 παρακαλῶ,
1579 3211 1659 3251 ἀλλ’
1697 3209 1823 3253 εὐθέως
1857 3210 2012 3246 ὄντεῦθεν
2040 3205 2334 3258 ἀναχωρήσαντες
2344 3233 2357 3250 ,

1331 3277 1390 3317 ἰπὶ
1422 3275 1485 3322 τὴν
1511 3274 1620 3326 θήραν
1645 3270 1776 3318 ταύτην
1795 3269 1980 3319 ἰπείχθητε
1993 3297 2003 3314 ,
2020 3267 2079 3304 καὶ
2095 3266 2240 3310 ἕκαστος
2259 3263 2359 3315 θμῧν

1330 3338 1393 3377 ἵνα
1411 3352 1469 3386 μοι
1489 3334 1672 3385 κομισάτω
1686 3334 1755 3370 τῶν
1770 3330 1814 3369 τὰ
1829 3333 1974 3368 τοιαῦτα
1998 3326 2206 3367 νοσούντων·
2225 3326 2360 3377 μᾶλλον

1331 3400 1367 3438 δὲ
1387 3399 1436 3448 μὴ
1464 3397 1599 3447 γίνοιτο
1629 3392 1811 3436 τοσούτους
1843 3385 1932 3430 εἶναι
1965 3388 2042 3431 τοὺς
2074 3393 2273 3431 νοσοῦντας·
2296 3385 2360 3426 δύο

1332 3460 1390 3499 καὶ
1412 3463 1502 3511 τρεῖς
1523 3456 1557 3500 t!
1573 3459 1690 3500 ὑμῶν,
1714 3454 1737 3499 ἢ
1755 3453 1813 3492 καὶ
1837 3452 1921 3492 δέκα
1953 3450 2012 3489 καὶ
2044 3449 2174 3498 εἴκοσι,
2199 3448 2259 3487 ἵνα
2294 3462 2353 3499 μοι

2448 3712 2513 3871 bn...
2503 3651 2513 3679 ..
