2549 3825
24 2186 42 2887 -—„-„-—-—-,—--.-—.—.——-n—a——

638 274 697 304 AD
734 274 976 306 S'rAGffliUM
1015 276 1039 304 :t
1079 276 1271 306 DAEMONE
1308 277 1546 308 VEXATUM.

176 362 236 406 τῆς
256 360 386 404 πολλῆς
403 358 492 409 βίας,
507 357 599 400 ὅπως
615 356 704 406 μήτε
725 355 858 408 φανερὰ
877 356 1021 407 γένηται
1041 360 1062 403 ἡ
1083 357 1195 410 ὕὸρις,

176 422 315 458 ἅπαντα
347 418 508 470 ἔπραττε.
529 418 644 456 Τοῦτο
674 416 709 456 δὲ
737 415 822 462 ὅσην
855 417 1005 467 ἀθυμίαν
1032 417 1106 469 ἔχει
1139 419 1199 456 καὶ

175 480 311 527 ὀδύνην,
333 479 426 530 λόγῳ
461 477 524 528 μὲν
544 479 773 529 παραστῆσαι
799 480 837 516 οὐ
857 477 1002 515 δυνατὸν
1019 507 1028 524 ,
1047 477 1142 516 ἴσασι
1164 478 1198 516 δὲ

176 539 249 579 ὅσοι
278 545 438 592 γυναῖκες
475 538 577 591 ἔσχον
610 538 670 576 καὶ
703 540 751 581 εἷς
794 536 1005 585 ζηλοτυπίας
1048 538 1198 587 ὑποψίαν

177 599 352 640 ἐνέπεσον.
379 601 563 651 Μαρτυρεῖ
585 599 620 637 δὲ
639 602 689 651 τῷ
715 598 820 638 πάθει
838 598 951 651 τούτῳ
970 597 1029 635 καὶ
1053 601 1072 636 6
1091 599 1200 636 Σολο-

180 660 254 710 μὼν
275 660 382 704 οὕτως
408 659 513 698 εἰπών
528 675 536 683 ·
559 659 698 702 Μεστὸς
723 659 790 711 γὰρ
808 659 926 709 ζζήλου
954 658 1058 709 θυμὸς
1081 658 1202 711 ἀνδρὸς

178 724 328 769 “αὐτῆς·
351 723 389 759 οὔ
417 721 573 774 φείσεται
593 723 626 759 ἐν
653 721 771 774 ἡμέρᾳ
791 720 938 772 κρίσεως
951 750 960 768 ,
979 719 1056 758 οὐδὲ
1076 721 1202 757 ἀνταλ-

178 782 320 826 λάξεται
338 782 471 826 οὐδενὸς
489 782 616 833 λύτρου
638 781 704 827 τὴν
725 781 866 833 ἔχθραν,
888 780 965 820 οὐδὲ
987 779 1035 831 μὴ
1057 781 1200 832 διαλυθῇ

179 844 318 881 πολλῶν
353 841 485 893 δώρων.
505 842 575 880 Καὶ
593 842 698 880 πάλιν
716 857 724 865 ·
744 842 906 894 Κραταιὰ
925 844 972 885 ὡς
1005 841 1149 884 θάνατος
1178 845 1199 888 ἧ

180 903 314 954 ἀγάπη,
332 902 481 955 σκληρὸς
502 905 548 946 ὡς
565 903 649 954 ᾅδης
669 906 687 942 6
706 904 820 949 ζῆλος.
838 905 881 941 Εἰ
905 902 940 941 δὲ
959 906 977 942 6
998 904 1200 949 ζηλοτυπῶν

180 964 285 1007 οὕτως
315 963 514 1011 ἕκκαίεται,
538 966 556 1001 6
585 963 761 1008 τοσούτοις
788 964 1021 1017 κρατούμενος
1056 968 1199 1006 κακοῖς,

180 1028 226 1069 ὡς
252 1019 507 1076 ἀναγκάζεσθαι
538 1025 597 1062 καὶ
629 1025 830 1063 κολακεύειν
857 1024 914 1063 τὸν
934 1025 1123 1076 ὑὸριστὴν,
1143 1025 1203 1062 καὶ

179 1087 217 1124 ὃν
237 1085 437 1137 ἀμύνασθαι
459 1085 528 1124 ἔδει
541 1084 684 1124 ι’πάντα
702 1092 813 1124 ποιεῖν
841 1084 934 1130 ὅπως
955 1085 1082 1140 ῥαδίως
1110 1087 1204 1124 ἀπο-

179 1146 353 1194 λαύσηται
388 1149 449 1193 τῆς
479 1149 581 1186 αὐτοῦ
612 1147 774 1198 γυναικὸς
802 1149 820 1186 ὁ
853 1147 993 1200 μοιχὸς,
1024 1147 1116 1191 τίνος
1144 1149 1205 1186 οὐκ

182 1202 410 1259 ἐλεεινότερος
429 1202 470 1255 ἦν
487 1224 496 1256 ;
513 1207 704 1246 Λαέόντων
725 1207 760 1247 δὲ
778 1207 837 1246 καὶ
856 1209 987 1246 τούτων
1006 1209 1116 1261 πέρας
1136 1212 1203 1247 τῶν

183 1271 315 1319 κακῶν,
341 1268 443 1320 ἕτερα
460 1268 566 1307 πάλιν
595 1267 751 1307 ἐτίκτετο
772 1268 888 1316 δεινὰ,
920 1268 980 1307 καὶ
1014 1269 1072 1307 τὸν
1102 1270 1204 1320 λιμὸν

184 1333 313 1369 ἐκεῖνον
340 1330 515 1381 διεδέχετο
539 1330 703 1381 πόλεμος.
732 1330 808 1377 Τὴν
831 1331 898 1382 γὰρ
928 1333 997 1368 τῶν
1030 1332 1206 1382 ποιμένων

187 1391 306 1446 μάχην
331 1390 390 1428 καὶ
410 1390 474 1436 τὴν
495 1390 581 1442 πρὸς
601 1390 659 1428 τὸν
680 1391 884 1443 ἀδελφιδοῦν
912 1391 1079 1442 διανομὴν
1099 1391 1205 1443 ἀφίη-

187 1466 227 1499 μι
263 1455 321 1490 νῦν
336 1482 345 1500 ,
381 1450 496 1489 καίτοι
527 1466 567 1501 γε
600 1453 655 1489 ἐπ’
691 1451 805 1489 ἄλλων
836 1455 948 1490 ταῦτα
980 1451 1206 1502 ἐξεταζόμενα

186 1512 290 1551 ἱκανὰ
316 1512 449 1558 πολλὴν
481 1510 630 1562 ἀθυμίαν
656 1512 835 1562 ἐμὸαλεῖν.
854 1512 970 1551 υΟταν
999 1513 1066 1564 γὰρ
1085 1515 1102 1550 6
1127 1514 1208 1551 δια-

187 1574 309 1618 σωθεὶς
342 1575 401 1612 ὑπ’
434 1575 537 1611 αὐτοῦ
571 1574 631 1610 καὶ
665 1573 839 1612 τοσούτων
873 1574 1055 1624 γενόμενος
1093 1574 1209 1627 κύριος

187 1637 347 1686 ἀγαθῶν,
361 1633 420 1672 καὶ
449 1633 484 1672 ὃν
517 1635 624 1685 ἐχρῆν
653 1636 819 1680 ἐκστῆναι
851 1634 992 1673 πάντων
1014 1636 1107 1687 αὐτῷ
1120 1665 1130 1683 ,
1149 1636 1208 1672 καὶ

186 1702 257 1739 τοῖς
287 1695 448 1746 ποιμέσιν
487 1693 695 1746 ε’πιτιμῆσαὶ
725 1701 797 1740 τοῖς
831 1697 934 1734 αὐτοῦ
949 1727 958 1745 ,
991 1691 1089 1738 οὗτος
1124 1711 1209 1749 προ·

187 1757 386 1808 τεινομένης
404 1754 570 1808 αἱρέσεως
589 1755 765 1808 ἐπιτρέχει
783 1763 854 1801 τοῖς
874 1757 1120 1810 εὖφορωτέροις
1139 1759 1209 1795 τῶν

187 1819 340 1872 χωρίων,
359 1817 419 1856 καὶ
436 1816 501 1855 “τὰ
517 1817 713 1869 ἐρημότερα
732 1818 853 1870 ἐκείνῳ
872 1819 1131 1869 καταλιμπάνει
1147 1819 1209 1868 με’-

190 1898 246 1933 ρη,
260 1880 312 1924 τίς
330 1879 371 1917 ἂν
392 1878 524 1930 ἐνέγκοι
546 1878 686 1932 ῥαδίως,
702 1882 740 1918 οὐ
759 1880 823 1926 τὴν
845 1880 975 1931 ζημίαν
993 1881 1100 1932 λέγω,
1119 1880 1208 1918 ἀλλὰ

189 1943 227 1981 τὸ
259 1941 413 1993 τιμήσας
444 1942 682 1991 ἀτιμασθῆναι
705 1942 764 1980 καὶ
783 1942 823 1980 τὸ
846 1941 990 1981 ἔλαττον
1010 1940 1209 1992 ἐνεγκεῖν,ὃ

189 2001 304 2049 πάσης
324 2000 450 2051 ζημίας
478 2000 723 2053 χαλεπώτερον
754 1996 841 2040 εἶναι
870 2003 985 2054 δοκεῖς
1001 2002 1094 2041 Ἀλλ’
1115 2002 1210 2052 ὅμως

191 2064 330 2102 ἅπαντα
347 2066 459 2100 ταῦτα
486 2061 642 2113 παρίημι
668 2068 745 2101 νῦν·
768 2063 848 2116 περὶ
867 2063 934 2116 γὰρ
953 2067 1013 2102 τοῦ
1032 2063 1209 2115 πατριάρ-

190 2139 274 2176 χου,
294 2125 332 2162 οὗ
352 2123 432 2176 περὶ
451 2122 543 2167 τινὸς
561 2125 630 2161 τῶν
651 2125 790 2162 πολλῶν
810 2127 828 2163 6
843 2124 943 2176 λόγος
962 2125 1053 2164 ἐστὶν
1072 2127 1171 2174 ἡμῖν.

242 2494 451 2547 Διαδέχεται
480 2495 520 2542 δὴ
545 2494 602 2533 τὸν
633 2495 734 2545 λιμὸν
764 2496 892 2533 ἐκεῖνον
916 2497 934 2532 ὁ
959 2495 1112 2544 πόλεμος
1139 2496 1206 2532 τῶν

190 2558 357 2609 Περσῶν,
378 2556 436 2594 καὶ
465 2556 698 2608 ἀναγκάζεται
725 2554 984 2609 ἐπιστρατεύειν
1015 2558 1150 2601 αὐτοῖς,
1171 2557 1209 2594 οὐ

186 2617 284 2669 παρὰ
313 2617 376 2664 τὴν
404 2616 518 2669 ἀρχὴν
544 2617 651 2663 αὐτὴν
680 2617 853 2668 ἀκεραίων
877 2615 1050 2668 ἑκατέρων
1070 2616 1120 2654 ἔτι
1142 2632 1210 2665 με-

187 2678 312 2717 νόντων
335 2680 403 2716 τῶν
427 2679 557 2730 μερῶν,
576 2678 665 2716 ἀλλὰ
684 2677 1001 2730 προτροπωθέντων
1021 2678 1185 2716 ἁπάντων
1201 2707 1210 2724 ,

187 2739 244 2777 καὶ
264 2741 325 2785 τῆς
344 2738 443 2786 νίκης
456 2738 553 2790 παρὰ
571 2744 641 2782 τοῖς
661 2738 840 2789 πολεμίοις
857 2737 974 2786 οὔσης,
994 2738 1053 2776 καὶ
1075 2739 1210 2782 οὐδενὸς

187 2798 309 2842 αὐτοὺς
327 2798 378 2837 ἔτι
401 2801 551 2851 ἐνεγκεῖν
568 2800 774 2850 δυναμένου,
797 2801 865 2837 τῶν
886 2799 948 2849 μὲν
970 2800 1077 2851 ἄρδην
1098 2816 1209 2838 κατα-

187 2860 363 2898 κοπέντων
376 2890 385 2907 ,
402 2863 470 2897 τῶν
490 2859 526 2898 δὲ
545 2859 793 2912 κρυπτομένων
807 2891 816 2908 ,
835 2863 904 2898 τῶν
926 2861 961 2898 δὲ
979 2861 1208 2900 δουλευόντων

186 2922 270 2973 παρ’
296 2922 424 2963 αὐτοῖς.
455 2920 546 2959 Ἀλλ’
573 2921 667 2971 ὅμως
699 2921 794 2960 οὐδὲν
830 2922 930 2960 αὐτὸν
957 2922 1087 2960 τούτων
1121 2923 1209 2960 οἴκοι

188 2981 302 3031 μένειν
333 2981 470 3019 ἔπεισεν
488 3010 497 3029 ,
528 2983 604 3020 ἀλλ’
624 2982 690 3020 ὑπὸ
710 2985 772 3028 τῆς
791 2983 941 3035 σφοδρᾶς
965 2984 1113 3033 ἀθυμίας
1141 2987 1207 3022 τῶν

186 3040 380 3092 γενομένων
406 3041 550 3091 πληγεὶς
579 3042 686 3094 ἀπῄει
718 3043 938 3090 κοινωνήσων
967 3044 1108 3086 ἐκείνοις
1139 3047 1207 3081 τῶν

187 3103 329 3148 κακῶν,
362 3101 420 3139 καὶ
459 3103 506 3145 εἰς
535 3105 711 3155 προῦπτον
742 3103 852 3156 ῥίψων
891 3103 1036 3141 θάνατον
1074 3105 1205 3142 ἑαυτόν.

186 3162 239 3201 Τὸ
260 3161 328 3213 γὰρ
349 3161 436 3212 μετὰ
456 3162 663 3214 τριακοσίων
688 3165 830 3202 οἰκετῶν
851 3164 910 3202 καὶ
925 3166 1064 3215 ’“μικρῷ
1084 3166 1207 3202 πλειό-

187 3240 252 3262 νων
272 3223 357 3275 πρὸς
375 3223 548 3270 τοσαύτην
576 3224 861 3277 παρατάττεσθαι
896 3226 1081 3276 στρατιὰν,
1109 3226 1204 3265 οὐδὲν

235 3375 246 3389 ·
269 3370 358 3401 (φης
376 3363 466 3395 «locst
484 3374 515 3395 vn
533 3362 629 3397 (zoth.
650 3365 723 3396 Mox
741 3365 828 3396 ιιΙι-ιιι
849 3369 910 3398 «με’,ὲ
929 3372 1102 3406 anagnu.

235 3419 248 3441 l·
272 3415 368 3447 (loll).
390 3422 486 3451 murz.
506 3429 605 3450 ποιων.
625 3417 632 3457 l
651 3416 724 3448 Mox
737 3417 814 3450 Sm'.
832 3423 907 3454 ὅπως
925 3419 1054 3462 (lius-l

233 3481 243 3492 ι’
269 3469 363 3501 (loll).
384 3477 411 3499 vt
446 3468 545 3501 deil.
567 3480 597 3501 ΙΙΙ
630 3476 721 3501 textu
752 3477 786 3504 ι)
808 3477 992 3516 ζριῑμμιχνι,
1015 3472 1124 3502 Murri,
1159 3479 1186 3501 ΓΙ

1220 1918 1275 1943 192

1587 277 1672 308 Lm.
1713 276 1761 307 ιι.
2129 258 2219 303 235

1267 359 1347 398 liter
1357 360 1506 411 pertulit
1524 376 1531 397 :
1553 360 1659 410 etqui
1682 358 1839 397 maxime
1855 357 2027 406 omnium,
2040 369 2151 394 uxore
2161 370 2225 408 per

1269 433 1442 457 summam
1464 421 1541 458 vim
1559 419 1785 458 contumeliis
1805 418 1944 464 affecta,
1962 416 2067 455 irasci
2088 416 2221 454 debue-

1271 490 1338 528 rat,
1354 481 1480 531 agebat
1492 481 1611 519 omnia
1626 494 1669 518 ne
1685 479 1898 518 contumelia
1918 478 2100 529 manifesta
2115 477 2225 515 fieret.

1272 541 1348 578 Hoc
1363 554 1446 579 vero
1460 541 1662 593 cujusmodi
1682 539 1846 578 moeroris
1865 553 1904 576 ae
1919 538 2055 576 doloris
2069 538 2129 585 sit,
2151 552 2228 576 ser-

1272 613 1376 638 mone
1400 602 1575 653 explieari
1612 600 1735 651 nequit
1766 616 1774 636 :
1796 608 1925 637 norunt
1947 599 1986 636 id
2011 613 2134 636 omnes
2165 600 2227 650 qui

1274 674 1404 699 uxores
1431 660 1634 708 duxerunt,
1654 669 1758 711 atque
1789 661 1825 697 in
1846 658 2032 710 zelotypiae
2058 673 2227 709 umquam

1226 730 1250 759 D
1274 721 1510 773 suspicionem
1539 721 1756 759 inciderunt.
1790 721 1861 759 Sed
1888 729 1922 758 et
1942 720 2108 758 Salomon
2130 734 2229 770 quae-

1273 795 1354 819 nam
1383 783 1428 820 sit
1454 782 1531 819 haee
1568 782 1686 834 passio
1721 789 1896 826 testatur,
1916 779 2060 822 dicens:
2081 780 2229 818 Plenas
2247 800 2429 837 pwvssgss

1273 845 1376 880 enim
1396 843 1479 880 zelo
1495 843 1612 894 furor
1626 844 1708 880 viri
1727 843 1825 893 ejus,
1846 854 1926 878 non
1949 848 2084 891 parcet
2107 842 2148 877 in
2168 841 2231 877 die
2246 843 2297 872 35.

1266 905 1421 957 judicii,
1439 918 1561 955 neque
1578 904 1688 941 nullo
1712 907 1833 954 prelio
1851 903 2075 949 inimicitias
2095 902 2230 949 solvet,

1275 979 1397 1018 neque
1412 966 1524 1003 donis
1541 965 1720 1017 plurimis
1737 964 2066 1002 reconciliabitur.
2083 963 2132 1002 Et
2152 977 2232 1000 rur-

1274 1041 1356 1065 sus:
1377 1029 1512 1064 Forlis
1532 1034 1572 1064 ut
1600 1039 1701 1063 mors
1718 1025 1890 1071 dilectio,
1909 1025 2030 1062 durus
2045 1032 2088 1062 ut
2108 1024 2229 1077 inser·-
2250 1037 2383 1066 came,
2403 1039 2433 1065 a,

1277 1102 1349 1127 nus
1365 1089 1483 1127 zelus.
1508 1087 1616 1134 Quod
1638 1087 1668 1125 si
1700 1086 1887 1138 zelotypus
1907 1086 1956 1125 ita
1976 1085 2202 1124 excandescit
2219 1116 2229 1132 ,

1277 1149 1305 1188 is
1331 1149 1393 1201 qui
1415 1149 1520 1187 tantis
1540 1162 1682 1202 pressus
1702 1156 1776 1185 erat
1793 1146 2029 1184 incommodis
2042 1176 2052 1195 ,
2070 1155 2109 1184 ut
2129 1160 2232 1197 coge-

1276 1220 1374 1248 retur
1389 1210 1440 1248 eis
1462 1223 1605 1260 quoque
1619 1208 1774 1255 adulari,
1793 1207 1856 1258 qui
1873 1221 1908 1245 se
1932 1207 2160 1245 contumeliis
2179 1207 2234 1244 af-

1278 1272 1438 1321 ficerent,
1455 1281 1489 1309 et
1507 1285 1596 1322 quos
1615 1269 1739 1307 ulcisci
1758 1268 1954 1317 debuerat,
1972 1277 2099 1306 cuncta
2119 1269 2233 1306 faeere

1277 1341 1318 1371 ut
1335 1331 1504 1370 libidines
1520 1331 1717 1383 explerent,
1732 1343 1864 1380 suaque
1880 1343 1991 1367 uxore
2012 1329 2229 1376 fruerentur,

1277 1408 1348 1445 quo
1373 1407 1443 1431 non
1469 1392 1542 1430 dici
1563 1400 1678 1443 potest
1703 1389 1966 1428 miserabilior?
1986 1390 2123 1427 Interea
2149 1403 2231 1427 eum

1232 1463 1256 1494 E
1280 1456 1347 1494 ista
1373 1468 1512 1506 quoque
1530 1453 1646 1492 tristia
1658 1452 1766 1490 finem
1785 1453 2011 1504 accepissent,
2027 1450 2096 1488 alia
2110 1465 2234 1489 rursus

1281 1517 1429 1556 adversa
1444 1515 1693 1567 gignebantur,
1710 1513 1869 1563 famique
1887 1512 2023 1550 bellum
2047 1511 2232 1550 successit.

1281 1575 1418 1614 Omitto
1449 1587 1541 1611 nunc
1561 1572 1658 1610 rixas
1678 1581 1712 1609 et
1727 1571 1848 1623 jurgia
1869 1579 2066 1623 pastorum,
2090 1584 2235 1622 separa-

1282 1636 1412 1675 tionem
1429 1649 1462 1675 ‚a
1491 1635 1611 1671 fratris
1632 1632 1708 1670 filio
1731 1648 1740 1669 :
1764 1631 1926 1682 quamvis
1945 1631 2010 1669 ista
2031 1645 2186 1681 quoque,
2206 1631 2234 1668 si

1282 1711 1362 1735 cum
1383 1695 1518 1733 caeteris
1534 1694 1798 1740 examinentur,
1813 1706 2000 1730 moerorem
2017 1705 2086 1729 non
2103 1691 2236 1730 medio-

1281 1771 1375 1795 crem
1395 1757 1528 1794 inferre
1545 1754 1693 1807 possint.
1720 1755 1810 1792 Cum
1830 1754 1924 1791 enim
1945 1753 1974 1791 is
1993 1753 2055 1804 qui
2075 1762 2236 1791 servatus

1281 1819 1326 1856 ab
1340 1832 1380 1857 eo
1399 1819 1530 1865 fuerat,
1551 1815 1727 1865 tantisque
1758 1829 1821 1867 per
1841 1815 1946 1852 illum
1980 1815 2116 1867 potitus
2140 1828 2237 1853 com-

1285 1879 1498 1930 modis,'qui
1529 1877 1598 1916 sihi
1621 1875 1743 1915 cedere
1765 1890 1830 1928 per
1849 1875 1990 1923 omnia,
2009 1885 2238 1928 pastoresque

1234 1958 1259 1985 A
1285 1941 1562 1992 suoslinerepare
1581 1938 1774 1987 debuerat3
1792 1937 1865 1985 hic,
1879 1936 2023 1988 optione
2038 1937 2236 1988 proposita,

1283 2001 1492 2040 fertiliorem
1512 1996 1580 2038 sibi
1599 1999 1779 2050 regionem
1797 1997 1916 2049 clegit,
1935 1998 2106 2036 incultam
2121 1998 2176 2035 illi
2199 2011 2239 2034 ae

1283 2062 1511 2101 desertiorem
1530 2060 1733 2111 relinquens
1751 2074 1758 2095 :
1776 2058 1869 2109 quis,
1889 2072 1966 2104 oro,
1986 2058 2090 2097 facile
2110 2059 2215 2096 ferret
2228 2087 2238 2104 ,

1284 2137 1351 2161 non
1377 2122 1459 2162 dico
1474 2122 1743 2166 detrimentum,
1761 2119 1822 2158 sed
1843 2119 2023 2172 injuriam,
2040 2133 2122 2157 cum
2137 2119 2241 2157 vide-

1283 2194 1334 2223 ret
1357 2199 1408 2230 se,
1433 2185 1495 2236 qui
1515 2184 1631 2236 ipsum
1656 2182 1875 2229 honorasset,
1896 2196 2023 2234 parum
2043 2182 2240 2219 honorifice

1282 2245 1440 2291 tractari,
1462 2259 1503 2282 ac
1534 2244 1707 2281 minorem
1728 2242 1890 2294 accipere
1908 2243 2072 2294 partem?
2093 2241 2132 2280 Id
2161 2243 2239 2292 qui·

1282 2304 1362 2343 dem
1382 2305 1479 2343 omni
1499 2304 1712 2342 detrimento
1730 2303 1875 2354 gravius
1888 2312 2072 2346 consenum
2089 2301 2150 2340 sed
2164 2302 2240 2340 lure

1282 2374 1397 2403 tamen
1418 2365 1589 2403 universa
1616 2373 1784 2416 praetereo
1810 2379 1817 2399 :
1839 2363 1884 2400 de
1906 2363 2106 2414 patriarcha
2126 2364 2236 2409 enim,

1285 2439 1352 2466 non
1365 2426 1411 2465 de
1424 2425 1557 2477 quovis
1573 2424 1719 2463 homine
1739 2424 1841 2462 nobis
1852 2437 1966 2462 sermo
1986 2433 2050 2462 est.

1337 2496 1376 2535 8.
1392 2494 1569 2534 Successit
1589 2494 1643 2532 illi
1657 2494 1742 2531 lami
1773 2493 1954 2531 Persicum
1969 2493 2117 2539 belluni,
2141 2496 2236 2544 cogi·

1285 2566 1414 2607 tui-que
1441 2555 1611 2594 adversus
1644 2554 1763 2592 hostes
1791 2553 1941 2591 victoria
1961 2553 2069 2591 elatos
2088 2554 2237 2592 militem

1284 2617 1412 2655 ducere
1432 2616 1474 2662 is,
1488 2615 1548 2666 qui
1566 2614 1742 2666 principio
1764 2627 1831 2650 non
1850 2613 1999 2651 affuerat
2035 2613 2119 2651 belli
2139 2644 2147 2655 .
2182 2615 2239 2652 in-

1285 2678 1393 2730 tegris
1405 2677 1525 2716 adhuc
1540 2676 1698 2726 utrisque
1715 2674 1887 2727 partibuS.
1909 2674 1968 2712 sed
1987 2675 2137 2712 victoria
2161 2676 2237 2727 jam

1287 2739 1408 2791 potitis
1424 2738 1603 2781 hostibus,
1627 2750 1709 2773 cuin
1727 2750 1784 2773 eos
1801 2749 1900 2772 nemo
1921 2735 2012 2772 serre
2031 2745 2162 2788 posset,
2175 2736 2237 2774 sed

1285 2801 1345 2838 alii
1364 2799 1507 2850 quidem
1526 2797 1658 2850 passim
1677 2796 1847 2834 interfecti
1864 2805 1991 2837 esseut.
2014 2796 2075 2833 alii
2093 2812 2129 2834 se
2151 2797 2236 2835 laite-

1286 2860 1359 2898 bris
1378 2869 1410 2897 et
1431 2860 1522 2909 fugae
1551 2856 1730 2895 dedissent
1746 2886 1754 2901 ,
1771 2865 1803 2893 et
1825 2855 1951 2906 reliqui
1972 2856 2008 2893 in
2030 2856 2234 2894 servitutem

1233 2939 1256 2968 Β
1284 2920 1431 2959 abducti
1449 2920 1608 2957 fuissent.
1630 2917 1698 2954 Sed
1722 2927 1838 2955 tainu-n
1858 2916 1949 2954 nihil
1980 2917 2106 2955 horum
2131 2918 2233 2956 illum

1286 2992 1322 3020 ut
1343 2981 1441 3020 domi
1469 2988 1622 3018 :innueret
1658 2978 1813 3022 induxit,
1835 2978 1895 3015 sed
1926 2978 2122 3017 vehementi
2149 2994 2235 3016 ιιιιιυ

1285 3058 1362 3081 rore
1380 3041 1562 3094 perculsus
1591 3039 1769 3091 pinli-ctus
1801 3048 1848 3076 est
1861 3068 1870 3080 .
1891 3039 1966 3090 ipsc
1983 3053 2124 3089 (linoque
2143 3040 2218 3090 ejus

1283 3104 1364 3142 dein
1384 3100 1595 3140 cnhunitatis
1616 3099 1791 3151 particeps
1819 3100 1974 3141 futurus,
1991 3114 2096 3150 sulm·
2118 3099 2235 3152 ipsum

1286 3164 1379 3202 lmud
1408 3163 1527 3201 dubia·
1566 3161 1640 3199 neri
1674 3161 1912 3212 expositurus
1939 3163 2026 3199 Nam
2048 3162 2136 3199 wile
2155 3177 2235 3200 cunt

1286 3225 1451 3264 (rorentis
1465 3223 1576 3262 servis
1594 3222 1679 3263 suis,
1699 3222 1752 3258 rvi
1770 3221 1906 3259 uindice
1921 3222 2096 3273 pluribus.
2111 3223 2172 3261 adi
2185 3238 2234 3260 ri*

1228 3369 1284 3398 8.ss
1297 3368 1328 3400 il,
1352 3378 1382 3397 in
1399 3377 1500 3404 marg.
1527 3380 1559 3397 x«
1576 3382 1593 3406 ιΙ
1614 3382 1649 3403 ,μ
1667 3385 1685 3394 ⁴.

1276 3433 1284 3442 -
1307 3419 1407 3450 siml.
1430 3426 1457 3449 ι-ι
1475 3415 1569 3448 suli».
1586 3434 1642 3457 ,¹⁴³*‘.
1669 3437 1681 3444 ,.
1700 3421 1748 3448 712,
1775 3432 1777 3439 v
