2513 3871
355 239 443 268 229.

347 330 485 359 tantum
506 319 540 357 in
559 318 680 357 cibum
700 332 820 358 sumas
832 349 842 367 ‚
862 319 971 371 idque
986 319 1134 357 alternis
1149 317 1305 357 diebus?

775 236 809 266 S.
845 235 1034 266 sotNxts
1070 234 1314 266 cttnx‘sos‘r.
1356 234 1564 268 Auenti-te.
1605 238 1966 270 CONSTANTtNon.

1381 322 1632 373 διηγουμένων,
1649 322 1703 361 ὅτι
1722 339 1778 362 σοι
1803 329 1872 366 πᾶς
1888 325 1908 362 ὁ
1926 322 2045 374 καιρὸς
2068 324 2116 366 εἷς
2136 321 2239 375 εὐχὰς
2259 321 2319 360 καὶ
2349 321 2411 361 δά·

347 394 417 419 non
438 379 647 431 vigiliarum
668 377 895 431 prolixitate,
922 394 1005 419 cum
1033 389 1072 419 ut
1096 379 1166 432 ipsi
1183 379 1306 432 plures
1318 398 1470 435 ,ῃχρυα
1488 383 1714 423 ἀναλίσκεται
1731 399 1739 407 ·
1760 384 1820 422 καὶ
1841 383 2001 435 καθάπερ
2025 384 2056 421 οἱ
2084 383 2186 434 σιγὴν
2212 385 2412 430 ἀσκοῦντες,

347 456 416 480 una
433 441 739 480 noctesinsomnes
755 442 953 494 transigas;
970 455 1040 480 non
1055 441 1188 481 diurno
1204 440 1306 480 insti·
1333 443 1355 472 Λ
1379 444 1401 491 ἢ
1426 444 1487 484 καὶ
1520 445 1645 495 μόνους
1676 447 1711 484 ἐν
1751 444 1897 496 οἰκίσκῳ
1930 444 2228 489 κατακλείσαντες
2258 442 2413 492 ἑαυτοὺς,

346 509 438 547 tuto,
448 509 561 551 quote
571 513 714 551 quoque
723 499 897 551 plurimos
906 499 1051 539 illorum
1061 498 1308 538 transcendere

343 559 438 597 sama
451 567 516 596 est.
533 557 653 597 Audio
666 559 771 597 exiis
784 559 845 610 qui
862 559 993 598 isthinc
1004 558 1224 605 adveniunt,
1240 557 1307 596 tibi

345 635 449 659 omne
463 630 603 673 tempus
619 621 653 658 in
672 620 843 673 lacrymis
860 621 1113 673 perpetuisque
1129 619 1307 659 orationi-

343 680 413 718 bus
428 678 610 725 consumi;
628 688 660 717 et
681 679 986 730 quemadmodum
1010 679 1056 726 ii,
1077 679 1142 730 qui
1163 678 1308 718 silentio

346 753 383 778 se
393 738 635 783 devoverunt,
648 751 755 788 seque
769 737 863 790 ipsos
879 737 1027 790 tugurio
1039 737 1141 775 brevi
1159 737 1309 776 incluse·

345 808 450 846 runt,
472 797 562 836 nihil
585 798 802 848 loquuntur,
835 798 883 835 ita
905 807 939 836 et
969 807 1002 835 te
1021 799 1124 835 aiunt
1150 798 1185 836 iu
1211 807 1306 836 tanta

347 865 544 895 versantem
565 855 797 894 multitudine
814 857 1016 908 persistere.
1039 859 1151 895 Porro
1170 856 1308 894 contri-

334 915 481 972 ·tionem
507 914 625 953 cordis
646 915 718 958 tui,
752 915 953 965 squalorem
971 931 1012 954 ac
1032 916 1193 955 dolorem
1214 925 1245 954 et
1271 914 1307 952 hi

348 975 411 1028 qui
446 983 611 1013 enarrant
644 974 924 1023 exhorrescunt,
964 976 1211 1028 plurimosque
1251 975 1308 1013 bic

348 1033 437 1072 dum
451 1043 510 1071 tua
527 1042 709 1072 narrarent
724 1033 885 1072 instituta
902 1043 1203 1088 compunxerunt.
1221 1034 1308 1073 Nul-

350 1092 427 1131 lum
458 1106 628 1144 umquam
652 1091 926 1143 ingredientium
943 1122 951 1136 ,
977 1093 1105 1141 aiunt,
1137 1092 1306 1144 respicit,

351 1150 443 1189 nibil
454 1165 498 1190 ex
509 1150 682 1188 consuetis
696 1149 880 1188 laboribus
891 1151 1026 1189 relaxat
1040 1167 1047 1188 :
1061 1153 1193 1203 scepius
1204 1152 1309 1189 veriti

351 1224 475 1249 sumus
500 1223 542 1247 ne
561 1209 681 1247 oculos
700 1209 880 1260 perpetuis
900 1208 1070 1261 lacrymis
1089 1218 1307 1253 excaecaret,

351 1283 395 1307 ne
407 1268 543 1319 vigiliis
566 1267 706 1315 nimiis,
725 1267 974 1317 irremissoque
995 1274 1029 1303 et
1049 1266 1130 1318 jugi
1147 1266 1313 1305 lectionis

351 1325 471 1364 studio
489 1325 673 1364 cerebrum
695 1324 902 1362 offenderet.

405 1426 443 1461 2.
464 1422 541 1461 Hoc
561 1436 646 1474 ergo
662 1431 697 1460 te
716 1436 866 1461 moerore
885 1422 1031 1462 conficit
1052 1437 1093 1462 ac
1113 1421 1314 1475 perturbat,

353 1484 450 1536 quod
463 1484 616 1536 :equales
628 1493 706 1522 tuos
719 1493 814 1522 tanta
828 1485 1036 1524 excellentia
1046 1499 1207 1537 superas,
1219 1483 1314 1536 quod

353 1545 570 1584 acerrimum
588 1554 621 1583 et
639 1544 885 1598 impudentem
902 1556 1028 1585 nactus
1043 1546 1291 1585 adversarium
1305 1575 1315 1593 ‚

354 1615 454 1645 tanto
479 1607 595 1659 spatio
619 1615 738 1644 tecum
764 1607 897 1659 pariter
914 1617 1096 1647 currentes
1113 1607 1313 1646 excessisti.

356 1672 484 1707 Annon
499 1668 625 1706 merito
637 1668 801 1707 dicebam
813 1684 999 1708 moerorem
1011 1669 1108 1708 hunc.
1118 1677 1318 1722 praesumtae

355 1729 473 1768 solum
489 1743 564 1768 esse
579 1729 777 1782 opinionis;
793 1730 822 1768 si
843 1730 1071 1769 examinetur
1087 1745 1173 1769 vero
1184 1761 1194 1776 ,
1214 1743 1318 1768 sum-

357 1805 433 1829 mas
462 1790 566 1829 nobis
586 1791 720 1829 laetitiae
750 1805 792 1830 ac
822 1791 1098 1842 tranquillitatis
1117 1791 1319 1829 occasiones

358 1850 538 1904 praebere?
552 1854 642 1900 Quae
655 1852 751 1891 enim
768 1852 917 1900 utilitas,
931 1866 1050 1904 quoeso
1067 1862 1112 1900 te,
1125 1867 1144 1890 a
1159 1852 1321 1890 daemone

359 1927 428 1952 non
445 1914 599 1966 corripi,
614 1913 641 1951 si
660 1913 741 1951 vitm
757 1913 963 1952 institutum
980 1913 1209 1966 negligatur?
1224 1912 1320 1965 quod

359 1974 533 2014 damnum
553 1975 705 2027 corripi,
726 1975 754 2013 si
776 1975 848 2014 vita
868 1985 961 2014 recte
982 1976 1143 2015 instituta
1162 1986 1195 2015 et
1215 1990 1323 2014 accu-

361 2044 435 2074 rata
450 2036 519 2074 sit?
534 2041 579 2075 At
590 2037 738 2075 sortasse
747 2037 976 2076 confunderis
985 2052 1026 2075 ac
1037 2039 1227 2085 erubescis,
1239 2052 1321 2077 cum

362 2106 397 2135 te
410 2097 479 2136 sub
492 2098 604 2136 oculis
616 2098 857 2149 quorumdam
871 2098 1018 2151 dejicit?
1031 2101 1101 2139 Sed
1117 2100 1183 2138 hoc
1199 2100 1263 2138 tibi
1279 2114 1323 2138 ex

362 2156 486 2196 eadem
501 2159 636 2195 ratione
651 2157 844 2208 contingit,
863 2158 961 2210 quod
979 2159 1226 2198 multitudinis
1241 2159 1322 2212 opi—

363 2219 469 2258 nione
486 2219 665 2268 negotium
680 2219 761 2265 boc,
780 2233 847 2257 non
863 2220 1047 2258 ratiocinio
1059 2221 1206 2259 metiris.
1219 2222 1324 2260 Nam-

363 2294 432 2331 que
447 2281 572 2318 cadere
590 2294 657 2317 non
680 2279 717 2317 id
733 2289 804 2326 est,
826 2280 922 2332 quod
941 2290 976 2318 tu
995 2291 1026 2319 te
1043 2282 1116 2334 pati
1131 2280 1222 2320 dicis
1235 2313 1243 2327 ,
1262 2281 1324 2320 scd

366 2340 401 2378 in
423 2350 606 2393 peccatum
627 2355 813 2379 corruere:
832 2342 866 2379 in
888 2341 956 2380 boe
974 2356 1059 2380 sanc
1078 2357 1161 2381 casu
1181 2342 1323 2392 dolere,

367 2401 400 2440 in
418 2402 482 2440 hoc
497 2402 704 2441 erubescere
718 2402 900 2441 convenit.
917 2405 989 2442 Nos
1002 2413 1122 2443 contra
1138 2404 1174 2442 in
1190 2404 1234 2442 iis
1247 2419 1326 2456 qum

366 2462 501 2501 nnllam
528 2463 660 2502 habent
685 2464 910 2503 verecundiae
934 2464 1109 2504 rationem
1134 2465 1327 2504 confundi-

368 2540 469 2574 mur-3
490 2539 567 2576 qum
583 2534 702 2563 autem
722 2540 842 2564 revera
862 2536 944 2564 sunt
965 2527 1327 2579 turpia,exseeratio-

368 2600 478 2637 neque
497 2601 537 2623 ac
557 2599 723 2638 supremo
742 2585 850 2637 (ligna
871 2587 1030 2625 cruciatu
1045 2618 1054 2630 ,
1075 2601 1114 2625 ea
1132 2587 1220 2625 dum
1244 2603 1327 2640 per-

369 2657 569 2700 petramus,
589 2647 678 2685 nihil
694 2662 756 2685 nus
772 2647 854 2686 mali
874 2651 945 2700 pati
963 2649 1194 2687 arbitramur.
1212 2652 1330 2701 Atque

370 2709 488 2746 anima
521 2708 668 2759 quidem
699 2709 853 2758 singulis
875 2709 1004 2747 diebus
1036 2719 1262 2762 peccatorum
1293 2711 1327 2749 vi

370 2779 576 2816 corruente,
596 2770 717 2808 nullus
730 2771 858 2820 estqui
876 2770 1013 2821 lugeam
1030 2772 1058 2809 si
1076 2771 1221 2822 quando
1244 2787 1330 2810 vero

372 2845 500 2883 corpus
515 2830 582 2869 hoc
598 2830 735 2883 aliquid
752 2832 902 2884 patitur,
921 2833 959 2871 id
974 2847 1058 2872 vero
1077 2833 1210 2872 durum
1227 2843 1332 2885 atque

371 2892 594 2930 intolerabile
612 2906 687 2930 esse
714 2893 871 2931 videtur.
899 2894 1022 2932 Nonne
1042 2893 1079 2932 id
1100 2894 1220 2946 potius
1238 2903 1289 2933 est
1308 2909 1326 2932 a

372 2953 532 2992 ‹laemone
553 2955 707 3006 corripi,
735 2955 765 2993 si
790 2955 879 2993 adeo
906 2955 1160 2995 miserabiliter
1187 2957 1330 2995 animus

374 3015 568 3061 afliciatur,
589 3025 694 3066 atque
709 3017 754 3053 ita
770 3015 862 3054 circa
880 3031 1000 3056 rerum
1012 3017 1149 3070 judicia
1168 3018 1330 3056 fallatur?

375 3075 465 3112 Nam
488 3075 515 3113 si
540 3075 575 3113 id
595 3075 740 3127 quidem
769 3091 813 3114 ex
839 3076 1009 3116 ebrietate
1028 3079 1197 3131 patereris
1212 3108 1221 3125 ,
1243 3093 1333 3118 con-

375 3134 475 3172 sumti
506 3136 632 3174 merito
661 3151 702 3175 ac
730 3151 878 3175 moerere
901 3138 1108 3186 debuisses,
1135 3140 1270 3192 quippe
1298 3141 1334 3178 id

376 3194 568 3233 voluntatis
588 3197 719 3235 crimen
739 3208 826 3236 esset
845 3213 855 3247 ;
878 3199 930 3236 sin
951 3209 1069 3238 autem
1089 3199 1236 3239 alterius
1258 3202 1336 3240 vio-

379 3255 485 3292 lentia
507 3256 542 3293 id
565 3258 623 3302 tit,
646 3273 711 3295 nun
735 3259 763 3295 is
783 3260 843 3309 qui
867 3269 1018 3298 vexatur
1037 3270 1141 3312 atque
1159 3277 1235 3300 enm
1258 3264 1335 3300 vio-

378 3315 522 3353 lentiam
537 3318 674 3361 tolerat,
694 3319 750 3354 scil
772 3320 798 3355 is
812 3322 870 3371 qui
889 3321 985 3359 ιἸΙ.ιιιι
1002 3322 1116 3369 insert,
1130 3324 1337 3362 orulnsvvre

377 3376 492 3414 tlt-bet.
529 3378 617 3415 Nam
648 3388 681 3415 ‹·t
714 3379 747 3416 in
776 3381 888 3430 platea
918 3382 945 3419 si
974 3383 1116 3432 ‹pi-‘indo
1147 3385 1333 3423 couunissn

383 3452 498 3489 pugna
514 3438 603 3476 alter
618 3439 768 3477 alterum
787 3440 1111 3494 iiupellcuulcjicit,
1128 3459 1194 3483 nnn
1208 3446 1335 3484 raden-

1361 2955 1383 2984 l)

1379 505 1464 557 πρὸς
1485 506 1605 545 οὐδένα
1623 506 1719 545 οὐδὲν
1743 505 1962 557 φθέγγονται,
1987 504 2078 543 οὔτω
2110 505 2171 543 καὶ
2189 504 2228 544 σὲ
2249 503 2411 556 λέγουσιν

1378 568 1414 605 ἐν
1434 567 1560 613 πλήθει
1578 566 1732 619 τοσούτῳ
1748 566 1982 618 στρεφόμενον
2003 566 2186 604 διατελεῖν.
2205 567 2239 605 T
2241 566 2278 605 ὸν
2295 565 2331 604 δὲ
2349 568 2412 612 τῆς

1379 630 1525 681 καρδίας
1553 644 1613 667 σου
1643 627 1874 679 συντριμμὸν,
1906 626 1966 665 καὶ
1987 627 2046 665 τὸν
2075 626 2225 678 αὐχμὸν,
2256 626 2317 665 καὶ
2347 625 2412 673 τὴν

1381 692 1558 743 ἀλγηδόνα
1587 690 1646 728 καὶ
1675 689 1870 742 πεφρίκασι
1897 688 2144 739 διηγούμενοι,
2179 687 2238 726 καὶ
2263 687 2412 732 πολλοὺς

1382 754 1527 790 ἐνταῦθα
1547 751 1590 789 τὰ
1617 750 1662 789 σὰ
1685 750 1874 795 κατένυξαν
1895 749 2175 801 ἀπαγγέλλοντες
2189 765 2196 773 ·
2224 751 2288 788 οὐκ
2312 750 2412 787 ἀντι-

1381 812 1515 859 ὃλέπει,
1534 813 1652 864 φησὶν,
1670 812 1780 850 οὐδενὶ
1802 814 1871 849 τῶν
1896 810 2073 849 εἰσιόντων
2097 813 2181 859 ἐκεῖ,
2201 811 2273 850 οὐδ’
2292 811 2412 856 ἀνίησι

1380 877 1449 912 τῶν
1469 876 1625 926 συνεχῶν
1649 874 1763 911 πόνων
1783 873 1907 911 ἑαυτόν
1922 889 1929 896 ·
1950 873 2121 916 πολλάκις
2145 871 2329 923 ἐδείσαμεν
2359 870 2409 922 μὴ

1380 936 1531 988 πηρώσῃ
1552 935 1626 978 τοὺς
1645 933 1844 987 ὀφθαλμοὺς
1859 940 1930 978 τοῖς
1948 935 2124 986 ὀδυρμοῖς,
2140 933 2190 984 μὴ
2210 932 2327 986 πλήξῃ
2347 932 2412 977 τὰς

1382 998 1553 1048 μήνιγγας
1571 999 1614 1048 τῇ
1632 996 1841 1048 σφοδρότητι
1865 999 1928 1042 τῆς
1949 995 2141 1047 ἀγρυπνίας
2165 994 2226 1033 καὶ
2246 997 2290 1047 τῇ
2309 997 2409 1033 ἀνεν-

1381 1059 1470 1110 δότῳ
1487 1058 1546 1096 καὶ
1566 1059 1717 1103 διηνεκεῖ
1733 1058 1814 1108 περὶ
1833 1056 1896 1103 τὴν
1914 1056 2110 1108 ἀνάγνωσιν
2127 1057 2276 1107 σπουδῇ.

1441 1420 1474 1458 Τ
1477 1424 1564 1459 αὔτα
1578 1414 1636 1460 οὖν
1650 1436 1687 1460 σε
1705 1422 1806 1460 λυπεῖ
1818 1421 1879 1460 καὶ
1894 1421 2044 1473 θορυὸεῖ,
2056 1419 2111 1459 ὅτι
2122 1421 2287 1459 τοσοῦτον
2300 1417 2418 1472 παρή·

1387 1482 1496 1526 λασας
1511 1481 1589 1526 τοὺς
1604 1482 1792 1532 ὁμήλικας,
1806 1482 1861 1522 ὅτι
1874 1483 1934 1522 καὶ
1949 1482 2096 1535 σφοδρὸν
2107 1481 2169 1520 καὶ
2183 1480 2415 1534 ἀναίσχυντον

1387 1542 1478 1595 ἔχων
1498 1543 1556 1582 τὸν
1577 1543 1842 1596 ἀνταγωνιστὴν
1860 1546 1982 1597 πολλῷ
2000 1547 2051 1598 τῷ
2078 1544 2196 1596 μέτρῳ
2226 1542 2308 1587 τοὺς
2328 1541 2420 1594 μετὰ

1389 1608 1450 1643 σοῦ
1463 1604 1651 1657 τρέχοντας
1665 1606 1954 1658 ὑπερηκόντισας.
1967 1599 2008 1645 *A
2015 1609 2044 1659 p'
2060 1608 2123 1645 οὐκ
2143 1605 2286 1649 εἰκότως
2299 1603 2419 1655 ἔλεγον

1389 1665 1442 1704 ὅτι
1465 1671 1487 1714 ἡ
1509 1667 1639 1718 ἀθυμία
1659 1667 1748 1715 αὕτη
1768 1668 1978 1721 προλήψεως
1999 1667 2102 1719 μόνον
2128 1667 2236 1715 ἐστὶν,
2263 1667 2417 1718 ἐρευνω-

1391 1727 1479 1777 μένη
1498 1728 1606 1767 δὲκαὶ
1623 1729 1784 1780 εὐθυμίας
1800 1732 1886 1779 ἡμῖν
1901 1729 2081 1774 ὑποθέσεις
2096 1728 2247 1782 παρέχει
2264 1726 2421 1776 πρλλάςς

1392 1789 1440 1827 Τί
1459 1791 1526 1843 γὰρ
1547 1791 1680 1842 ὄφελος,
1713 1791 1790 1830 εἶπέ
1811 1807 1886 1841 μοι,
1912 1796 1972 1830 τοῦ
1998 1791 2046 1841 μὴ
2078 1792 2259 1842 δαιμονᾷν,
2289 1789 2373 1827 ὅταν
2400 1791 2420 1826 ὁ

1394 1851 1467 1903 βίος
1491 1852 1712 1903 ἠμελημένος
1729 1848 1773 1905 ἧ;
1791 1859 1889 1892 ποῖον
1915 1853 1951 1892 δὲ
1975 1853 2103 1904 mico<
2129 1851 2198 1891 ἀπὸ
2218 1855 2278 1890 τοῦ
2298 1853 2422 1901 δαιμο-

1392 1919 1468 1965 νᾷν,
1497 1913 1582 1952 ὅταν
1609 1914 1654 1952 τὰ
1685 1918 1748 1962 τῆς
1774 1914 1953 1959 πολιτείας
1984 1913 2213 1967 ἠκριῧωμένα
2238 1912 2330 1965 τύχῃ
2362 1911 2423 1951 καὶ

1394 1975 1700 2026 συγκεκροτημένοι
1721 1978 1858 2023 καλῶς;
1879 1977 1970 2015 Ἀλλ’
1994 1976 2077 2018 ἴσως
2097 1973 2247 2027 αἰσχύνῃ
2267 1973 2327 2012 καὶ
2343 1974 2424 2027 ἐρυ-

1397 2039 1517 2088 θριᾷς,
1542 2035 1625 2074 ὅταν
1650 2053 1688 2075 σε
1715 2037 1902 2089 καταὸάλῃ
1937 2037 2120 2088 παρόντων
2155 2038 2283 2083 τινῶν;
2314 2033 2422 2074 Ἀλλὰ

1396 2098 1496 2136 τοῦτο’
1522 2113 1576 2136 σοι
1601 2098 1707 2137 πάλιν
1742 2099 1812 2137 ἀπὸ
1839 2101 1899 2144 τῆς
1925 2099 2121 2141 ὑποθέσεως
2146 2096 2331 2148 συμὸαίνει
2361 2097 2424 2142 τῆς

1397 2160 1516 2205 αὐτῆς,
1545 2160 1599 2197 ὅτι
1628 2163 1670 2211 τῇ
1695 2163 1765 2199 τῶν
1794 2162 1933 2199 πολλῶν
1959 2159 2055 2211 δόξῃ,
2085 2160 2246 2210 λογισμῷ
2270 2158 2306 2197 δὲ
2325 2157 2425 2196 οὐδέ-

1396 2235 1481 2259 ποτε
1507 2221 1546 2260 τὸ
1573 2228 1722 2274 πρᾶγμα
1747 2221 1954 2275 ἐπέτρεψας.
1975 2222 2029 2260 Τὸ
2048 2221 2116 2273 γὰρ
2143 2225 2355 2260 καταπεσεῖν
2385 2221 2426 2258 οὐ

1397 2282 1497 2321 τοῦτό
1529 2285 1621 2322 ἐστιν
1649 2283 1668 2322 ὃ
1698 2283 1739 2322 σὺ
1775 2283 1926 2336 πάσχειν
1961 2282 2048 2335 φῂς,
2077 2281 2168 2320 ἀλλὰ
2197 2280 2237 2320 τὸ
2267 2280 2426 2334 ἁμαρτία

1399 2351 1600 2396 περιπεσεῖν
1618 2361 1624 2368 ·
1641 2346 1699 2383 ἐπὶ
1720 2345 1830 2398 ταύτῃ
1845 2349 1888 2396 τῇ
1904 2345 2038 2383 πτώσει
2066 2344 2172 2382 καλὸν
2199 2342 2426 2396 αἰσχύνεσθαι

1400 2406 1459 2443 καὶ
1483 2406 1613 2457 ἀλγεῖν.
1647 2408 1718 2445 Νῦν
1748 2406 1782 2445 δὲ
1813 2407 1871 2445 ἐπὶ
1895 2405 1958 2457 μὲν
1988 2411 2061 2450 τοῖς
2089 2404 2255 2456 οὐδεμίαν
2285 2402 2426 2456 ἔχουσιν

1401 2468 1568 2521 αἰσχύνην
1601 2469 1866 2520 καταδυόμεθα,
1901 2468 1944 2507 τὰ
1980 2468 2016 2508 δὲ
2054 2468 2162 2511 ὅντως
2192 2466 2324 2519 αἰσχρὰ
2365 2465 2427 2505 καὶ

1399 2532 1530 2569 πολλοῦ
1563 2530 1717 2582 γέμοντα
1746 2530 1896 2581 γέλωτος
1934 2530 1994 2568 καὶ
2038 2529 2216 2571 κολάσεως
2253 2526 2426 2579 ἐσχάτης,

1398 2597 1506 2630 ταῦτα
1527 2593 1674 2643 δρῶντες
1693 2592 1790 2629 οὐδὲν
1810 2591 1988 2642 ἡγούμεθα
2007 2591 2157 2643 πάσχειν
2175 2589 2283 2629 δεινόν
2301 2603 2308 2611 ·
2335 2587 2427 2627 ἀλλὰ

1398 2655 1460 2697 τῆς
1491 2653 1553 2700 μὲν
1576 2655 1691 2704 ψυχῆς
1722 2654 1799 2690 καθ’
1830 2653 1981 2697 ἑκάστην
2012 2653 2146 2703 ἡμέραν
2177 2651 2245 2690 ὑπὸ
2264 2654 2326 2697 τῆς
2357 2652 2427 2689 τῶν

1400 2713 1666 2764 ἁμαρτημάτων
1694 2713 1865 2765 ἐνεργείας
1886 2714 2079 2759 πιπτούσης
2097 2712 2207 2756 οὐδεὶς
2236 2715 2255 2750 ὁ
2273 2713 2425 2750 πενθῶν·

1401 2776 1429 2813 εἰ
1446 2775 1483 2811 δέ
1499 2777 1585 2811 ποτέ
1601 2790 1634 2811 τι
1651 2775 1691 2813 τὸ
1707 2777 1810 2823 σῶμα
1831 2778 1931 2812 τοῦτο
1948 2774 2066 2820 πάθοι,
2083 2774 2192 2812 δεινὸν
2211 2773 2271 2812 καὶ
2293 2772 2427 2825 ἀφόρη-

1401 2850 1460 2873 τον
1477 2829 1565 2873 εἶναι
1577 2828 1775 2886 Sonti-*Apa
1788 2836 1826 2872 οὐ
1841 2838 1944 2872 τοῦτο
1954 2835 2027 2874 ἔστι
2044 2835 2082 2874 τὸ
2094 2835 2276 2886 δαιμονᾷν,
2289 2832 2329 2872 τὸ
2339 2832 2431 2873 οὕτω

1403 2898 1598 2934 διακεῖσθαι
1618 2895 1682 2941 τὴν
1707 2896 1823 2948 ψυχὴν
1845 2896 1905 2933 καὶ
1928 2896 2007 2946 περὶ
2028 2895 2091 2943 τὴν
2120 2898 2190 2934 τῶν
2208 2893 2429 2947 πραγμάτιον

1403 2957 1618 3008 σφάλλεσθαι
1637 2957 1769 3010 κρίσινς
1789 2958 1830 2996 tii
1851 2957 1912 3008 μὲν
1930 2957 1998 3009 γὰρ
2014 2958 2082 2996 ὑπὸ
2102 2956 2210 3007 μέθης
2224 2960 2328 2995 τοῦτο
2341 2955 2427 2995 ἔπα-

1405 3035 1500 3071 σχες,
1532 3021 1639 3071 ἐχρῆν
1669 3019 1903 3057 καταδύεσθαι
1929 3019 1987 3057 καὶ
2015 3022 2173 3066 ἀθυμεῖν,
2193 3016 2431 3070 προαιρέσεως

1404 3082 1471 3132 γὰρ
1494 3083 1531 3119 τὸ
1549 3080 1710 3132 ἔγκλημα
1727 3075 1769 3127 ἦν
1785 3095 1792 3103 ·
1813 3082 1842 3117 εἰ
1859 3080 1893 3119 δὲ
1914 3083 1975 3126 ri<
1991 3081 2109 3131 ἑτέρου
2128 3079 2261 3131 βίαςτὸ
2281 3078 2432 3130 πρᾶγμά

1407 3144 1514 3188 ἐστιν,
1528 3143 1566 3179 οὐ
1582 3145 1639 3180 τὸν
1661 3144 1727 3187 ε’πη
1735 3142 1949 3194 ρεαζόμενον,
1964 3141 2039 3180 οὐδὲ
2056 3142 2113 3179 τὸν
2131 3139 2351 3190 ὓπομίνοντα
2365 3140 2430 3185 τὴν

1410 3202 1504 3254 βίαν,
1525 3203 1614 3240 ἀλλὰ
1641 3203 1699 3241 τὸν
1722 3203 1857 3255 δρῶντα
1879 3202 2104 3254 αἰσχύνεσθαι
2126 3203 2190 3240 δεῖ.
2215 3200 2283 3239 Kal
2301 3199 2370 3252 γὰρ
2394 3200 2431 3238 ἕν

1410 3268 1519 3316 ἀγορᾷ
1534 3265 1565 3302 εἴ
1577 3279 1660 3302 ποτε
1675 3263 1861 3314 γενομένης
1879 3264 1995 3314 μάχης
2009 3263 2121 3315 ἔτερος
2135 3263 2192 3301 τὸν
2207 3262 2323 3313 ἕτερον
2336 3260 2432 3305 ὤσας

1409 3326 1595 3370 κατέιῗαλε,
1622 3326 1679 3364 τὸν
1698 3325 1956 3369 καταδαλόντα,
1973 3325 2010 3361 οὗ
2031 3326 2088 3361 τὸν
2109 3323 2260 3361 πεσόντα
2282 3323 2433 3366 ἅπαντες

1409 3386 1615 3437 αἰτιώμεθα.
1640 3387 1756 3424 Καλὸν
1778 3387 1815 3424 τὸ
1843 3389 2016 3437 ἐρυθριᾷν,
2049 3384 2126 3423 ἀλλ’
2145 3384 2228 3423 ὅταν
2257 3400 2290 3422 τι
2311 3382 2430 3437 πράτ-

1408 3464 1521 3497 τωμεν
1539 3450 1605 3485 τῶν
1625 3447 1764 3486 κόλασιν
1783 3447 1953 3497 φερόντων
1971 3449 2055 3496 ἧμῑν
2075 3445 2169 3496 παρὰ
2188 3448 2238 3497 τῷ
2257 3445 2334 3484 τότε
2351 3443 2433 3496 μίλ-
