2549 3825
659 268 888 298 ADVERSUS,
925 269 1277 299 OPPUGNA'roffl-ts
1316 270 1428 299 vl'l‘AE
1466 271 1664 301 MONAST.
1705 273 1789 301 ΜΒ.
1830 273 1893 301 lll.

237 354 362 406 γείρειν
379 353 537 402 κείμενον
560 352 626 398 ἤδη
655 352 717 390 καὶ
745 350 1012 398 ἐξησθενηκότα.
1034 352 1125 397 Ναὶ,
1148 353 1234 403 φησί
1256 369 1262 375 ·

229 416 305 453 τότε
326 415 394 466 γὰρ
413 413 553 457 εὔκολος
574 417 595 459 ἡ
624 412 719 459 πάλη
733 443 743 460 ,
770 414 848 451 τότε
870 412 960 466 ῥᾴων
977 416 999 459 ἡ
1034 414 1133 464 μάχη
1149 442 1158 456 ,
1187 416 1256 450 τῶν

230 477 421 525 ἐπιθυμιῶν
453 475 679 513 σὸεσθεισῶν.
709 472 803 512 Ποία
835 474 934 525 μάχη
953 504 963 521 ,
992 474 1128 514 οὖδενὸε
1161 474 1257 517 ὄντος

231 538 315 585 ἡμῖν
341 540 399 574 τοῦ
424 535 671 582 πυκτεύοντος;
694 536 763 573 Διὰ
790 534 858 586 γὰρ
878 538 980 573 τοῦτο
1011 534 1088 573 οὐδὲ
1120 537 1151 573 οἱ
1174 535 1256 574 στέ-

232 611 332 647 φανοι
351 596 507 648 λαμπροὶ
522 596 643 635 λοιπὸν
665 596 817 634 ἔσονται.
838 595 1025 648 Μακάριος
1043 596 1111 647 γὰρ
1131 596 1167 639 ὃς
1192 591 1255 648 ἦρε

232 655 358 708 ι’ζυγὸν
391 659 430 695 ἐκ
449 657 607 704 νεότητος
626 659 729 694 αὐτοῦ
746 670 754 677 ·
784 656 966 694 καθίσεται
997 656 1089 694 κατὰ
1119 657 1254 707 μόνας,

231 719 290 756 καὶ
313 718 543 764 σιωπήσεται.
579 712 692 761 Οὗτος
721 717 852 770 μυρίων
885 717 1037 756 ἐπαίνων
1070 718 1162 762 ἄξιος
1193 719 1254 756 καὶ

235 781 468 831 μακαρισμῶν
495 779 555 817 καὶ
585 781 786 830 εὐφημιῶν,
809 781 826 815 ὃ
855 778 1067 829 μαινομένην
1097 781 1253 830 χαλινῶν

232 839 295 886 τὴν
324 839 446 890 φύσιν,
461 839 519 877 καὶ
549 841 584 877 ἐν
605 842 691 890 αὐτῇ
711 843 771 876 τοῦ
791 840 963 890 χειμῶνος
983 841 1026 890 τῇ
1046 842 1143 890 ἀκμῇ
1174 841 1254 878 δια-

234 899 353 944 σώζων
387 901 426 938 τὸ
454 899 594 951 σκάφος.
616 900 716 946 Πλὴν
747 900 837 937 ἀλλὰ
860 899 970 949 μηδὲν
1003 899 1090 952 ὑπὲρ
1122 900 1253 939 τούτων

231 962 479 1011 φιλονεικῶμεν
494 990 503 1007 ,
527 961 603 998 ἀλλ’
624 959 714 997 ἔστω
736 960 834 1012 μάχη
863 961 923 997 καὶ
942 960 1019 998 τότε
1034 991 1044 1009 ,
1063 963 1092 999 εἶ
1123 961 1252 1012 βούλει.

232 1021 325 1059 Ἀλλ’
345 1023 374 1059 εἷ
408 1021 470 1071 μὲν
503 1023 553 1073 ἐφ’
581 1025 666 1071 ἡμῖν
697 1021 800 1059 ἔκειθ’
822 1024 840 1059 ὁ
862 1027 922 1060 τοῦ
951 1025 1083 1072 ἀγῶνος
1111 1024 1252 1073 καιρὸς,

231 1084 346 1125 καλῶς
363 1083 491 1120 ἐκεῖνον
520 1081 730 1132 ἀνεμένομεν
763 1083 821 1120 τὸν
853 1082 976 1135 χρόνον
993 1099 1000 1107 ·
1022 1085 1051 1121 εἰ
1071 1082 1107 1122 δὲ
1137 1083 1253 1122 πάντα

230 1143 290 1182 τὸν
309 1142 466 1195 παρόντα
486 1143 558 1194 βίον
579 1143 808 1194 ἀγωνίζεσθαι
827 1143 896 1196 χρὴ
910 1174 920 1191 ,
939 1146 978 1182 ἐκ
999 1144 1142 1196 πρώτης
1169 1147 1253 1191 ’ἡλι-

232 1205 311 1248 κίας
336 1204 526 1255 ἀρξάμενον
555 1204 700 1251 εὐθέως,
725 1204 784 1242 καὶ
805 1205 951 1251 δεκαετῆ
980 1206 1146 1256 γεγονότα
1175 1206 1254 1253 (καὶ

231 1265 299 1317 γὰρ
320 1265 353 1309 ἐξ
379 1266 512 1312 ἐκείνης
531 1265 664 1316 ἀνάγκη
686 1269 748 1312 τῆς
773 1265 912 1311 ἡλικίας
938 1268 1166 1304 ἀπαιτεῖσθαι
1183 1270 1254 1304 τῶν

233 1326 498 1376 ἁμαρτημάτων
521 1326 679 1374 εὐθύνας,
700 1326 759 1364 καὶ
779 1327 923 1373 δηλοῦσι
944 1327 989 1365 τὰ
1008 1327 1255 1374 καταὸρωθέν-

232 1402 276 1424 τα
289 1387 357 1425 ὑπὸ
374 1390 443 1425 τῶν
460 1388 596 1440 ἄρκτων
610 1386 734 1425 παιδία
754 1387 811 1424 ἐπὶ
827 1393 899 1430 τοῖς
920 1389 967 1431 εἷς
978 1388 1036 1426 τὸν
1051 1387 1118 1426 Ελ
1123 1393 1256 1426 ισσαῖον

231 1447 453 1499 σκώμμασι),
472 1449 532 1486 καὶ
548 1452 606 1486 ν’ῧν
628 1464 667 1486 εκ
684 1447 815 1494 ταύτης
834 1448 997 1486 παλαίειν
1009 1448 1078 1500 γρὴ
1100 1451 1163 1494 τῆς
1182 1451 1257 1495 ἡλι-

232 1509 321 1557 κίας,
342 1513 376 1548 ἐν
395 1514 416 1561 ᾗ
445 1510 505 1548 καὶ
527 1509 718 1560 ἐφέστηκεν
741 1513 759 1548 ὃ
785 1510 938 1560 πόλεμος
955 1511 1111 1561 χαλεπὸν
1141 1511 1254 1549 πνέων

232 1570 310 1606 καθ’
344 1570 470 1618 ἡμῶν,
501 1568 605 1606 πόθεν
635 1570 692 1605 οὖν
723 1584 764 1606 συ
795 1567 853 1605 τὸν
880 1569 1001 1618 καιρὸν
1031 1570 1160 1606 ἐκεῖνον
1185 1574 1257 1611 τοῖς

232 1630 363 1680 ἀγῶσιν
383 1629 529 1681 ὁρίζεις·
519 1659 530 1676 ,
553 1629 596 1666 Εἰ
629 1628 692 1678 μὲν
711 1629 778 1680 γὰρ
798 1629 858 1666 καὶ
878 1643 929 1680 τῳ
955 1628 1078 1666 διαὸόλ
1080 1646 1108 1680 ῳ
1137 1628 1256 1680 κύριος

230 1691 272 1734 ἠς
292 1688 488 1727 ἐπιτάττειν
523 1687 571 1738 μὴ
593 1689 790 1726 ἐπικεῖσθαι
817 1688 906 1737 μηδὲ
925 1688 1138 1733 πυκτεύειν,
1161 1692 1254 1740 εἶχεν

231 1750 272 1788 ἄν
291 1749 370 1788 τινά
399 1765 452 1788 σοι
470 1750 572 1800 ’λόγον
599 1748 687 1795 αύτη
715 1752 737 1794 ἡ
759 1749 983 1800 παραίνεσις·
999 1751 1028 1787 εἷ
1057 1748 1093 1786 δὲ
1125 1751 1254 1788 ἐκεῖνον

231 1811 328 1862 ἀφεὶς
347 1811 576 1862 ἀγωνίζεσθαι
592 1811 651 1848 καὶ
671 1810 833 1857 τύπτειν,
855 1811 933 1861 ἐμοὶ
951 1814 1149 1859 νομοθετεῖς
1167 1815 1254 1858 ἡσυ-

230 1873 373 1924 χάζειν,
395 1873 528 1923 μᾶλλον
550 1872 585 1910 δὲ
604 1872 664 1910 καὶ
696 1871 1039 1910 ὑποκατακλίνεσθαι
1058 1871 1200 1920 ἑκόντα,
1219 1873 1254 1911 τί

230 1932 359 1981 ταύτης
377 1937 440 1979 τῆς
458 1933 622 1985 ἐπηρείας
639 1939 758 1986 χεῖρον
777 1933 900 1984 γένοιτ’
924 1933 985 1979 ἂν,
1006 1937 1066 1971 τοῦ
1085 1934 1253 1984 πολεμίου

233 1994 463 2046 μαινομένου,
477 2011 535 2034 τον
560 1994 821 2044 πολεμούμενον
843 1993 1072 2045 ἀφοπλίζειν,
1084 2011 1144 2033 και
1162 1994 1252 2033 οὕτω

230 2061 305 2099 ταῖς
316 2056 446 2095 ἐκείνου
455 2072 555 2108 χερσι
569 2055 818 2109 παραδιδόναι,
832 2057 882 2095 Νέ
868 2071 919 2099 -ος
934 2056 1079 2094 ἐστικαὶ
1091 2057 1252 2103 ἀσθενης;

230 2119 353 2156 οὔκουν
381 2117 439 2156 διὰ
471 2122 571 2156 τοῦτο
589 2117 747 2160 π)είονος
768 2118 999 2168 ἀσφαλείας
980 2123 1107 2155 οεῖται·
1135 2120 1253 2171 ἀσφα-

231 2177 357 2222 λείας
339 2178 374 2216 οὲ
394 2178 573 2229 δεόμενος,
594 2178 654 2216 καὶ
671 2177 873 2228 ἐπιμελείας
899 2178 1061 2225 δεήσεται
1077 2179 1248 2222 πλείονος.

230 2238 306 2276 Τὸν
321 2238 355 2277 δὲ
375 2255 527 2278 τοιουσον
548 2241 582 2277 ἐν
594 2239 776 2316 γαληνῃ;
758 2239 944 2282 οιαπαντὸς
975 2254 1035 2277 και
1056 2239 1188 2314 ἡσυχία
1206 2244 1251 2277 εἶ-

230 2314 287 2336 ναι
301 2313 370 2346 οει
393 2315 454 2337 ουκ
470 2301 517 2342 εἷς
532 2300 726 2352 πρά(ματα
741 2299 1026 2349 *ἐμὸάλλεσθαι,
1047 2300 1123 2338 οὖοὲ
1148 2302 1182 2337 ἐν
1202 2316 1252 2338 τι)

231 2359 327 2411 μέσῳ
348 2361 578 2412 στρέφεσθαι,
596 2360 676 2398 ἔνθα
698 2359 805 2404 πολὺς
825 2364 842 2398 ὃ
863 2360 1004 2412 θόρυίῖος
1017 2331 1083 2398 ’md
1101 2365 1122 2407 ἡ
1144 2377 1252 2414 ταρα-

229 2420 290 2471 χή.
321 2420 371 2458 Σὺ
392 2422 426 2460 δὲ
446 2416 494 2464 οἷς
514 2424 532 2458 ὃ
556 2420 707 2470 πόλεμος
735 2421 981 2472 χαλεπώτερος
1011 2421 1070 2459 καὶ
1101 2422 1157 2459 διὰ
1187 2422 1250 2468 τὴν

227 2482 383 2529 ἡλικίαν,
397 2486 412 2502 ⁰
429 2482 488 2520 καὶ
513 2481 571 2520 διὰ
590 2482 652 2529 τὴν
679 2482 879 2529 ἀσθένειαν,
895 2483 954 2520 καὶ
976 2483 1032 2521 διὰ
1051 2483 1113 2529 τὴν
1145 2485 1250 2522 ἀπει-

231 2543 325 2594 ρίαν,
345 2543 405 2581 καὶ
425 2543 481 2581 διὰ
508 2543 573 2589 τὴν
603 2545 638 2580 ἐν
664 2542 760 2595 μέσῳ
783 2542 995 2595 διαστροφὴν
1009 2574 1018 2591 ,
1045 2544 1185 2588 τούτους
1205 2546 1252 2587 ὡς

228 2604 295 2651 ἤδη
315 2604 591 2656 κατωρθωκότας
619 2604 678 2642 καὶ
697 2604 898 2654 γενομένους
925 2605 1085 2657 ἰσχυροὺς
1114 2608 1161 2648 εἰς
1183 2606 1251 2656 μζ-

229 2677 287 2701 σον
307 2663 419 2706 ἕλκεις
432 2692 442 2710 ,
459 2663 518 2701 καὶ
537 2665 598 2702 οὐκ
619 2665 676 2714 ἐᾷς
696 2662 910 2707 ἀπελθόντας
927 2665 1162 2715 γυμνάζεσθαι
1191 2665 1249 2704 ἐπὶ

229 2726 291 2770 τῆς
318 2725 464 2777 ἐρημίας
482 2738 490 2746 ·
512 2724 632 2776 ὥσπερ
659 2725 700 2762 ἂν
733 2724 765 2762 εἴ
779 2741 831 2769 τις
849 2725 907 2763 τὸν
930 2728 992 2777 μὲν
1014 2726 1120 2777 μυρία
1148 2728 1249 2765 δυνά-

230 2800 330 2834 μενον
358 2789 485 2832 στῆσαι
503 2786 656 2837 τρόπαια
684 2785 805 2836 κελεύῃ
834 2786 878 2824 τὰ
907 2787 1085 2837 πολεμικὰ
1103 2790 1249 2840 μελετᾷν

229 2847 529 2898 ἐφ’·ἡσυχίας,τὸν
549 2846 584 2886 δὲ
605 2847 746 2898 ἄπειρον
767 2847 826 2884 καὶ
839 2847 917 2886 οὐδὲ
938 2850 983 2891 εἰς
1000 2849 1119 2901 μάχην
1140 2865 1252 2901 παρα-

227 2906 334 2959 κύψαι
353 2908 539 2958 δυνάμενον
552 2937 562 2954 ,
582 2911 703 2945 τοῦτον
725 2909 768 2945 δι’
796 2909 881 2947 αὐτὸ
900 2914 1002 2947 τοῦτο
1032 2913 1066 2948 ἐν
1083 2913 1126 2962 τῇ
1149 2911 1247 2962 μάχῃ

226 2967 431 3020 στρέφεσθαι
452 2972 618 3020 νομοθετῇ
632 2998 642 3015 ,
664 2971 711 3012 ὡς
740 2969 1024 3022 δυσκατόρθωτον
1043 2973 1083 3010 τὸ
1101 2979 1249 3024 πρᾶγμα

224 3032 346 3075 τοῦτο,
373 3028 599 3079 μείζοναᾱτὰ
619 3029 812 3079 κωλύματα
842 3032 958 3074 τιθείς.
992 3034 1085 3084 Πρὸς
1109 3034 1144 3072 δὲ
1172 3034 1249 3072 τού-

226 3103 295 3132 τοις
314 3090 454 3128 κάκεῖνο
470 3089 595 3128 εἰδέναι
611 3090 680 3142 χρὴ
694 3121 703 3138 ,
718 3090 771 3128 ὅτι
791 3093 853 3129 οὐκ
873 3091 921 3129 ἔνι
941 3093 1030 3142 μετὰ
1052 3094 1164 3145 γάμον
1186 3095 1249 3133 κύ-

229 3164 299 3200 ριον
333 3153 454 3188 ἑαυτοῦ
483 3145 593 3199 εἶναι,
625 3153 702 3190 ἀλλ’
732 3152 866 3204 ἀνάγκη
905 3155 997 3192 δυοῖν
1032 3155 1246 3207 οοίτερον,ἢ

274 3274 290 3297 b
314 3272 822 3317 Utntsgayovssapuv.1l›id.duo
837 3275 913 3307 Ms-i.
939 3282 1054 3320 μυρίων
1072 3283 1236 3321 θαυμάτων

233 3330 334 3366 ἄξιος.

236 3377 336 3410 Snvil.
354 3379 478 3410 vimus.
496 3383 646 3422 χαλιπόν,
665 3380 778 3414 Mun-1.
797 3385 874 3424 χαλ.
880 3391 951 3420 πῶς.

281 3429 329 3472 [
348 3434 546 3474 ὶμθάλλισθαι
563 3433 625 3465 hux
630 3431 663 3464 tl
679 3437 800 3468 ὶκδόιλλ
818 3433 998 3466 Moutlnuc.
1006 3436 1017 3478 J

344 3350 364 3358 ..
383 3331 538 3370 «jv-apim.
566 3326 667 3358 luulu
691 3335 765 3370 post
790 3326 871 3360 alii'
865 3335 920 3363 οπο
937 3339 995 3363 τῶν
1015 3344 1124 3374 msam.
1145 3332 1216 3364 lul'r
1221 3344 1237 3363 ι
1275 3339 1324 3379 0

2229 262 2250 271 o-

2201 276 2278 304 131

1333 353 1434 391 rihus
1448 354 1613 405 immergi
1632 354 1753 403 rebus,
1771 354 1816 392 ita
1833 364 1873 392 ut
1895 363 2062 407 superata
2078 355 2191 397 facilis
2205 370 2288 394 eva—

1329 413 1444 462 deret3
1457 424 1644 466 postquam
1657 424 1774 452 autem
1790 416 1964 454 sexcentis
1979 416 2188 455 vulneribus
2205 431 2288 455 con-

1327 474 1442 512 fossus
1461 476 1559 512 nulla
1587 490 1630 513 ex
1664 486 1764 527 parte
1793 491 1898 514 sanus
1923 486 1976 514 est
1994 509 2003 524 ,
2039 487 2120 516 tunc
2149 492 2288 515 artnare

1328 534 1431 573 illum
1449 545 1482 573 et
1502 536 1656 573 excitare
1674 537 1851 588 jacentem
1881 537 2146 588 infirmumque.
2167 539 2219 576 Ita
2237 552 2289 576 sa·

1280 608 1303 637 Β
1329 608 1370 632 ne
1385 626 1394 641 ‚
1417 596 1573 646 inquies;
1595 606 1680 634 tunc
1709 597 1803 633 enim
1838 597 1926 635 levis
1944 611 2064 649 pugna
2084 599 2151 636 erit
2167 629 2176 646 ,
2204 599 2289 636 faci-

1327 654 1430 705 leque
1464 665 1664 702 certamen‚
1682 658 1758 708 jam
1785 658 1958 694 exstincta
1986 660 2286 711 concupiscentia.

1327 716 1417 762 Quae
1431 730 1550 768 pugna
1566 750 1574 763 ‚
1591 731 1672 755 cum
1688 717 1808 755 nullus
1823 717 1918 755 adsit
1937 727 2058 756 contra
2079 734 2140 757 nos
2157 721 2289 772 pugil?

1327 777 1412 814 Ideo
1432 791 1495 814 nec
1515 791 1653 816 eoronae
1686 787 1770 816 tunc
1803 778 1959 815 illustres
1987 789 2089 816 erunt
2113 791 2121 815 :
2142 782 2287 818 Beatus

1325 839 1419 875 euim
1452 842 1519 889 qui
1542 842 1755 888 portaverit
1777 840 1916 893 jugum
1951 841 1999 876 ab
2029 841 2288 879 adolescentia

1327 912 1398 935 sua
1412 915 1426 942 ;
1444 900 1597 938 sedebit,
1623 901 1822 938 solitarius
1838 931 1849 944 ,
1873 909 1910 937 et
1929 903 2084 939 tacebit.
2118 901 2184 939 Hic
2210 916 2290 939 sex—

1327 961 1439 997 centis
1474 960 1648 997 laudibus
1675 961 1806 1012 diguus
1831 991 1844 1007 ,
1877 969 1912 999 et
1938 961 2226 1001 beatitudinibus
2257 972 2292 1001 et

1327 1020 1514 1070 praeconiis
1532 1051 1540 1064 ‚
1562 1021 1624 1071 qui
1655 1021 1830 1058 furentem
1850 1029 2015 1059 naturam
2034 1023 2179 1070 fraenat,
2201 1032 2233 1060 et
2254 1024 2290 1060 in

1326 1080 1404 1132 ipsa
1426 1082 1646 1134 tempestatis
1672 1082 1709 1119 vi
1738 1082 1907 1133 scapham
1935 1084 2056 1135 eripit.
2086 1085 2227 1123 Verum
2247 1098 2291 1122 ne

1326 1155 1432 1193 super
1452 1142 1509 1180 his
1534 1144 1640 1180 rebus
1657 1143 1926 1189 contendamus,
1938 1144 2243 1196 concedamusque
2261 1147 2290 1183 si

1329 1201 1382 1239 vis
1399 1211 1484 1240 tunc
1502 1203 1609 1241 etiam
1629 1203 1764 1241 bellum
1783 1218 1857 1241 esse
1875 1205 2050 1242 futurum.
2067 1206 2159 1243 Sane
2178 1206 2208 1242 si
2227 1220 2292 1257 pe-

1328 1276 1388 1300 nes
1410 1278 1472 1301 nos
1493 1273 1583 1302 esset
1615 1274 1756 1316 tempus
1776 1266 1980 1303 certaminis
2010 1275 2184 1315 statuere,
2210 1270 2292 1320 jure

1279 1332 1303 1361 C
1329 1333 1468 1377 tempus
1484 1325 1576 1363 illud
1595 1336 1800 1378 exspectare
1819 1327 1939 1365 liceret
1957 1343 1964 1363 :
1985 1328 2038 1365 sin
2058 1342 2142 1366 vero
2158 1343 2222 1380 per
2239 1338 2290 1367 to-

1328 1394 1402 1423 tam
1432 1387 1544 1424 vitam
1581 1387 1684 1425 nobis
1711 1388 1959 1426 dimicandum
1990 1398 2060 1438 est,
2094 1403 2221 1457 nempe
2245 1389 2291 1427 ab

1329 1447 1472 1484 ineunte
1491 1456 1618 1495 aetate,
1641 1449 1721 1486 sixe
1751 1463 1769 1486 a
1804 1449 2010 1487 decennio
1997 1464 2065 1501 rex
2092 1464 2131 1487 ea
2158 1450 2292 1503 quippe

1328 1516 1430 1546 aetate
1449 1518 1678 1560 peccatorum
1695 1510 1866 1547 rationem
1889 1510 2066 1548 reddituri
2087 1525 2228 1559 sumus,
2246 1521 2284 1550 ut

1328 1569 1446 1620 palam
1464 1569 1597 1607 faciunt
1616 1570 1718 1620 pueri
1734 1571 1802 1617 illi,
1828 1573 1889 1622 qui
1906 1571 2001 1622 quod
2019 1571 2218 1610 Elisaeum
2210 1573 2289 1611 trri-

1327 1628 1412 1667 dere
1432 1630 1509 1667 ausi
1529 1639 1654 1679 essent,
1669 1631 1714 1668 ab
1730 1633 1821 1670 ursis
1838 1632 2000 1671 devorati
2019 1634 2182 1684 sunt)‚et
2195 1648 2289 1672 nunc

1327 1703 1372 1727 ex
1391 1690 1453 1728 illa
1473 1699 1574 1729 aetate
1593 1691 1827 1742 praeliandum
1844 1702 1988 1744 est,qua
2008 1693 2144 1732 bellum
2163 1694 2290 1733 adver-

1327 1765 1406 1789 sum
1435 1766 1498 1790 nos
1519 1753 1773 1803 gravissimum
1794 1754 1979 1792 imminet:
2000 1769 2071 1805 qua
2091 1756 2229 1793 ratione
2249 1765 2289 1794 tu

1327 1821 1467 1864 tempus
1479 1813 1734 1851 certaminibus
1743 1814 2115 1853 constituis?Etenim
2132 1816 2160 1853 si
2177 1817 2212 1854 in
2229 1825 2290 1854 tua

1326 1882 1495 1924 potestate
1510 1883 1599 1912 esset
1619 1874 1764 1913 diabolo
1781 1877 1971 1928 praecipere
1996 1887 2034 1914 ut
2052 1891 2123 1916 non
2147 1878 2287 1916 irrum-

1277 1949 1302 1978 1)
1326 1944 1438 1986 peret,
1459 1936 1516 1973 vel
1538 1949 1694 1987 pugnam
1714 1937 1969 1987 committeret,
1991 1938 2066 1976 haee
2087 1947 2146 1976 tua
2165 1940 2290 1979 admo·

1326 1996 1414 2034 nitio
1434 1996 1564 2034 rationi
1585 2011 1655 2035 non
1672 1997 1806 2036 absona
1825 2012 1899 2036 esse
1917 1998 2124 2047 videretur3
2145 2001 2198 2039 sin
2218 2016 2289 2039 au-

1327 2065 1398 2094 tem
1415 2071 1461 2095 ex
1481 2071 1550 2095 una
1573 2067 1670 2110 parte
1690 2059 1806 2111 ipsum
1830 2073 1991 2112 pugnare
2021 2062 2138 2100 sinens
2158 2071 2191 2100 et
2210 2062 2290 2101 telis

1327 2117 1508 2170 impetere,
1528 2133 1584 2157 me
1599 2119 1727 2171 jubeas
1747 2121 1944 2171 quiescere,
1962 2123 2034 2160 imo
2054 2132 2179 2175 sponte
2202 2137 2290 2162 suc-

1328 2179 1508 2227 cumbere,
1523 2181 1610 2231 quid
1626 2181 1691 2218 hoc
1706 2181 1837 2219 damno
1854 2182 2011 2221 deterius
2027 2184 2147 2230 fuerit,
2168 2185 2290 2223 furen-

1327 2248 1362 2277 te
1381 2240 1554 2279 nimirum
1590 2242 1757 2289 inimico,
1778 2257 1858 2281 eum
1881 2244 1942 2294 qui
1974 2244 2158 2297 impetitur
2181 2247 2289 2285 armis

1327 2315 1470 2349 exuere,
1485 2311 1518 2340 et
1539 2303 1590 2340 sic
1606 2303 1642 2340 in
1662 2304 1737 2354 ejus
1752 2318 1879 2342 manus
1895 2306 2059 2343 tradere?
2074 2308 2222 2346 Juvenis
2238 2318 2289 2347 est

1327 2363 1667 2401 ctinfi1·mus?i‹leo
1688 2365 1814 2415 majori
1832 2368 1995 2404 cautione
2014 2377 2064 2404 est
2089 2382 2180 2420 opus
2193 2401 2202 2415 ‚
2217 2383 2289 2408 ma·

1322 2425 1449 2475 jorque
1468 2425 1655 2476 diligentia
1676 2426 1876 2464 adhibenda
1898 2437 1958 2466 est.
1983 2428 2199 2480 llujusmodi
2219 2445 2288 2468 au-

1327 2494 1396 2522 tem
1413 2486 1532 2523 virum
1545 2487 1580 2523 iu
1596 2487 1853 2537 tranquillitate
1865 2497 1898 2525 et
1914 2490 2031 2538 quiete
2044 2490 2170 2541 degere
2186 2506 2288 2543 θροῦ

1326 2554 1388 2590 tet,
1403 2560 1470 2583 non
1491 2547 1526 2583 in
1548 2547 1686 2596 negotia
1707 2561 1743 2584 se
1762 2548 1937 2599 conjicere
1956 2558 1988 2586 et
2010 2550 2045 2587 in
2066 2551 2184 2588 medio
2205 2566 2286 2590 ver-

1327 2608 1426 2653 sari,
1456 2607 1516 2644 ubi
1545 2607 1718 2644 tumultus
1753 2607 1874 2657 ingens
1897 2623 1937 2646 ae
1960 2611 2195 2661 perturbatio.
2225 2613 2283 2650 Tu

1276 2676 1298 2704 E
1326 2677 1446 2706 contra
1480 2682 1556 2713 eos,
1577 2668 1709 2718 quibus
1743 2668 1879 2706 bellum
1906 2671 2024 2708 acrius
2046 2671 2224 2718 imminet,
2245 2682 2279 2711 et

1327 2744 1390 2782 per
1421 2739 1558 2767 wtatvm
1586 2739 1617 2765 et
1647 2743 1710 2780 per
1731 2730 1972 2768 infirmitatem
1993 2741 2025 2768 et
2053 2747 2114 2784 per
2135 2733 2282 2786 imperi·

1328 2791 1410 2829 tiam
1424 2821 1432 2835 ‚
1450 2800 1482 2828 ct
1499 2790 1591 2841 quod
1624 2790 1658 2827 iu
1681 2804 1798 2827 rerum
1820 2791 1935 2828 medio
1965 2803 2168 2837 versantur:
2193 2794 2256 2832 hos
2270 2825 2279 2841 ,

1326 2852 1425 2902 quasi
1444 2853 1566 2903 rojam
1587 2852 1674 2888 bom·
1691 2860 1786 2900 gesta
1809 2860 1841 2888 et
1858 2853 2030 2903 acquisita
2051 2855 2278 2900 tbrtitmiine.

1326 2914 1360 2950 iu
1382 2912 1539 2949 medium
1561 2912 1691 2957 trahis,
1710 2926 1771 2949 uec
1791 2912 1878 2950 sinis
1910 2915 1945 2952 in
1969 2913 2147 2953 desertum
2170 2918 2282 2968 proli-

1326 2975 1406 3011 risci
1427 2983 1462 3010 ut
1477 2982 1707 3010 exerceantur
1724 2982 1755 3010 υἱ
1769 2973 1814 3010 ad
1831 2988 1985 3026 pugnam
1999 2990 2035 3012 se
2052 2987 2275 3029 comparent:

1325 3034 1630 3086 qut-utculuwtlu111
1654 3035 1679 3071 si
1703 3034 1784 3084 quis
1806 3049 1908 3078 υιιιιι,
1926 3037 1987 3086 qui
2018 3037 2130 3075 millia
2165 3048 2280 3091 posset

1324 3097 1458 3146 erigere
1475 3095 1771 3147 tt·opa·a,jul›e1·et
1794 3110 1866 3134 rem
1884 3096 2048 3136 hellin-un
2068 3100 2187 3150 quit-te
2208 3115 2280 3138 me-

1323 3157 1428 3194 ditari
1444 3166 1475 3194 et
1493 3155 1692 3198 addis-ccum
1711 3157 1915 3209 imperitum
1934 3172 2018 3197 vero
2036 3160 2098 3211 qui
2119 3175 2277 3213 pugnam

1314 3278 1449 3311 ¹‘SuviL
1467 3287 1499 3311 υῑ
1515 3278 1630 3312 Morvl.
1650 3287 1723 3321 post
1741 3282 1854 3318 ἠλικίαν
1876 3282 1923 3312 siv
1946 3279 2083 3323 habeut,
2102 3287 2150 3317 aul
2166 3287 2213 3319 διὰ
2232 3293 2282 3320 τὸν

1332 3338 1416 3369 Ceu.
1431 3345 1502 3374 qum
1519 3333 1550 3363 iu
1569 3332 1642 3363 Μω-
1665 3331 1803 3370 ‹lt-snut,
1829 3344 1888 3365 nec
1915 3332 1957 3365 ul»
1989 3336 2175 3379 luten-prete
2193 3337 2279 3371 trem

1276 3393 1365 3416 sunt.

1321 3437 1336 3460 ⁸¹
1364 3436 1436 3468 buu
1451 3436 1527 3468 Mss-
1546 3441 1584 3469 τὰ
1598 3438 1735 3476 κύματι,
1756 3437 1862 3469 ininius
1880 3446 1979 3472 recte.

2035 3502 2074 3538 Sl.

2309 789 2418 817 leren.
2461 789 2492 819 3.

2306 839 2356 867 25.

2307 1460 2332 1488 A
2352 1461 2495 1489 decennio

2307 1509 2496 1539 peccatorum

2326 1545 2380 1571 rati
2384 1553 2471 1570 onem

2306 1585 2454 1612 reddituri

2306 1636 2419 1654 sumus.
