2513 3871
381 229 473 276 510
786 242 821 272 S.
857 239 1044 271 JoANMS
1079 237 1323 269 cmwsosT.
1363 235 1573 267 Anctnsst‘.
1611 235 1969 267 CONSTANTINOP-

377 328 545 365 affectum
558 337 646 372 esse,
663 331 703 362 ut
719 331 820 376 pater
834 331 886 360 αι
897 335 980 373 erga
994 321 1204 360 tenerrimos
1216 319 1334 359 filios:

377 401 418 425 ac
440 383 746 438 quemadmodum
767 382 838 421 illis
857 397 921 422 nec
939 381 1254 430 insolescentibus,
1271 394 1335 419 nec

1409 319 1659 368 πληττόντων,
1675 319 1754 358 οὔτε
1779 318 1998 371 ὀδυρομένων
2032 318 2338 371 ἐπιστρεφόμεθα,
2358 319 2438 359 ἀλλ’

1410 381 1486 420 οὐδὲ
1538 380 1644 428 ἡνίκα
1678 382 1718 419 ἂν
1755 382 1884 433 γελῶσι
1921 380 1982 418 καὶ
2013 378 2280 433 προσχαίρωσιν
2322 383 2436 431 ἡμῖν,

377 447 681 501 percutientibus,
702 447 766 484 n'ec
784 445 954 484 flentibus
969 457 1257 490 commovemur,
1273 442 1336 482 sed
1359 450 1382 480 Β
1411 443 1504 495 μέγα
1533 443 1591 482 ἐπὶ
1617 446 1719 482 τοῦτο
1748 441 1941 495 φρονοῧμέν
1970 455 2076 488 ποτε,
2096 440 2187 479 οὕτω
2216 441 2276 480 καὶ
2305 441 2437 481 τούτων

377 523 492 560 neque
504 521 585 546 cum
599 521 661 545 nos
674 506 797 545 effusis
812 505 996 544 cachinnis
1008 505 1196 550 irriserint.
1212 503 1336 543 admo-

376 569 464 607 dum
488 582 679 614 curamus,
702 568 747 606 ita
770 581 833 606 nec
857 567 987 605 horum
1015 566 1072 605 vel
1090 565 1258 605 laudibus
1279 566 1335 604 in-

380 640 592 679 tumescere,
618 630 675 668 vel
705 629 894 682 vituperiis
922 628 1030 681 dejici
1066 637 1221 681 oportet,
1252 642 1334 666 cum

377 692 454 731 liaec
474 692 528 730 illi
545 691 792 743 intempestive
812 690 958 729 faciunt.
987 690 1108 729 Grave
1128 689 1222 728 illud
1236 699 1300 738 est,
1313 703 1334 728 o

378 753 437 791 vir
454 753 572 799 beate,
596 753 667 790 imo
687 752 756 790 tale
772 752 921 790 sortasse
940 760 1038 804 puto,
1054 750 1150 802 quod
1172 752 1332 803 praestat·i

378 827 448 852 non
474 814 596 867 possit.
626 813 813 865 Siquidem
842 813 1026 851 laudatum
1056 813 1235 851 hominem
1265 827 1332 852 non

378 875 554 926 gaudere,
581 875 698 914 nescio
724 889 768 913 an
790 874 947 928 cuipiam
974 874 1029 912 vel
1052 887 1180 925 magna
1201 875 1334 912 virtute

378 938 530 989 praedito
540 937 725 977 acciderit.
740 936 967 976 Gaudentem
983 950 1066 974 vero
1078 950 1218 974 necesse
1232 935 1333 973 vide—

379 1010 440 1040 tur
460 1001 496 1040 id
518 1001 722 1040 desiderare
744 1001 838 1039 unde
859 999 992 1051 gaudio
1009 999 1165 1044 fruitur,
1187 999 1334 1037 deside-

378 1071 515 1101 rantem
532 1076 637 1115 porro
653 1061 786 1112 gaudio
806 1062 889 1106 frui,
905 1074 1050 1113 prorsus
1066 1074 1204 1098 necesse
1223 1069 1288 1105 est,
1304 1059 1334 1098 si

379 1123 415 1161 id
437 1137 506 1161 non
527 1132 779 1173 consequatur.
800 1122 922 1160 dolere
936 1152 944 1166 ‚
964 1121 1147 1171 torqueri,
1164 1120 1333 1166 cruciari,

379 1197 421 1222 ac
440 1197 591 1221 moerore
606 1183 714 1220 astici.
725 1181 1039 1228 Quemadmodum
1054 1180 1147 1218 enim
1168 1180 1208 1226 ii,
1223 1180 1334 1231 quiin

379 1245 523 1283 divitiis
545 1243 723 1289 taetantnr,
745 1244 773 1281 si
793 1242 936 1294 quando
954 1243 987 1280 in
1006 1250 1251 1294 paupertatem
1270 1241 1338 1278 de-

379 1306 516 1351 eidam,
538 1319 631 1356 «egre
651 1302 768 1342 serunt
790 1318 798 1342 :
816 1313 847 1341 et
864 1304 925 1354 qui
940 1303 1103 1341 delicatis
1117 1302 1208 1341 cibis
1220 1316 1339 1340 assue-

378 1376 530 1412 verunt,
561 1380 757 1416 numquam
790 1365 975 1418 patiantur
1007 1364 1103 1402 tenui
1138 1364 1189 1401 uti
1220 1363 1338 1402 victus

381 1429 515 1466 ratione
533 1444 540 1464 :
559 1428 610 1466 sic
628 1437 662 1466 et
682 1426 799 1465 laudis
816 1435 1010 1468 amatores,
1031 1440 1100 1464 non
1126 1424 1233 1464 modo
1255 1439 1337 1463 cum

378 1498 511 1527 temere
527 1489 788 1540 vituperantur,
806 1487 867 1525 sed
881 1487 986 1526 etiam
1004 1501 1086 1526 cum
1108 1501 1175 1525 non
1196 1486 1340 1525 assidue

380 1551 587 1597 laudantur,
610 1565 671 1588 ceu
688 1551 782 1588 same
797 1549 952 1601 quadam
973 1549 1246 1597 contabescunt3
1262 1563 1337 1587 ma-

381 1613 480 1651 xime
497 1613 525 1651 si
548 1613 582 1651 in
605 1611 692 1665 ipsis
714 1611 885 1650 laudibus
901 1611 1041 1650 edm-ati
1064 1611 1211 1655 fuerint,
1230 1619 1291 1648 aut
1309 1611 1338 1649 si

381 1674 471 1712 alios
488 1674 626 1713 laudari
646 1673 838 1712 audierint.
855 1674 926 1722 Qui
950 1687 1033 1711 vero
1049 1687 1132 1710 cum
1149 1672 1210 1710 tali
1231 1672 1340 1726 cupi-

383 1737 468 1776 dine
495 1737 528 1774 in
559 1735 731 1774 doctrina?
755 1744 930 1773 certamen
959 1733 1200 1781 descenderit,
1231 1749 1340 1785 quam

384 1797 507 1837 multis
533 1798 637 1836 illum
666 1796 836 1848 negotiis,
866 1810 974 1847 quam
1003 1795 1125 1834 multis
1152 1795 1341 1834 doloribus

383 1860 579 1898 obnoxium
594 1859 667 1897 sore
687 1857 821 1911 putas?
843 1858 964 1908 Neque
979 1871 1076 1894 mare
1091 1870 1259 1907 umquam
1277 1871 1342 1909 po-

386 1929 451 1959 test
470 1921 639 1960 fluctibus
655 1934 787 1965 carere,
807 1932 919 1969 neque
936 1918 1036 1956 illius
1054 1918 1194 1956 animus
1207 1919 1341 1957 sollici-

184 1993 213 2023 5.
243 1994 370 2022 Erudit«,
387 1981 510 2019 tudine
523 1990 556 2019 et
569 1981 747 2019 moestitia.
762 1981 851 2018 Nam
866 1979 893 2017 si
909 1979 1189 2030 issueritmagna
1199 1980 1342 2019 dicendi

185 2037 372 2106 ltss'dsfug’nif
389 2042 422 2080 vi
444 2042 614 2095 praeditus
631 2041 720 2090 (boc
739 2050 857 2078 autem
879 2040 912 2078 in
932 2041 1055 2093 paucis
1074 2041 1257 2080 invenitur
1276 2046 1344 2090 )ne

187 2090 372 2156 ‹mowin-
388 2103 438 2141 sic
467 2103 614 2154 quidem
641 2103 687 2140 ab
715 2101 858 2140 assiduo
887 2102 998 2139 animi
1029 2117 1180 2141 moerore
1209 2117 1343 2142 vacuus

185 2171 371 2231 :samnii-idm
388 2166 465 2204 erit.
490 2166 629 2204 Etenim
654 2178 734 2201 cum
755 2163 990 2214 eloquentiam
1018 2178 1086 2201 non
1113 2173 1238 2202 natura
1253 2195 1263 2210 ,
1282 2163 1344 2202 sed

388 2227 578 2280 disciplina
603 2227 730 2278 pariat,
751 2225 830 2263 licet
850 2224 894 2262 ad
917 2239 1096 2263 summum
1116 2226 1192 2277 ejus
1208 2226 1343 2279 apicem

390 2290 472 2340 quis
483 2288 695 2341 pervenerit,
706 2287 752 2325 ab
763 2287 823 2324 illa
834 2296 927 2333 certe
939 2287 1167 2335 destituetur,
1182 2289 1249 2326 nisi
1264 2288 1346 2326 assi-

390 2350 464 2388 duo
481 2350 599 2387 studio
615 2358 647 2386 et
663 2348 914 2386 exercitatione
932 2348 1243 2387 illam-excoluerit
1267 2363 1276 2385 t
1297 2350 1344 2386 ita
1381 2377 1386 2383 .

391 2420 430 2449 ut
455 2411 571 2462 magis
592 2409 842 2463 peritioribus,
869 2423 977 2461 quam
1004 2408 1286 2461 imperitioribus
1302 2411 1348 2448 sit

395 2472 645 2510 laborandum.
667 2473 788 2522 Neque
804 2470 897 2508 enim
922 2485 989 2522 par
1003 2471 1142 2523 jactura
1165 2480 1346 2522 utrosque,

392 2533 421 2571 si
445 2533 662 2583 negligentes
686 2531 842 2578 suerint,
866 2539 1007 2578 nianet3
1031 2529 1093 2568 scd
1115 2539 1213 2569 tanto
1234 2531 1349 2582 major

395 2596 482 2642 lure,
509 2603 683 2645 quantum
707 2602 757 2630 est
777 2593 868 2630 inter
888 2591 1050 2644 peritiam
1076 2599 1110 2628 et
1129 2591 1348 2644 imperitiam

395 2655 639 2693 intervallum.
662 2657 778 2704 Atque
799 2653 878 2691 illos
897 2652 1041 2704 quidem
1059 2667 1161 2691 nemo
1181 2653 1350 2705 culpave·

396 2718 462 2762 rit,
492 2717 519 2754 si
548 2715 837 2755 nihiLexunimn
862 2714 1068 2762 attulerint;
1092 2714 1151 2752 hic
1175 2728 1260 2752 vero
1283 2713 1350 2752 nisi

397 2778 583 2830 quidpiam
606 2777 721 2829 majus
745 2775 1007 2814 existimatione
1022 2805 1031 2821 ‚
1053 2789 1122 2826 qua
1141 2775 1236 2813 valet
1253 2774 1352 2828 apud

397 2854 530 2884 omnes,
547 2853 686 2891 semper
703 2837 906 2890 protulerit,
927 2836 962 2874 in
983 2838 1144 2874 omnium
1162 2838 1352 2889 reprelien-

1365 2882 1412 2908 1⁸¹8

1411 505 1500 556 μήτε
1531 510 1602 548 τοῖς
1630 504 1786 547 ἐπαίνοις
1815 504 2057 553 ἐξογκοῢσθαι,
2083 502 2174 553 μήτε
2202 502 2436 542 καταπίπτειν

1410 572 1483 609 τοῖς
1513 563 1679 619 ψόγοιςδ,
1699 565 1781 603 ὅταν
1813 564 1966 615 ἀκαίρως
1995 562 2162 615 γίνωνται
2193 565 2278 615 παρ’
2309 565 2436 602 αὐτῶν.

1411 627 1576 666 Χαλεπὸν
1603 626 1639 665 δὲ
1667 631 1788 670 τοῦτο,
1808 617 1838 662 ῶ
1859 624 2034 676 μακάριε,
2057 623 2152 676 τάχα
2177 623 2213 663 δὲ
2240 617 2363 675 οἶμαι,
2380 624 2437 664 ὅτι

1409 688 1469 727 καὶ
1490 688 1672 728 ἀδύνατον.
1692 689 1749 728 Τὸ
1767 686 1835 738 γὰρ
1856 685 1905 736 μὴ
1922 684 2058 738 χαίρειν
2084 684 2356 736 ἐπαινούμενον,
2372 688 2437 725 οὐκ

1409 744 1485 788 οἶδα
1507 750 1538 788 εἶ
1556 766 1624 788 τινι
1641 749 1834 800 ἀνθρώπων
1854 747 1939 786 ποτὲ
1954 746 2205 798 κατώρθωται·
2222 747 2281 786 τὸν
2302 746 2339 786 δὲ
2355 747 2437 800 χαί-

1411 828 1514 865 ροντα
1543 811 1634 855 εἰκὸς
1652 811 1711 849 καὶ
1737 812 1919 860 ἐπιθυμεῖν
1945 808 2134 846 ἀπολαύειν
2159 809 2293 846 αὐτῶν·
2313 808 2374 846 τὸν
2399 807 2436 848 δὲ

1407 873 1596 912 ἀπολαύειν
1630 874 1867 921 ἐπιθυμοῦντα
1885 870 2026 912 πάντως
2043 869 2100 907 καὶ
2128 870 2165 907 ἐν
2195 874 2273 913 ταῖς
2303 867 2436 908 τούτων

1409 934 1616 986 ἀποτυχίαις
1638 935 1821 971 λυπεῖσθαι
1842 931 1900 970 καὶ
1921 931 2091 969 ἐκκλίνειν
2113 930 2172 968 καὶ
2192 931 2357 968 ἀνιᾶσθαι
2376 930 2437 968 καὶ

1409 1001 1423 1017 ⁰
1439 998 1556 1046 ἀλγεῖν
1574 995 1722 1044 ἀνάγκη.
1736 992 1882 1045 ”Ωσπερ
1897 991 1965 1043 γὰρ
1980 995 2013 1031 οἱ
2027 991 2238 1043 γαννύμενοι
2253 993 2304 1043 τῷ
2321 992 2437 1030 πλου-

1371 1062 1380 1070 '
1408 1063 1493 1103 τεῖν,
1508 1056 1613 1103 ἡνίκα
1630 1056 1669 1092 ἂν
1687 1054 1937 1093 καταπὲσωσιν
1953 1053 2001 1097 είς
2018 1053 2154 1100 πενίαν,
2175 1053 2358 1104 ἄχθονται,
2374 1052 2436 1091 καὶ

1410 1120 1442 1156 οἱ
1459 1124 1590 1169 τρυφᾷν
1617 1116 1776 1158 εἰωθότες
1797 1117 1860 1154 οὐκ
1885 1115 1926 1152 ἂν
1949 1115 2160 1167 ἀνάσχοιντο
2179 1116 2240 1164 ζῇν
2266 1115 2434 1158 εὐτελῶς·

1411 1179 1501 1218 οὕτω
1520 1179 1580 1217 καὶ
1607 1181 1638 1216 οἱ
1670 1181 1739 1215 τῶν
1767 1177 1954 1228 ἐγκωμίων
1975 1179 2141 1228 ἐρῶντες,
2165 1178 2232 1229 οὐχ
2257 1175 2341 1214 ὅταν
2367 1175 2436 1228 ψὲ-

1410 1255 1541 1292 γωνται
1565 1239 1668 1289 μόνον
1698 1240 1794 1287 εἰκῇ,
1816 1238 1908 1276 ἀλλὰ
1937 1238 1996 1275 καὶ
2026 1238 2108 1275 ὅταν
2141 1237 2191 1288 μὴ
2223 1240 2439 1277 ἐπαινῶνται

1412 1303 1589 1352 συνεχῶς,
1623 1299 1784 1350 καθάπερ
1821 1300 1916 1350 λιμῷ
1959 1314 2028 1336 τινι
2072 1299 2330 1349 διαφθείρονται
2371 1298 2437 1345 τὴν

1412 1362 1549 1414 ψυχὴν,
1579 1360 1639 1399 καὶ
1672 1360 1826 1411 μάλιστα
1856 1359 1940 1397 ὅταν
1972 1360 2089 1402 αὐτοῖς
2119 1359 2345 1412 ἐντραφέντες
2377 1359 2440 1398 τύ·

1411 1439 1546 1476 χωσιν,
1567 1422 1590 1470 ἢ
1615 1422 1675 1461 καὶ
1702 1423 1837 1473 ἑτέρους
1866 1420 2134 1471 ἐπαινουμένους
2166 1421 2332 1460 ἀκούωσι.
2366 1420 2439 1460 Τὸν

1414 1486 1449 1524 δὲ
1468 1485 1558 1536 μετὰ
1576 1485 1707 1530 ταύτης
1719 1487 1782 1530 τῆς
1797 1483 1983 1533 ἐπιθυμίας
1999 1484 2047 1526 εἷς
2062 1482 2120 1520 τὸν
2135 1485 2197 1529 τῆς
2213 1480 2441 1526 διδασκαλίας

1414 1549 1533 1598 ἀγῶνα
1553 1546 1771 1598 παρελθόντα
1798 1544 1891 1583 πόσα
1922 1544 2117 1595 πράγματα
2137 1543 2198 1582 καὶ
2216 1543 2328 1588 πόσας
2345 1542 2440 1595 ἔχειν

1414 1607 1478 1646 οἴει
1527 1606 1589 1650 τὰς
1634 1605 1847 1656 ἀλγηδόνας,
1884 1605 1977 1643 Οὔτε
2023 1604 2087 1651 τὴν
2138 1606 2315 1643 θάλατταν
2361 1604 2439 1643 ἐστι

1413 1668 1578 1719 κυμάτων
1599 1669 1696 1711 ἐκτὸς
1725 1662 1814 1705 εἶναί
1838 1682 1942 1713 ποτε,
1971 1666 2048 1705 οὔτε
2069 1666 2133 1713 τὴν
2162 1666 2294 1705 ἐκείνου
2322 1665 2441 1719 ψυχὴν

1414 1729 1605 1781 φροντίδων
1633 1728 1694 1766 καὶ
1724 1727 1849 1775 λύπης.
1875 1728 1944 1767 Καὶ
1971 1729 2039 1779 γὰρ
2060 1727 2143 1766 ὅταν
2169 1726 2304 1774 πολλὴν
2326 1729 2362 1766 ἐν
2391 1729 2442 1780 τῷ

1414 1790 1527 1842 λέγειν
1549 1791 1696 1840 δύναμιν
1715 1790 1779 1842 ἔχῃ
1794 1793 1915 1840 ιτοῧτο
1930 1788 1965 1827 δὲ
1984 1789 2019 1826 ἐν
2038 1788 2168 1839 ὀλίγοις
2182 1787 2274 1840 εὕροι
2288 1803 2340 1832 τις
2355 1788 2396 1826 ἅν
2411 1793 2439 1837 ),

1416 1852 1492 1891 οὐδὲ
1525 1851 1616 1890 οὕτω
1655 1855 1715 1889 τοῦ
1762 1854 1942 1889 πονεῖσθαι
1986 1851 2154 1896 διηνεκῶς
2202 1850 2441 1897 ἀπήλλακται.

1417 1913 1565 1960 Ἐπειδὴ
1591 1913 1659 1965 γὰρ
1685 1914 1722 1951 οὗ
1745 1911 1894 1964 φύσεως,
1920 1911 2010 1949 ἀλλὰ
2030 1911 2217 1961 μαθήσεως
2237 1911 2277 1949 τὸ
2306 1910 2442 1963 λέγειν,

1416 1975 1482 2013 κᾶν
1502 1976 1550 2018 εἷς
1570 1975 1675 2026 ἄκρον
1692 1975 1795 2012 αὐτοῦ
1810 1989 1862 2016 τις
1883 1972 2065 2024 ἀφίκηται,
2085 1971 2163 2010 τότε
2179 1971 2281 2010 αὐτὸν
2298 1971 2444 2024 ἀφίησιν

1418 2036 1562 2088 ἔρημον,
1582 2036 1622 2073 ἂν
1641 2035 1689 2087 μὴ
1707 2039 1847 2087 συνεχεῖ
1866 2035 2000 2085 σπουδῇ
2024 2033 2084 2070 καὶ
2109 2033 2288 2086 γυμνασία
2312 2033 2443 2080 ταύτην

1418 2096 1590 2150 θεραπεύῃ
1606 2097 1669 2143 τὴν
1687 2096 1845 2146 δύναμιν.
1857 2094 1969 2132 “stote
1983 2099 2054 2137 τοῖς
2071 2094 2281 2145 σοφωτέροις
2296 2094 2444 2144 μᾶλλον,

1418 2158 1441 2204 ἢ
1475 2164 1545 2202 τοῖς
1579 2157 1830 2209 ἀμαθεστέροις
1880 2156 2005 2206 μείζων
2037 2159 2055 2194 ὁ
2089 2156 2205 2198 πόνος.
2242 2155 2335 2195 Οὐδὲ
2377 2155 2444 2208 γὰρ

1419 2219 1508 2272 ὑπὲρ
1525 2222 1595 2258 τῶν
1622 2222 1736 2258 αὐτῶν
1756 2223 1778 2265 ἡ
1800 2218 1910 2268 ζημία
1950 2218 2118 2268 ἀμελοῦσι
2147 2217 2282 2261 τούτοις
2317 2217 2445 2256 κάκεί-

1420 2298 1503 2327 νοις,
1525 2281 1615 2319 ἀλλὰ
1633 2284 1795 2319 τοσοῦτον
1809 2278 1915 2325 ςαῦτη
1932 2279 2078 2324 πλείων,
2101 2278 2180 2316 ὅσον
2199 2278 2258 2317 καὶ
2276 2281 2339 2325 τῆς
2359 2278 2447 2325 κτή-

1421 2359 1508 2386 σεως
1545 2342 1710 2393 ἑκατέρας
1743 2342 1783 2380 τὸ
1824 2340 1941 2391 μέσον.
1976 2340 2159 2383 Κάκείνοις
2197 2338 2261 2391 μὲν
2297 2339 2371 2378 οὐδ’
2404 2338 2446 2377 ἂν

1422 2403 1622 2456 ἐγκαλέσειε
1640 2420 1714 2450 τις,
1735 2402 1843 2454 μηδὲν
1863 2402 1957 2445 ἄξιον
1973 2401 2077 2452 λόγου
2097 2400 2328 2453 παρέχωσιν·
2351 2394 2448 2439 οὗτοι

1423 2466 1477 2511 δὲ,
1495 2468 1525 2504 εἷ
1545 2466 1594 2517 μὴ
1616 2466 1758 2515 μείζονα
1778 2466 1840 2509 τῆς
1860 2462 1978 2509 δόξης,
1995 2458 2036 2510 ἧς
2059 2463 2208 2506 ἅπαντες
2232 2462 2350 2515 ἔχουσι
2367 2461 2448 2515 περὶ

1424 2531 1535 2566 αὐτῶν
1549 2556 1558 2572 ,
1579 2527 1632 2566 ἀεὶ
1658 2527 1883 2578 προφέροιεν,
1903 2526 2016 2563 πολλὰ
2048 2524 2144 2575 παρὰ
2165 2523 2306 2562 πάντων
2323 2521 2448 2561 ἵπιται

1423 2589 1467 2628 τὰ
1486 2589 1707 2641 ἐγκλήματα.
1736 2586 1829 2639 Πρὸς
1847 2587 1883 2625 δὲ
1910 2586 2043 2628 τούτοις
2074 2586 2199 2623 ἐκεῖνοι
2218 2584 2281 2635 μὶν
2300 2584 2359 2623 καὶ
2387 2584 2447 2623 ἐπὶ

1425 2656 1561 2701 μικροῖς
1589 2650 1753 2701 μεγάλων
1784 2648 1824 2685 ἂν
1853 2646 1993 2698 τύχοιεν
2027 2647 2095 2683 τῶν
2130 2645 2301 2692 ἐπαίνων,
2333 2645 2378 2684 τὰ
2410 2646 2446 2685 δὲ

1424 2711 1579 2759 τούτων,
1603 2711 1643 2747 ἂν
1665 2709 1713 2760 μὴ
1739 2709 1818 2747 λίαν
1836 2703 1858 2759 ᾗ
1879 2707 2064 2757 θαυμαστὰ
2096 2706 2155 2744 καὶ
2182 2706 2382 2755 ἱκπληκτα,
2409 2707 2448 2745 οὗ

1427 2773 1530 2823 μόνον
1559 2772 1742 2823 ἐγκωμίων
1767 2769 1973 2820 ἐστέρηται,
2000 2767 2090 2806 ἀλλὰ
2117 2768 2176 2805 καὶ
2201 2768 2280 2810 τοὺς
2308 2783 2444 2821 μεμφο-

1429 2833 1550 2884 μένους
1581 2832 1655 2884 ἔχιι
1686 2831 1845 2871 πολλούς.
1877 2831 1931 2867 υύ
1950 2829 2029 2879 ,γὰρ
2057 2835 2128 2872 τοῖς
2159 2829 2381 2879 λεγομένοις,
2401 2831 2449 2873 ὣς

399 2900 531 2938 sionem
557 2900 720 2938 incurrit.
747 2898 800 2936 Ad
823 2898 897 2936 licre
924 2897 976 2936 illi
1004 2911 1068 2950 pro
1094 2898 1244 2936 modicis
1267 2911 1354 2936 con·
1379 2919 1402 2948 Λ
1427 2902 1503 2938 ταῖς
1528 2896 1598 2931 τῶν
1624 2893 1795 2943 λεγόντων
1831 2891 1966 2936 δόξαις,
1999 2894 2169 2936 κάθηνται
2199 2891 2396 2936 δικάζοντες
2418 2893 2450 2930 οἱ

401 2961 562 2999 cionitms
575 2974 738 3011 magnam
753 2967 1016 3010 consequuntur
1027 2958 1186 3005 laudem;
1205 2959 1240 2997 hi
1257 2973 1354 3007 vero,

404 3022 469 3060 nisi
494 3021 671 3060 mirabilia
691 3033 724 3058 et
746 3020 919 3073 stupenda
938 3020 1133 3072 proferant,
1157 3033 1225 3058 non
1250 3019 1355 3058 modo

405 3082 572 3120 laudibus
597 3083 807 3134 privantur,
829 3081 890 3120 sed
910 3081 1015 3119 etiarn
1042 3095 1061 3118 a
1083 3081 1206 3119 multis
1230 3080 1355 3119 redar-

406 3152 574 3192 guuntur.
591 3142 777 3180 auditores
789 3144 925 3194 qnippe
939 3156 1007 3179 non
1026 3151 1096 3180 tam
1111 3141 1156 3179 de
1171 3141 1354 3190 concione,

407 3217 512 3252 quam
528 3203 571 3240 de
589 3203 828 3240 concionantis
841 3203 1103 3241 existimatione
1116 3202 1238 3241 sedent
1249 3202 1356 3254 judi-

408 3277 475 3301 ces.
497 3266 721 3315 Quapropter
744 3264 805 3301 ubi
833 3264 1012 3317 quispiam
1040 3265 1223 3304 universos
1243 3264 1279 3303 vi
1299 3263 1358 3302 di—

1429 2955 1611 3007 ἀκροαταί.
1622 2952 1736 2992 “stete
1748 2954 1829 2991 ὅταν
1842 2955 1954 3003 κρείτ-ἶΙ
1970 2968 2020 2993 τις
2033 2953 2197 2991 ἁπάντων
2208 2953 2242 2990 ἐν
2258 2954 2307 3004 τῷ
2323 2952 2452 3003 λέγειν,

1429 3018 1508 3056 τότε
1525 3019 1679 3068 μάλιστα
1694 3015 1834 3054 πάντων
1852 3017 1946 3065 αὐτῷ
1962 3016 2012 3051 δεῖ
2027 3013 2272 3063 πεπονημένης
2286 3014 2451 3060 σπουδῆς·

1430 3079 1507 3119 οὐδὲ
1538 3079 1607 3131 γὰρ
1636 3076 1793 3121 τοῦτο,ὃ
1823 3076 1937 3113 κοινὸν
1974 3078 2036 3120 τῆς
2069 3074 2286 3127 ἀνθρωπείας
2318 3073 2454 3127 φύσεώς

1431 3144 1506 3180 ἐστι
1518 3170 1527 3188 ,
1541 3140 1580 3178 τὸ
1603 3138 1653 3188 μὴ
1675 3138 1790 3176 πάντα
1806 3137 2068 3187 ἐπιτυγχάνειν,
2090 3134 2222 3178 ἔξεστιν
2245 3134 2365 3186 ἐκείνῳ
2383 3149 2454 3172 πα-

1432 3206 1520 3240 θεῖν·
1540 3200 1635 3246 ἀλλ’,
1656 3199 1697 3236 ἂν
1726 3197 1775 3249 μὴ
1799 3198 1843 3234 δι’
1864 3197 1946 3234 ὅλου
1972 3199 2142 3247 συμφωνῇ
2163 3198 2213 3249 τῷ
2233 3196 2372 3246 μεγέθει
2389 3198 2454 3242 τῆς

1433 3262 1639 3314 ὑπολήψεως
1671 3260 1776 3298 αὑτοῦ
1812 3258 1856 3297 τὰ
1890 3258 2079 3308 λεγόμενα,
2110 3257 2312 3307 σκώμματα
2346 3255 2455 3309 μυρία

456 3423 470 3445 ⁸·
498 3419 573 3451 Post
596 3425 687 3461 pass«,
701 3418 754 3449 nlii
773 3417 901 3451 addunt
917 3423 967 3452 δεῖ.
1318 3423 1333 3446 ¹·
1362 3420 1422 3453 Alii
1441 3423 1549 3454 ἀλίιιιν.
1567 3430 1633 3444 —0
1659 3419 1669 3460 ί
1689 3417 1790 3451 Smit.
1811 3421 1908 3455 αὐτοῖς
1923 3421 1972 3451 τι).
1996 3422 2121 3454 ἰαίνων,
2141 3421 2205 3450 &eeu
2225 3415 2232 3460 Ι
