2549 3825
895 305 951 334 DE
987 304 1281 334 SACERDOTtO.

184 393 245 427 Δεῖ
260 389 296 428 δὲ
315 389 455 427 πάντων
472 388 572 427 αὐτὸν
584 418 593 436 ,
608 388 696 440 ὑπὲρ
715 381 762 424 ὧν
779 388 900 433 δεῖται,
919 389 1062 425 τοσοῦτο
1078 386 1201 438 διαφέ-

184 466 252 501 ρειν
268 452 302 488 ἐν
320 450 465 497 ἅπασιν,
489 449 567 488 ὅσον
582 450 639 488 τὸν
659 450 864 500 προεστῶτα
883 451 950 486 τῶν
972 463 1204 499 προστατευο-

185 510 297 559 μένων
315 509 417 554 εἰκός.
437 510 552 549 ζὈταν
582 509 618 548 δὲ
636 509 695 547 καὶ
715 509 754 547 τὸ
774 509 921 559 Πνεῦμα
935 508 975 546 τὸ
994 509 1092 558 ἅγιον
1111 508 1202 557 καλῇ

185 571 243 608 καὶ
258 570 322 617 τὴν
336 570 620 622 φρικωδεστάτην
638 571 779 621 ἐπιτελῇ
793 569 927 616 θυσίαν,
941 569 1000 606 καὶ
1015 572 1075 606 τοῦ
1091 572 1206 605 κοινοῦ

183 631 324 669 πάντων
343 635 497 683 συνεχῶς
517 631 715 683 ἐφάπτηται
738 630 917 669 Δεσπότου
933 658 944 676 ,
965 633 1031 667 ποῦ
1056 628 1204 678 τάξομεν

184 692 298 739 αὐτὸν,
315 692 393 730 εἶπέ
409 707 468 742 μοι
479 709 488 740 ;
501 692 614 737 πόσην
629 691 663 730 δὲ
684 691 783 729 αὐτὸν
801 690 1040 740 ἀπαιτήσομεν
1057 688 1207 739 καθαρό-

184 768 286 800 τητα,
306 752 366 790 καὶ
397 752 509 799 πόσην
539 751 745 801 εὔλάὸειαν3
775 750 962 798 Ἐννόησον
992 749 1061 801 γὰρ
1087 749 1208 791 ὁποίας

186 812 246 855 τὰς
271 817 379 850 ταῦτα
412 811 680 862 διακονουμένας
707 817 828 863 χεῖρας
848 806 935 849 εἶναι
955 811 1049 862 χρὴ,
1085 809 1206 847 ὁποίαν

185 871 248 919 τὴν
275 874 433 923 γλῶτταν
453 872 517 919 τὴν
536 875 651 910 ἐκεῖνα
678 871 896 924 προχέουσαν
915 871 960 908 τὰ
981 871 1142 922 ῥήματα,
1157 870 1207 906 τί·

187 950 242 977 νος
269 933 305 972 δὲ
324 936 362 972 οὐ
382 933 629 984 καθαρωτέραν
649 931 709 969 καὶ
738 932 931 982 ἁγιωτέραν
964 931 1027 977 τὴν
1049 934 1210 968 τοσοῦτον

188 999 324 1044 πνεῦμα
370 993 628 1043 ὑποδεξαμένην
671 993 800 1044 ψυχήν.
842 991 934 1030 Τότε
971 991 1030 1028 καὶ
1069 991 1210 1042 ἄγγελοι

187 1053 428 1105 παρεστήκασι
447 1056 497 1104 τῷ
518 1055 624 1105 ἱερεῖ,
638 1053 696 1090 καὶ
717 1052 884 1104 οὐρανίων
905 1051 1083 1102 δυνάμεων
1100 1050 1211 1089 1’ἅπαν

187 1115 307 1166 τάγμα
326 1117 412 1166 βοᾷ,
437 1114 496 1152 καὶ
528 1117 546 1152 ὁ
577 1113 656 1166 περὶ
686 1114 725 1152 τὸ
745 1113 989 1164 θυσιαστήριον
1017 1115 1213 1163 πληροῦται

187 1174 291 1218 τόπος
319 1176 366 1218 εἷς
387 1174 494 1224 τιμὴν
513 1177 573 1213 τοῦ
604 1174 776 1225 κειμένου.
801 1173 870 1212 Καὶ
889 1177 991 1212 τοῦτο
1011 1173 1128 1212 ἱκανὸν
1151 1172 1213 1223 μὲν

188 1235 247 1272 καὶ
266 1235 300 1279 ἐξ
331 1237 443 1273 αὐτῶν
476 1239 659 1282 πεισθῆναι
692 1239 705 1255 ⁰
718 1237 786 1272 τῶν
816 1234 1090 1284 ἐπιτελουμένων
1122 1233 1211 1271 τότε.

189 1295 284 1347 Ἐγὼ
305 1295 340 1334 δὲ
356 1295 416 1333 καί
434 1312 525 1339 τινος
538 1296 672 1342 ἤκουσα
689 1295 914 1347 διηγουμένου
931 1294 1031 1341 ποτὲ,
1052 1296 1104 1333 ὅτι
1120 1296 1214 1346 αὐτῷ

190 1373 242 1400 τις
255 1356 467 1407 πρεσέύτης,
477 1357 675 1406 θαυμαστὸς
691 1356 793 1408 ἀνὴρ,
807 1355 867 1393 καὶ
881 1355 1118 1407 ἀποκαλύψεις
1132 1358 1214 1407 ὂρᾷν

193 1417 339 1463 εἰωθὼς,
360 1417 476 1468 ἔλεγεν
509 1417 619 1469 ὅψεως
649 1417 818 1463 ἠξιῶσθαι
837 1415 999 1463 τοιαύτης
1029 1415 1135 1463 ποτὲ,
1156 1415 1216 1453 καὶ

193 1477 284 1515 κατὰ
300 1478 358 1515 τὸν
381 1478 500 1530 καιρὸν
522 1481 650 1516 ἐκεῖνον
668 1479 764 1530 ἄφνω
785 1479 916 1522 πλῆθος
936 1477 1092 1528 ἀγγέλων
1112 1478 1194 1514 ἰδεῖν
1207 1507 1216 1523 ,

193 1541 240 1581 ὡς
260 1540 352 1590 αὐτῷ
384 1539 528 1577 δυνατὸν
549 1534 611 1586 ἦν,
642 1538 767 1582 στολὰς
803 1537 1097 1588 ἀναὸεέλημένων
1123 1540 1215 1588 λαμ-

194 1598 307 1649 πρὰς,
328 1598 388 1636 καὶ
415 1599 455 1636 τὸ
482 1599 724 1650 θυσιαστήριον
760 1598 1000 1645 κυκλούντων,
1033 1598 1093 1636 καὶ
1123 1598 1219 1636 κάτω

195 1658 385 1706 νευόντων,
406 1662 453 1703 ὡς
481 1659 521 1697 ἂν
550 1660 582 1696 εἴ
606 1676 658 1703 τις
678 1659 895 1711 στρατιώτας
924 1658 1094 1709 παρόντος
1118 1661 1218 1708 βασι-

195 1721 281 1763 λέως
300 1720 492 1767 ἑστηκότας
517 1721 593 1759 ἴδοι.
617 1721 686 1758 Καὶ
704 1721 813 1772 ἔγωγε
845 1721 1025 1770 πείθομαι.
1058 1720 1127 1757 Καὶ
1147 1719 1219 1758 ἔτε·

197 1795 252 1831 ρος
273 1780 310 1819 δέ
327 1796 378 1824 τις
395 1780 473 1831 ἐμοὶ
487 1781 695 1831 διηγήσατο,
713 1783 750 1820 οὗ
768 1783 852 1832 παρ’
869 1780 987 1831 ἑτέρου
1005 1780 1221 1831 μαθιὶ)ν,ἀλλ’

196 1844 298 1887 αὐτὸς
317 1845 400 1882 ἰδεῖν
421 1843 577 1888 ἀξιωθεὶς
595 1844 655 1882 καὶ
675 1847 843 1889 ἀκοῦσαι,
860 1842 914 1880 ὅτι
929 1842 1008 1886 τοὺς
1031 1843 1222 1893 μέλλοντας

197 1905 328 1943 ἐνθένδε
357 1905 539 1957 ἀπαίρειν,
561 1905 601 1942 ἂν
633 1905 766 1957 τύχωσι
785 1908 853 1943 τῶν
887 1904 1086 1954 μυστηρίων
1115 1920 1223 1954 μετα-

197 1965 338 2018 σχόντες
367 1967 402 2003 ἐν
432 1970 570 2018 καθαρᾷ
599 1967 815 2014 συνειδήσει,
835 1966 917 2004 ὅταν
939 1969 1106 2005 ἀποπνεῖν
1140 1965 1223 2016 μέλ-

197 2029 284 2064 λωσι
299 2056 309 2074 ,
346 2027 611 2080 δορυφοροῦντες
640 2027 762 2070 αὐτοὺς
798 2028 841 2064 δι’
876 2029 986 2065 ἐκεῖνο
1017 2026 1056 2064 τὸ
1094 2025 1222 2077 ληφθὲν

199 2087 394 2138 ἀπάγουσιν
415 2088 547 2126 ἐνθένδε
567 2089 719 2140 ἄγγελοι.
743 2087 792 2126 Σὺ
813 2088 849 2126 δὲ
870 2088 968 2126 οὔπω
995 2087 1149 2140 φρίττεις
1178 2089 1224 2128 εἷς

198 2150 306 2194 οὕτως
337 2150 431 2203 ἱερὰν
463 2150 605 2198 τελετὴν
641 2151 805 2197 τοιαύτην
835 2149 982 2201 εἰσάγων
1008 2149 1122 2202 ψυχὴν
1136 2178 1144 2193 ,
1166 2148 1224 2186 καὶ

198 2212 255 2250 τὸν
274 2211 319 2250 τὰ
339 2211 478 2264 ῥυπαρὰ
496 2211 720 2262 ἐνδεδυμένον
739 2211 865 2262 ἱμάτια
896 2214 942 2255 εἷς
957 2212 997 2250 τὸ
1017 2214 1087 2249 τῶν
1104 2210 1223 2262 ἱερέων

198 2273 378 2325 ἀναφέρων
401 2272 552 2323 ἀξίωμα,
567 2272 602 2310 ὃν
619 2273 678 2310 καὶ
694 2276 754 2310 τοῦ
771 2275 894 2311 λοιποῦ
913 2274 981 2310 τῶν
1006 2272 1223 2322 δαιτυμόνων

200 2337 304 2384 χοροῦ
320 2332 462 2376 ἐξέωσεν
476 2335 493 2370 ὁ
507 2333 677 2384 Χριστός;
695 2333 820 2376 Φωτὸς
834 2333 902 2385 γὰρ
922 2333 1021 2380 δίκην
1039 2333 1101 2379 τὴν
1118 2334 1227 2370 οἷκου·

202 2392 309 2442 μένην
338 2393 631 2444 καταυγάζοντος,
652 2393 803 2443 λάμπειν
835 2394 886 2431 δεῖ
920 2398 979 2432 τοῦ
1011 2393 1130 2444 ἱερέως
1163 2393 1226 2439 τὴν

201 2454 315 2506 ψυχήν
331 2469 337 2476 ·
371 2457 393 2500 ἡ
426 2454 461 2492 δὲ
496 2454 652 2505 ἡμετέρα
691 2457 852 2492 τοσοῦτον
882 2454 956 2506 ἔχει
987 2454 1226 2506 περικείμενον

202 2517 288 2565 αὐτῇ
309 2514 431 2558 σκότος
449 2516 488 2552 ἐκ
502 2518 564 2561 τῆς
583 2522 737 2566 πονηρᾶς
756 2516 999 2562 συνειδήσεως,
1022 2518 1067 2558 ὡς
1085 2515 1138 2553 ἀεὶ
1162 2531 1227 2552 κα-

204 2575 387 2614 ταδύεσθαι
408 2576 468 2614 καὶ
490 2576 664 2626 μηδέποτε
681 2576 847 2615 δύνασθαι
863 2576 951 2626 μετὰ
964 2577 1164 2628 παρρησίας
1180 2579 1228 2619 εἷς

1319 303 1404 333 LlB.
1443 302 1505 332 Vl.

2129 284 2221 345 5¹0

1279 385 1494 437 pulsionem.
1517 385 1668 435 Oportet
1694 391 1815 420 autem
1836 382 1938 420 illum
1961 381 2120 432 singulos
2139 410 2148 425 ,
2164 395 2227 432 pro

1279 444 1412 494 quibus
1426 453 1606 496 precatur,
1622 443 1710 481 adeo
1720 442 1756 480 in
1769 442 1936 481 omnibus
1949 441 2170 488 antecellere,
2189 449 2227 478 ut

1280 505 1466 556 praefectus
1482 504 1636 542 subditis
1650 503 1851 556 praecellere
1870 502 1987 540 debet.
2004 503 2094 540 Cum
2110 510 2227 538 autem

1278 564 1456 614 Spiritum
1484 572 1644 601 sanctum
1674 563 1914 609 invocaverit,
1947 571 1981 600 et
2009 561 2228 600 horrendum

1279 623 1371 661 illud
1381 624 1595 662 sacrificium
1607 623 1789 670 obtulerit,
1797 632 1830 660 et
1839 636 2062 660 communem
2071 622 2230 660 omnium

1279 684 1477 721 Dominum
1492 683 1635 722 assidue
1647 683 1862 729 tractaverit,
1874 696 1946 733 quo
1963 683 2079 728 illum,
2095 697 2229 731 quaeso,

1281 745 1316 781 in
1336 744 1461 781 ordine
1476 741 1757 781 constituemus?
1784 756 1974 793 quamnam
1991 742 2037 779 ab
2051 742 2114 779 illo
2132 743 2232 794 puri-

1232 815 1255 845 C
1281 813 1389 842 tatem
1401 835 1411 852 ,
1431 818 1538 854 quam
1555 804 1722 855 pietatem
1741 802 1954 854 exigemus?
1970 803 2095 853 Cogita
2113 804 2235 853 quales

1283 873 1444 916 oporteat
1463 878 1537 902 esse
1551 877 1676 901 manus
1691 864 1770 901 illas
1784 893 1794 912 ,
1809 863 1951 914 qualem
1966 875 2043 899 eam
2058 862 2234 913 linguam,

1283 940 1361 977 quae
1381 925 1444 963 illa
1460 926 1568 964 verba
1589 923 1760 972 effundat,
1773 938 1842 974 qua
1858 922 2012 974 denique
2027 936 2095 960 non
2112 923 2236 974 purio-

1285 1001 1361 1025 rem
1379 987 1659 1037 sanctioremque
1680 985 1779 1023 illam
1801 985 1958 1023 animam
1976 1015 1986 1034 ,
2004 998 2083 1034 quae
2100 992 2236 1021 tantum

1286 1047 1460 1100 Spiritum
1487 1047 1666 1099 suscipiat.
1691 1049 1794 1085 Tunc
1826 1045 1941 1097 angeli
1973 1044 2146 1083 sacerdoti
2170 1045 2238 1082 ad-

1287 1117 1385 1156 sunt,
1399 1117 1565 1159 totusque
1585 1108 1777 1146 caelestium
1787 1107 1974 1145 Virtutum
1995 1105 2082 1143 ordo
2100 1105 2239 1144 clamat.

1287 1183 1327 1206 ac
1357 1169 1495 1207 vicinus
1524 1168 1627 1206 altari
1656 1168 1754 1206 locus
1788 1167 1823 1204 in
1855 1166 1953 1204 itlius
1981 1165 2042 1216 qui
2079 1166 2129 1202 ibi
2151 1166 2243 1217 jacet

1288 1229 1457 1267 honorem
1474 1229 1519 1267 iis
1537 1229 1692 1281 repletus
1708 1237 1759 1266 est
1781 1244 1788 1266 :
1808 1227 1915 1278 idque
1932 1226 1989 1265 vel
2011 1240 2056 1264 ex
2075 1226 2131 1268 iis,
2163 1240 2243 1276 quae

1289 1299 1373 1328 tunc
1387 1299 1619 1341 peraguntur,
1633 1288 1804 1326 credibile
1815 1297 1878 1325 est.
1896 1287 1974 1337 Ego
1991 1300 2072 1324 vero
2085 1287 2242 1336 aliquem

1289 1351 1374 1388 olim
1389 1359 1588 1388 narrantem
1605 1350 1744 1399 audivi,
1765 1348 1954 1400 quemdam
1975 1361 2107 1396 senem,
2123 1348 2242 1385 virum

1289 1410 1537 1448 admirabilem
1554 1425 1594 1448 ac
1605 1410 1883 1448 revelationibus
1894 1418 2084 1455 assuetum,
2092 1407 2239 1455 dixisse,

1241 1480 1264 1508 1)
1291 1471 1427 1509 visione
1446 1471 1652 1523 hujusmodi
1674 1485 1709 1509 se
1736 1470 1890 1521 quodam
1914 1479 2075 1520 tempore
2093 1469 2245 1519 dignum

1292 1532 1456 1570 habitum
1468 1532 1594 1570 fuisse:
1609 1532 1744 1571 scilicet
1757 1531 2026 1569 multitudinem
2037 1531 2241 1582 angelorum

1292 1593 1481 1646 derepente
1500 1593 1646 1640 vidisse,
1658 1603 1833 1644 quantum
1849 1594 1923 1644 ejus
1934 1592 2084 1629 facultas
2097 1591 2228 1629 ferebat
2239 1622 2246 1633 ,

1295 1653 1493 1706 splendidis
1510 1654 1666 1692 vestibus
1681 1653 1888 1691 indutorum
1901 1683 1911 1701 ,
1923 1662 1955 1690 et
1973 1653 2085 1690 altare
2096 1652 2248 1689 circum-

1295 1715 1472 1762 dantium,
1493 1716 1662 1753 inclinato
1683 1715 1810 1767 capite,
1823 1729 1863 1752 ac
1874 1715 1903 1752 si
1924 1715 2005 1764 quis
2017 1714 2147 1751 milites
2162 1728 2250 1765 pra·-

1296 1787 1392 1816 sente
1409 1780 1625 1830 Imperatore
1653 1786 1784 1815 stantes
1806 1776 1941 1814 videret
1963 1792 1969 1812 :
1991 1775 2083 1825 qood
2117 1785 2150 1812 et
2179 1775 2251 1826 ipse

1299 1839 1387 1876 mihi
1403 1839 1613 1890 persuadeo.
1639 1838 1744 1876 Alius
1763 1840 1848 1875 item
1865 1837 2024 1874 narravit
2051 1836 2139 1873 milii
2156 1867 2165 1879 ,
2183 1850 2249 1873 non

1298 1901 1343 1938 ab
1363 1900 1433 1938 alio
1447 1900 1608 1948 edoctus,
1620 1899 1682 1938 sed
1696 1899 1862 1951 cumipse
1878 1898 2023 1936 vidisset
2035 1908 2066 1936 et
2079 1898 2249 1938 audisset.

1299 1962 1435 2000 scilicet
1454 1975 1512 2000 eos
1541 1961 1602 2012 qui
1631 1975 1675 1999 ex
1692 1961 1760 1998 bac
1784 1960 1859 1997 vita
1886 1959 2073 2010 migraturi
2098 1968 2179 1996 sunt
2195 1990 2204 2005 ‚
2224 1961 2251 1996 si

1299 2023 1480 2075 mysteriis
1496 2036 1585 2075 pura
1602 2021 1813 2060 conscientia
1832 2020 2128 2073 participaverint
2144 2050 2152 2065 ‚
2175 2021 2246 2057 ani-

1301 2098 1393 2121 mam
1412 2084 1605 2131 efssaturos,
1618 2083 1663 2120 ab
1678 2082 1814 2133 angelis
1829 2081 2022 2119 satellitum
2037 2095 2133 2118 more
2148 2081 2254 2133 ipsos,

1300 2144 1346 2181 ob
1366 2144 1455 2182 illud
1475 2143 1573 2195 quod
1594 2151 1810 2195 aeceperunt
1838 2142 2051 2193 stipantibus
2075 2142 2170 2179 illinc
2192 2143 2255 2179 ab·

1251 2213 1273 2242 F.
1300 2204 1396 2242 duci.
1418 2206 1478 2242 Tu
1499 2218 1583 2243 vero
1603 2204 1762 2241 nondum
1784 2202 2026 2250 exhorrescis,
2050 2202 2253 2254 hujusmodi

1300 2266 1456 2303 animam
1474 2266 1510 2302 in
1531 2274 1603 2302 tam
1619 2278 1760 2302 sacrum
1776 2264 1988 2315 mysterium
2006 2263 2234 2301 introducens
2249 2295 2255 2302 .

1301 2335 1335 2364 et
1348 2325 1503 2364 sordidis
1515 2325 1682 2363 indutum
1694 2324 1853 2361 vestibus
1862 2327 1895 2361 in
1907 2324 2130 2361 sacerdotum
2139 2323 2238 2374 digni
2247 2348 2254 2352 -

1302 2396 1407 2424 tatem
1426 2387 1527 2423 illum
1551 2398 1788 2437 promovens,
1803 2398 1907 2434 quem
1927 2399 1946 2421 a
1966 2385 2101 2433 reliquo
2129 2398 2211 2421 cons
2224 2385 2250 2421 i—

1303 2461 1428 2485 varum
1446 2446 1554 2484 choro
1575 2445 1738 2482 Christus
1758 2445 1922 2496 expulit?
1942 2445 2106 2481 Animam
2123 2446 2255 2497 quippe

1305 2508 1500 2546 sacerdotis
1523 2508 1633 2544 instar
1654 2507 1743 2544 lucis
1769 2515 1880 2543 totum
1899 2505 2020 2543 orbem
2044 2506 2254 2542 illustrantis

1303 2569 1488 2620 splendere
1509 2576 1659 2619 oportet.
1682 2568 1807 2604 Nostra
1827 2575 1943 2602 autem
1965 2567 2082 2602 anima
2102 2567 2148 2602 ob
2167 2581 2252 2617 pra-

204 2638 260 2676 τὸν
282 2639 389 2683 αὐτῆς
406 2638 561 2676 ἀτενίσαι
582 2638 775 2684 Δεσπότην.
787 2640 833 2676 Οἱ
851 2642 953 2691 ἱερεῖς
973 2641 1035 2684 τῆς
1056 2641 1119 2689 γῆς
1139 2641 1225 2677 εἰσιν
1241 2668 1287 2692 &⁸5
1305 2645 1384 2668 vam
1400 2629 1650 2668 conscientiam
1664 2637 1776 2665 tantas
1793 2628 1897 2664 habet
1914 2627 2145 2664 circumfusas
2159 2637 2253 2664 tene-

204 2697 305 2739 ἅλες·
335 2697 397 2744 τὴν
429 2697 465 2736 δὲ
498 2698 674 2750 ἡμετέραν
709 2699 827 2736 ἄνοιαν
857 2699 916 2737 καὶ
941 2700 1002 2745 τὴν
1034 2702 1067 2737 ἐν
1098 2700 1228 2736 ἅπασιν
1254 2706 1277 2733 Λ
1305 2693 1405 2738 bras,
1426 2701 1465 2728 ut
1483 2704 1621 2742 semper
1646 2704 1683 2726 se
1713 2688 1841 2729 abdat.
1861 2702 1921 2725 nee
1941 2689 2050 2739 possit
2084 2702 2251 2738 uinquam

205 2758 364 2809 ἀπειρίαν
387 2758 439 2801 τίς
458 2758 499 2796 ἂν
521 2760 652 2808 ἐνέγκοι
674 2759 798 2812 ῥᾳδίως
812 2788 820 2804 ,
838 2760 929 2807 πλὴν
950 2763 1048 2810 ὑμῶν
1064 2762 1131 2797 τῶν
1151 2761 1228 2797 καθ’

206 2818 400 2869 ὒπερὸολὴν
421 2822 514 2870 ἡμᾶς
535 2821 675 2871 ἀγαπᾷν
699 2822 949 2871 Πεῖθισμένωη
968 2823 1020 2858 Οὐ
1037 2821 1104 2872 γὰρ
1126 2820 1227 2870 μόνον

207 2880 354 2931 καθαρὸν
371 2879 479 2923 οὕτως
498 2911 507 2927 ,
529 2884 575 2923 ὡς
595 2881 808 2928 τηλικαύτης
827 2882 1017 2933 ἠξιωμένον
1035 2881 1228 2928 διακονίας,

207 2940 296 2978 ἀλλὰ
327 2940 386 2978 καὶ
414 2940 491 2978 λίαν
530 2942 665 2980 συνετὸν
706 2942 765 2980 καὶ
785 2944 924 2980 πολλῶν
951 2944 1114 2993 ἔμπειρον
1141 2936 1228 2979 εἶναι

207 3002 279 3046 δεῖ,
296 3001 354 3039 καὶ
373 3001 489 3039 πάντα
509 3001 572 3052 μὲν
594 3003 721 3041 εἰδέναι
750 3003 793 3041 τὰ
818 3005 968 3055 βιωτικὰ
991 3007 1059 3041 τῶν
1079 3006 1113 3042 ἐν
1132 3004 1228 3054 μέσῳ

207 3062 447 3114 στρεφομένων
466 3064 532 3114 οὐχ
546 3057 662 3109 ἧττον,
676 3063 816 3102 πάντων
840 3066 873 3102 δὲ
891 3065 1117 3115 ἀπηλλάχθαι
1139 3065 1226 3113 μᾶλ-

206 3125 264 3159 λον
288 3125 356 3159 τῶν
375 3123 419 3160 τὰ
439 3123 501 3175 ὄρη
522 3124 782 3176 κατειληφότων
803 3129 979 3177 μοναχῶν.
1001 3125 1146 3171 Ἰ·’.πειό“ὴ
1162 3125 1228 3175 γὰρ

210 3183 375 3234 ἀνδράσιν
398 3184 498 3222 αὐτὸν
517 3187 652 3234 ὁμιλεῖν
673 3186 822 3236 ἀνάγκη,
843 3187 900 3224 καὶ
917 3193 1080 3236 γυναῖκας
1100 3187 1230 3237 ἔχουσι,

210 3244 269 3281 καὶ
299 3245 425 3288 παῖδας
453 3245 637 3296 τρέφουσι,
666 3247 724 3284 καὶ
747 3248 960 3298 θεράποντας
982 3247 1228 3297 κεκτημένοις,

212 3305 267 3340 καὶ
299 3306 445 3343 πλοῦτον
484 3307 792 3357 περιθείὶλημένοις
826 3308 933 3344 πολὺν
947 3338 954 3348 ,
983 3308 1039 3344 καὶ
1077 3308 1226 3356 δημόσια

262 3444 276 3465 Ι.
306 3440 433 3483 Αιίιιιιυι
457 3444 518 3474 N'RN
551 3450 629 3479 JH'A‘J
650 3461 680 3479 Y'l
703 3452 762 3486 131,st
780 3464 784 3472 '
809 3463 818 3474 Ι
833 3464 850 3477 Ἰ
868 3453 879 3475 ’ἰν
900 3464 961 3474 ”·ἰ

263 3500 271 3510 '
296 3494 395 3525 Suilli
416 3503 444 3525 ’Ἰ
475 3495 527 3526 still
548 3512 603 3530 ῐοιν
621 3503 863 3540 ‘mumulo-Zama,
890 3500 970 3532 alios
996 3517 1048 3535 twa
1083 3516 1123 3533 ;.«
1141 3520 1146 3530 ,ν
1180 3519 1218 3529 12⁷

1304 2768 1385 2790 eum
1405 2752 1534 2789 fiducia
1551 2750 1743 2788 Dominum
1758 2763 1860 2786 suum
1878 2750 2029 2786 obtueri.
2046 2749 2255 2786 Sacerdotes

1305 2815 1354 2851 sal
1370 2823 1449 2850 sunt
1471 2811 1594 2849 mundi
1611 2828 1619 2849 ι
1635 2820 1790 2848 nostin-un
1805 2824 1886 2847 vero
1903 2809 2197 2861 insipientiatn,et
2219 2811 2253 2846 in

1303 2874 1471 2913 omnihus
1492 2872 1705 2924 imperitiam
1720 2872 1818 2921 ,quis
1839 2870 1940 2907 sat-ile
1956 2870 2089 2911 tulerit.
2109 2871 2175 2907 nisi
2194 2884 2256 2907 x’os

1303 2937 1365 2987 qui
1382 2949 1442 2973 nos
1459 2935 1550 2972 ultra
1568 2932 1713 2970 moduni
1731 2946 1849 2968 amare
1864 2931 2118 2968 consuevistis?
2137 2932 2256 2981 Neque

1304 2998 1396 3035 enim
1419 3010 1547 3048 purum
1566 2995 1754 3032 dumtaxat
1782 3008 1856 3029 esse
1874 3001 2010 3044 oportet
2025 3023 2034 3036 ,
2058 3002 2178 3043 utpote
2193 2993 2252 3040 qui

1305 3069 1400 3097 tanto
1421 3057 1617 3095 ministerio
1635 3056 1803 3105 dignatus
1821 3054 1864 3090 sit
1881 3085 1889 3097 ,
1907 3054 1966 3091 sed
1984 3053 2089 3090 etiam
2102 3054 2251 3104 priuleir

1306 3132 1374 3159 tem
1394 3129 1425 3156 et
1449 3131 1564 3155 ι’(ϊιιιιι
1585 3117 1737 3168 peritum
1759 3116 1971 3152 tiiultaruin:
1992 3114 2100 3151 unilt-t
2117 3127 2258 3164 «pioque

1306 3179 1486 3218 sai-colaria
1508 3191 1607 3215 nosse
1621 3176 1744 3219 tlt-liet,
1775 3190 1842 3212 non
1870 3176 1986 3212 tainus
2007 3189 2112 3226 qoam
2143 3176 2164 3211 ii
2195 3176 2253 3224 qoi

1307 3244 1339 3280 in
1370 3240 1486 3279 modio
1517 3253 1631 3277 rerum
1655 3247 1840 3275 versantur
1856 3268 1864 3278 ,
1888 3237 2123 3286 otiinilnisque
2141 3247 2253 3273 tanuen

1258 3316 1276 3344 ιι
1306 3313 1451 3342 exutum
1468 3302 1579 3350 inagis
1598 3299 1972 3350 quainiiio11.·u·lii.‹p=i
1995 3308 2127 3335 umntv-
2147 3316 2197 3334 ou
2213 3315 2231 3334 u

1261 3471 1265 3477 .
1290 3467 1326 3477 ιι,
1353 3443 1451 3475 Minici
1490 3458 1541 3475 t--su
1563 3449 1790 3482 1-x;¹u.¹[=!»1‚1›⁴.

1303 3511 1313 3521 ⁶
1341 3497 1399 3528 Alit
1418 3501 1571 3528 :innatav-

2263 451 2412 478 lnxocatio

2285 493 2411 528 Spiritus

2272 539 2360 560 sancii
2381 542 2409 558 in

2266 574 2413 600 oblatione

2269 615 2412 642 saensscii.

2282 2336 2350 2360 il..1.
2363 2335 2370 2359 '.

2407 2345 2454 2362 33.
