2513 3871
350 273 398 318 7¹
417 273 439 300 2
1263 258 1489 289 MONlTUM.

348 365 431 391 vere
447 357 716 395 consueverant,
737 355 843 398 atque
861 344 958 383 unde
978 342 1187 383 Judaismus
1204 355 1295 380 con·
1368 344 1433 393 χοῦ
1452 342 1521 379 τῶν
1540 341 1675 380 πόλεων
1691 341 1944 394 ᾠκοδόμησαν,
1959 340 2017 379 τὸν
2037 338 2074 378 δὲ
2091 339 2197 378 τόπον
2211 338 2270 378 τὸν
2283 353 2394 391 παρι-

348 413 520 456 stituitur,
547 410 655 457 hune,
681 408 844 459 inquam,
860 405 977 445 solum
1003 403 1200 442 instaurare
1225 415 1295 440 non
1371 401 1532 455 οχηκότα
1554 403 1670 446 αὐτοῖς
1695 404 1758 449 τῆς
1779 401 1908 446 οἰκείας
1926 399 2105 445 πολιτείας
2134 399 2174 440 τὸ
2194 402 2317 452 κῦρος,
2333 399 2396 437 καὶ

349 480 549 527 potuerunt.
1373 463 1453 501 ἔνθα
1489 463 1606 509 πάντα
1635 464 1746 502 τελεῖν
1769 462 1935 509 εἰώθασι,
1954 461 2015 501 καὶ
2039 461 2116 501 ὅθεν
2147 464 2165 500 ὁ
2194 459 2397 511 ίουδαῖσμὸς

1374 524 1645 577 συγκεκρότητο,
1662 527 1782 562 τοῦτον
1802 523 1904 574 μόνον
1923 523 1987 562 οὐκ
2005 523 2153 576 ἴσχυσαν
2181 524 2394 569 ἀναστῆσαι.

749 847 817 903 iN
872 846 1113 894 LIBROS
1163 845 1341 892 OCTO
1383 844 1671 892 CONTRA
1716 841 1995 891 JUDAEOS

1092 1028 1671 1112 MONlTUM.

403 1256 474 1293 llas
492 1263 611 1293 eontra
631 1252 774 1293 Judaeos
792 1249 1068 1289 concertationes
1087 1256 1299 1286 memoratas
1317 1246 1477 1285 vidimus
1493 1247 1587 1284 libro
1605 1247 1837 1299 praecedenti,
1856 1260 1924 1285 non
1950 1248 2051 1298 quasi
2068 1248 2141 1298 jam
2166 1246 2346 1287 institutas
2367 1255 2401 1284 et

349 1319 384 1356 in
413 1315 566 1369 publicis
588 1313 820 1352 concionibus
854 1311 1013 1359 habitas,
1034 1308 1094 1348 sed
1124 1308 1224 1360 quasi
1248 1316 1489 1361 pra-paratas:
1512 1307 1662 1345 Daniel
1688 1316 1835 1355 autem,
1858 1307 1975 1358 inquit
1994 1306 2285 1359 Chrysostomus,
2320 1307 2403 1346 hec

349 1380 481 1415 omniez
499 1384 632 1428 aperte
652 1383 804 1422 narrat,
833 1375 1015 1412 universa
1040 1384 1176 1419 nempe
1195 1370 1373 1408 tollenda
1391 1382 1486 1414 esse,
1517 1369 1698 1417 hostiam,
1729 1368 1914 1415 libamen,
1934 1369 2173 1415 unctionem,
2189 1367 2403 1421 judicium.

352 1439 489 1476 Verum
509 1438 605 1481 hoec,
625 1435 781 1490 quando
799 1435 988 1472 adversus
1011 1432 1173 1471 Judaeos
1189 1445 1400 1470 sermonem
1422 1433 1683 1476 instituemus,
1709 1430 2075 1485 clari'ussusi'usque
2095 1429 2377 1481 explicabimus
2391 1443 2402 1464 .-

350 1498 441 1537 ἃλλὰ
455 1503 566 1536 ταῦτα
594 1497 670 1547 μὲν,
694 1495 799 1542 ἡνίκα
826 1495 867 1533 ἂν
895 1495 983 1547 πρὸς
1004 1493 1082 1538 τοὺς
1100 1491 1290 1536 Ἰουδαίους
1304 1492 1479 1543 λέγωμεν,
1509 1491 1722 1543 σαφέστερον
1742 1491 1802 1529 καὶ
1829 1491 2006 1543 εὐρύτερον
2031 1489 2284 1540 ἀναπτύξομεν.
2304 1489 2405 1528 Hanc

350 1573 434 1598 vero
454 1567 668 1611 postremam
687 1555 922 1596 Judaieorum
939 1554 1075 1593 rituum
1104 1553 1389 1606 reprobationem
1410 1552 1694 1603 solutionemque
1713 1551 1914 1597 advenisse,
1936 1553 2026 1599 fuse,
2047 1560 2085 1589 ut
2107 1550 2293 1604 pollicitus
2311 1557 2402 1598 erat,

349 1621 570 1660 demonstrat
592 1619 651 1657 ille
675 1619 710 1656 in
733 1617 789 1656 his
809 1626 931 1656 contra
952 1615 1097 1656 ,ludaeos
1116 1615 1294 1665 homiliis,
1314 1613 1471 1652 maxime
1489 1628 1574 1652 vero
1603 1614 1637 1651 in
1658 1614 1816 1665 quinque
1837 1614 1989 1658 ultimis,
2008 1613 2085 1661 ubi,
2105 1612 2254 1651 homilia
2280 1624 2407 1664 nempe

350 1684 491 1736 quinta,
508 1696 551 1719 ex
571 1680 722 1718 Daniele
737 1679 938 1732 praesertim
959 1678 1027 1716 boc
1045 1685 1295 1727 argumentum
1317 1675 1557 1728 prosequitur.
1575 1677 1636 1714 11oe
1655 1685 1774 1714 autem
1794 1676 1954 1727 quinque
1973 1675 2108 1714 ultima:
2123 1687 2229 1720 anno,
2247 1683 2286 1713 ut
2305 1682 2406 1726 puta·

353 1758 446 1789 mus,
466 1743 543 1781 587
566 1741 696 1780 habita:
717 1749 813 1779 sunt.
833 1739 928 1779 Vide
944 1739 979 1777 in
1000 1739 1136 1776 Monito
1156 1735 1383 1789 przecedenti.

408 1803 648 1842 llomiliarum
661 1801 750 1840 ordo
764 1815 833 1839 non
850 1813 943 1838 unus
955 1799 1120 1849 idemque
1134 1798 1290 1836 occurrit
1305 1806 1374 1834 tam
1390 1796 1424 1834 in
1445 1796 1575 1844 Ediiis,
1588 1811 1696 1850 quam
1714 1796 1747 1834 in
1761 1797 2030 1849 Manuscriptis.
2041 1795 2160 1835 David
2173 1794 2410 1842 Hoeschelius,

357 1880 462 1917 quem
484 1872 655 1915 sequutus
668 1871 721 1901 cst
741 1863 873 1900 Fronto
895 1862 1063 1905 Ducaeus,
1080 1873 1143 1898 sex
1160 1866 1414 1909 consequenter
1432 1867 1552 1896 contra
1571 1857 1714 1897 Judaeos
1735 1860 1834 1911 ponit
1854 1858 2039 1904 homilias;
2060 1858 2231 1895 nimirum
2256 1856 2411 1909 primam

356 1941 449 1974 cam,
465 1940 543 1977 quae
563 1924 703 1976 incipit,
722 1923 944 1973 Ἐδουλόμην
962 1925 1043 1972 ὑμῖν
1064 1922 1254 1960 ἀποδοῦναι
1271 1937 1278 1958 :
1299 1919 1504 1968 secundam,
1525 1920 1638 1958 Πάλιν
1659 1922 1690 1958 οἱ
1709 1921 1852 1958 δείλαιοι
1869 1936 1876 1956 :
1900 1920 2054 1966 tertiam,
2075 1921 2187 1958 Πόθεν
2207 1921 2293 1970 ἡμῖν
2312 1918 2381 1971 ἄρα
2398 1932 2407 1956 :

358 1997 536 2039 quartam,
548 1986 607 2024 Τὰ
622 1985 727 2036 θηρία
743 1984 808 2027 ἕως
827 1999 834 2021 :
855 1984 1033 2034 quintam,
1052 1976 1098 2021 *A
1106 1999 1147 2035 ρα
1163 1982 1265 2034 κόρον
1283 1981 1426 2020 ἐλάὸετε
1442 1996 1450 2017 :
1467 1990 1616 2028 sextam,
1631 1982 1818 2033 Παρῆλθεν
1835 1985 1857 2028 ἡ
1872 1981 2030 2028 νηστεία.
2052 1981 2187 2019 Eodem
2207 1989 2325 2018 autem
2341 1979 2411 2018 ritu

358 2063 406 2087 eae
423 2047 600 2086 habentur
618 2046 651 2083 in
666 2045 846 2092 omnibus,
863 2058 951 2095 quos
967 2042 1240 2094 quatuordecim
1256 2056 1404 2082 numero
1422 2042 1594 2090 vidimus,
1611 2041 1883 2095 Μειῐιυςιτίρῐίε,
1901 2057 1972 2080 uno
1986 2051 2134 2094 excepto
2150 2041 2276 2094 Regio,
2292 2042 2412 2090 2900,

358 2110 420 2160 qui
440 2108 558 2161 priore
577 2106 828 2159 praetcrmissa,
848 2108 951 2158 cujus
971 2104 1129 2150 initium,
1150 2105 1376 2154 Ἐὃουλόμην
1393 2106 1475 2154 ὑμῖν
1496 2105 1699 2153 ἀποδοῦναι,
1719 2119 1738 2142 a
1762 2103 1932 2148 secunda,
1955 2105 2057 2157 cujus
2079 2103 2318 2156 primordium
2342 2111 2409 2152 αἱ,

361 2171 477 2210 Πάλιν
493 2171 525 2207 οἱ
543 2169 700 2215 essum,
720 2167 863 2205 initium
883 2166 996 2211 ducit,
1018 2180 1167 2217 eamque
1188 2166 1340 2219 primam
1363 2165 1541 2213 inscribit,
1559 2174 1664 2216 atque
1680 2163 1803 2202 eodem
1827 2174 1945 2217 postea
1963 2163 2173 2203 numerandi
2190 2163 2314 2202 ordine
2330 2177 2411 2217 pro-

360 2231 473 2278 cedit;
499 2230 547 2268 ita
569 2238 605 2266 ut
632 2243 712 2279 quae
735 2237 833 2265 sexta
855 2237 907 2266 est
939 2227 973 2265 in
995 2227 1197 2266 recensione
1218 2242 1326 2279 supra
1353 2238 1386 2265 et
1412 2228 1446 2265 in
1479 2226 1647 2265 tredecim
1670 2226 1939 2279 Manuscriptis,
1965 2227 2088 2277 quinta
2109 2225 2160 2264 ibi
2188 2234 2408 2263 numeretur.

361 2294 467 2332 Hunc
492 2306 574 2328 vcro
602 2289 766 2327 ordinem
785 2289 925 2339 sequuti
946 2288 1053 2326 etiam
1081 2298 1164 2326 sunt
1186 2289 1357 2328 Erasmus
1379 2299 1412 2328 et
1442 2289 1618 2327 llenricus
1639 2287 1814 2335 Savilius,
1838 2287 1900 2339 qui
1931 2296 2132 2341 postremus
2159 2286 2233 2325 illis
2253 2286 2414 2338 quinque

363 2353 525 2392 homiliis
546 2366 623 2390 eam
642 2351 843 2402 subjungit,
859 2364 938 2401 qua:
957 2350 991 2388 in
1004 2350 1263 2403 Manuscriptis
1278 2351 1459 2400 omnibus,
1481 2364 1550 2390 uno
1566 2358 1715 2402 excepto
1737 2350 1863 2401 Regio,
1882 2349 1995 2402 prima
2014 2349 2162 2396 locatur,
2177 2361 2285 2399 quam
2297 2356 2413 2386 tamen

364 2425 500 2453 sextam
521 2427 589 2451 non
611 2413 770 2450 inscribit
789 2411 963 2458 Savssius,
982 2411 1084 2462 quasi
1109 2421 1210 2450 extra
1229 2426 1418 2450 numerum
1444 2412 1609 2464 positam.
1636 2410 1740 2448 llunc
1761 2425 1868 2463 porro
1887 2409 2048 2449 ordinem
2075 2424 2120 2448 ex
2142 2409 2258 2447 tribus
2278 2410 2414 2447 Manu-

364 2475 506 2528 scriptis
524 2482 725 2512 mutuatum
743 2487 779 2510 se
796 2487 869 2511 esse
886 2473 1111 2511 testificatur.
1134 2472 1230 2512 Yidc
1246 2483 1344 2511 notas
1364 2473 1566 2512 Savitianas
1580 2471 1625 2510 ad
1643 2472 1772 2510 calcem
1791 2472 1899 2523 hujus
1917 2471 2017 2509 torni.
2032 2472 2104 2510 Sex
2118 2470 2278 2509 homiliis
2293 2478 2414 2508 eontra

365 2537 509 2578 ,ludaeos
527 2536 730 2588 septimam,
752 2535 852 2573 nullo
874 2543 989 2573 tamen
1011 2548 1157 2573 numero
1177 2544 1350 2583 notatam,
1369 2535 1491 2586 adjicit
1512 2534 1673 2572 Savilius
1691 2548 1767 2571 eam
1787 2547 1867 2584 quae
1887 2532 2111 2580 inscribitur,
2131 2533 2262 2571 Contra
2277 2545 2339 2570 cos
2354 2530 2417 2582 qui

368 2598 402 2636 in
419 2598 589 2635 paschate
611 2596 770 2647 jejunant
790 2611 798 2631 ε
821 2609 899 2646 quoe
917 2596 951 2633 in
971 2596 1082 2645 Regio
1098 2595 1204 2633 etiam
1220 2596 1353 2635 Codice
1373 2598 1471 2637 1965
1488 2606 1566 2649 post
1582 2610 1643 2634 sex
1660 2604 1780 2633 contra
1796 2594 1940 2633 Judaeos
1957 2594 2121 2632 homilias
2137 2593 2285 2631 locatur.
2310 2593 2418 2631 Octa·

370 2674 450 2697 vam
471 2657 614 2703 deinde,
635 2656 735 2694 nullo
755 2665 869 2694 tamen
890 2657 1054 2709 apposito
1073 2671 1238 2701 numero,
1260 2657 1352 2696 locat
1372 2658 1534 2695 Savilius
1548 2671 1640 2701 eam,
1659 2655 1715 2694 cui
1738 2655 1878 2701 titulus,
1899 2656 2030 2693 Contra
2053 2668 2111 2692 cos
2131 2653 2192 2704 qui
2209 2652 2416 2693 Judaeorum

367 2720 548 2772 jejunium
565 2719 743 2771 jejunant.
767 2720 839 2756 llas
859 2732 942 2757 vero
961 2717 1052 2756 duas
1070 2727 1268 2770 postremas
1289 2721 1422 2759 Fronto
1439 2721 1589 2757 Ducaeus
1605 2716 1728 2774 procul
1745 2716 1791 2754 ab
1807 2716 1886 2753 aliis
1903 2725 2023 2754 contra
2038 2714 2182 2754 Judceos
2201 2714 2360 2754 homiliis
2381 2715 2416 2754 in

373 2781 534 2831 quintum
555 2789 692 2818 tomum
711 2779 905 2828 ablegavit.

427 2842 491 2878 llic
507 2854 669 2892 magnam
684 2840 798 2878 cernis
814 2840 1019 2878 varietatem
1034 2849 1139 2892 atque
1153 2841 1291 2881 ordinis
1306 2840 1626 2895 perturbationem,
1638 2853 1720 2877 casu
1738 2839 1856 2891 potius
1871 2852 1978 2889 quam
1995 2837 2142 2875 consilio
2158 2835 2356 2876 inductam.
2367 2837 2417 2877 Ut

375 2916 458 2940 vcro
476 2912 608 2940 tantam
625 2901 812 2950 caliginem
828 2901 1086 2940 discuteremus
1104 2916 1171 2940 uon
1190 2918 1316 2955 parum
1333 2901 1585 2941 desudandum
1602 2901 1704 2939 nobis
1720 2900 1809 2946 tuin
1828 2901 1903 2938 Deo
1919 2909 2036 2937 tamen
2053 2898 2174 2945 dante,
2195 2908 2228 2937 et
2248 2899 2365 2937 locum
2386 2909 2421 2937 et

373 2962 533 2999 ordinem
563 2963 735 3014 cujusque
765 2977 827 3000 uos
849 2962 1125 3015 deprehendisse
1151 2973 1331 3016 putamus.
1365 2965 1523 3004 Primam
1554 2964 1672 3014 itaque
1706 2962 1956 3001 constituimus
1985 2976 2078 3008 cam,
2108 2974 2215 3013 quam
2237 2969 2271 2998 et
2300 2961 2421 3000 David

377 3023 595 3060 llmschelius
617 3034 650 3062 et
670 3025 801 3062 Fronto
821 3024 975 3061 lineatus
996 3023 1148 3075 primam
1166 3039 1328 3077 posuere,
1346 3027 1450 3078 cujus
1471 3025 1626 3072 initium,
1643 3024 1866 3074 Ἔδουλόμην
1894 3027 1974 3073 ὓμὶν
1991 3025 2202 3062 ἀποδοῦναιε
2229 3020 2420 3061 secundam

378 3082 534 3120 locamus
563 3099 651 3132 eam,
672 3098 750 3134 qua·
769 3083 819 3121 sic
840 3083 980 3135 incipit,
1002 3084 1045 3122 'll
1068 3084 1130 3134 μὲν
1153 3086 1354 3139 παράνομος
1382 3087 1440 3124 καὶ
1471 3086 1678 3140 ἀκάθαρτος,
1707 3098 1814 3136 quain
1845 3082 2005 3121 Savilius
2030 3092 2156 3120 octavo
2185 3081 2264 3120 loco
2285 3081 2419 3133 posuit,

381 3144 511 3181 Fronto
534 3146 684 3182 l)uc.i·us
703 3154 822 3182 autem
844 3144 877 3182 in
893 3146 1060 3195 quintum
1082 3155 1218 3185 tomum
1238 3147 1441 3196 ablegavit:
1459 3147 1597 3185 tertiam
1615 3160 1706 3191 eam,
1725 3160 1803 3195 qum
1823 3145 1874 3182 sic
1889 3145 1967 3187 inu,
1983 3145 2096 3182 Πάλιν
2114 3143 2217 3196 χρεία
2234 3159 2298 3191 τις,
2313 3157 2420 3194 quam

319 3236 365 3260 ⁸⁸¹.
381 3205 537 3241 §.u-ttius
567 3207 752 3256 septimam
773 3206 906 3257 posuit,
930 3207 1080 3243 Ducoeus
1105 3217 1223 3246 autem
1245 3208 1278 3245 in
1301 3209 1470 3259 quintum
1501 3218 1635 3246 tomum
1657 3207 1776 3259 rejecit
1800 3222 1807 3242 ε
1829 3214 1992 3257 quartam
2014 3205 2111 3242 illam
2133 3205 2234 3256 cujus
2256 3204 2418 3248 initium.

385 3263 496 3300 Πάλιν
513 3267 544 3301 οἱ
564 3266 719 3308 infamet.
744 3280 850 3316 quam
873 3267 1004 3304 Fronto
1033 3269 1188 3306 Ducaeus
1206 3271 1411 3316 secundam,
1432 3270 1592 3307 Savilius
1611 3268 1763 3321 primam
1783 3266 1976 3304 constituit.
2001 3265 2170 3316 Reliquas
2196 3279 2280 3303 vero
2300 3279 2421 3304 conse—

383 3332 527 3372 qucmrr
549 3323 688 3370 damus,
711 3335 748 3363 ut
768 3327 801 3363 in
825 3326 943 3364 tidiiis
963 3328 1129 3366 omnibus
1151 3328 1345 3375 habentium
1367 3331 1412 3368 ita
1435 3340 1471 3368 ut
1493 3345 1572 3380 quae
1591 3330 1692 3368 tertia
1712 3337 1763 3366 est
1781 3326 1877 3380 apud
1896 3327 2083 3373 Duc-rum,
2103 3336 2136 3364 et
2155 3325 2306 3365 soeuuda
2325 3325 2421 3379 apud

383 3382 572 3426 Savilium,
589 3385 661 3432 jam
681 3386 802 3435 quinta
825 3397 990 3437 ponatur,
1007 3397 1039 3425 et
1057 3400 1238 3439 sequentes
1254 3391 1377 3429 cadem
1399 3391 1580 3430 varietatis
1600 3391 1734 3429 ratione
1755 3398 1994 3428 numerentur.

436 3442 535 3479 lluuc
558 3458 660 3492 pon·-
682 3459 809 3482 novum
835 3446 993 3485 ordinem
1019 3462 1085 3484 non
1112 3459 1238 3487 temone
1267 3452 1497 3489 consumtum
1520 3467 1593 3490 esse
1616 3450 1839 3503 puoh-iudum
1867 3450 1968 3489 nohis
1993 3449 2180 3488 incumbit.
2207 3450 2257 3487 De
2286 3447 2420 3499 prima,
