2513 3871
134 2681 238 2710 ilani..
270 2690 314 2711 ιο,

132 2723 182 2756 32.

130 2793 314 2823 111111.v.35.

347 262 370 303 7
381 262 403 303 7
415 260 438 287 2
756 256 776 286 S
786 275 794 284 .

345 340 422 377 istis
443 338 673 391 praedicatur,
691 337 719 374 si
741 336 819 373 talis
837 346 902 383 est,
923 335 1047 386 quales
1069 337 1209 376 suerunt
1227 335 1295 382 illi,

345 413 409 438 nec
431 399 554 436 divina
575 397 729 450 potentia
753 397 889 449 peragit
916 398 1034 434 omnia
1065 412 1072 432 :
1098 404 1299 448 exspectate
1327 396 1349 427 B

345 460 541 512 paulisper,
566 468 601 497 et
624 459 699 511 ipse
717 472 836 496 rerum
861 467 1009 496 eventus
1028 457 1130 495 vobis
1152 457 1235 496 facit
1256 458 1298 495 fi-

342 521 422 559 dem
443 537 450 557 :
469 534 513 557 ex
532 520 608 572 ipso
625 522 694 558 line
709 522 943 571 cognoscetis,
960 528 1080 558 utrum
1099 519 1158 558 hic
1172 519 1217 558 sit
1232 519 1297 557 im·

344 590 477 633 postor,
496 589 535 618 ut
553 580 686 628 dicitis,
702 595 742 619 ae
761 581 850 631 legis
869 591 1120 631 transgressor,
1137 594 1182 619 an
1203 582 1299 619 Deus

343 643 506 680 universa
528 656 756 690 conservans,
788 642 1031 694 ineffabilique
1060 642 1214 694 potentia
1244 655 1299 681 res

343 704 548 742 mortalium
562 702 770 756 dispensans
791 703 1059 755 moderansque.
1077 702 1182 750 Quod
1204 702 1298 747 dico,

340 767 472 804 sactum
500 775 566 803 est.
594 765 869 817 Exspectarunt,
894 775 991 804 etex
1016 766 1104 818 ipsis
1121 765 1222 803 factis
1236 764 1299 802 de-

341 827 473 866 clarata
505 836 556 865 cst
580 826 704 864 divina
735 836 768 865 et
800 827 1090 879 inexpugnabilis
1123 826 1294 879 potentia.

344 891 457 939 Atque
478 888 544 926 hoc
562 888 759 933 inventum,
779 889 873 938 quod
891 888 937 927 ad
958 887 1186 941 decipiendos
1209 887 1296 940 plu-

342 949 451 987 rimos
482 948 687 987 adhibitum
717 958 806 994 erat,
841 959 1012 987 retortum
1043 959 1094 987 est
1124 950 1159 987 in
1190 958 1297 1001 caput

339 1009 490 1050 diaboli.
515 1012 603 1048 Nam
622 1025 703 1049 cum
725 1011 862 1049 videret
883 1011 985 1049 illum
1008 1011 1211 1056 advenisse,
1233 1025 1297 1048 vo-

341 1072 415 1108 lens
444 1071 540 1108 illius
568 1072 760 1110 obscurare
778 1072 974 1110 adventum
998 1086 1190 1123 veramque
1214 1072 1296 1110 dis-

340 1132 592 1182 pensatiouctn.
621 1133 789 1170 submisit
807 1133 1014 1186 deceptores
1039 1133 1190 1184 aliquot,
1225 1148 1295 1184 quo

337 1192 504 1230 videlieet
520 1202 553 1230 et
579 1193 639 1230 illc
659 1207 750 1230 unus
774 1207 819 1231 ex
836 1208 960 1232 eorum
981 1207 1128 1232 numero
1149 1203 1295 1246 putare-
1323 1196 1348 1227 C

337 1262 406 1291 tur.
429 1253 609 1304 Quodque
626 1254 659 1291 in
680 1267 783 1292 cruce
806 1255 901 1299 fecit,
927 1269 1136 1308 procurans,
1156 1264 1195 1293 ut
1221 1254 1296 1293 duo

335 1314 488 1351 latrones
506 1328 588 1352 cum
603 1315 666 1352 illo
682 1315 978 1366 crucifigerentur
1001 1332 1009 1353 :
1037 1316 1133 1355 idem
1155 1317 1236 1354 fecit
1259 1317 1294 1355 in

336 1375 433 1413 illius
451 1375 624 1420 adventu,
644 1376 794 1415 studens
810 1377 996 1415 veritatem
1012 1377 1176 1416 admixto
1197 1392 1295 1416 men-

334 1437 436 1474 dacio
455 1436 645 1475 obscurare
663 1452 671 1475 :
694 1452 816 1476 verum
833 1452 896 1476 nec
912 1438 987 1478 illic
1009 1440 1213 1492 praevaluit,
1229 1454 1292 1479 nec

336 1497 407 1541 hic,
427 1497 513 1548 quin
537 1499 692 1536 maxime
713 1499 778 1537 lioc
802 1499 920 1552 ipsum
942 1500 1137 1553 potentiam
1158 1501 1292 1540 Christi

333 1557 542 1597 declaravit.
567 1560 708 1610 Alioqui
729 1559 791 1598 dic
808 1561 913 1607 mihi,
933 1575 1011 1608 cur,
1031 1575 1112 1600 cum
1129 1571 1198 1601 tres
1214 1563 1293 1601 sue-

336 1620 403 1656 rint
426 1621 592 1658 crucifixi
613 1621 735 1659 eodem
766 1621 857 1668 loco,
885 1621 1008 1660 eodem
1030 1632 1201 1675 tempore,
1225 1623 1293 1662 sub

336 1679 461 1718 iisdem
475 1681 675 1733 judicibus,
695 1683 749 1721 illi
767 1683 952 1731 sileantur,
972 1684 1032 1723 hic
1051 1685 1149 1723 solus
1166 1685 1292 1724 adore·

335 1742 419 1779 tur?
445 1743 579 1781 Rursus
597 1758 704 1794 quam
725 1744 771 1782 ob
792 1759 865 1783 rem
887 1744 1044 1791 tandem,
1067 1759 1148 1784 cum
1172 1747 1292 1799 plures

336 1817 464 1841 novam
483 1804 629 1843 vivendi
647 1805 817 1844 rationem
833 1806 1056 1852 induxerint,
1073 1821 1114 1845 ac
1129 1807 1292 1860 discipu-

335 1865 387 1902 los
409 1864 612 1913 habuerint,
640 1867 786 1904 illorum
807 1881 850 1905 ne
872 1881 997 1906 nomen
1018 1867 1164 1919 quidem
1186 1868 1292 1907 hodie

335 1935 458 1964 uotum
473 1927 533 1972 sit,
556 1926 613 1964 hic
630 1941 691 1979 per
707 1941 829 1966 omncs
844 1928 969 1967 mundi
987 1930 1111 1982 plagas
1127 1931 1292 1969 colatur?
1319 1938 1343 1968 D

337 1987 404 2024 Res
430 1987 522 2025 enim
546 1988 771 2039 potissimum
801 1990 1003 2029 elucescunt
1027 2006 1071 2029 ex
1091 1992 1290 2031 collatione.

335 2048 465 2086 Confer
484 2048 549 2086 ista
569 2050 673 2092 nubi,
693 2064 714 2088 o
732 2050 870 2097 Judzee,
885 2065 925 2089 ac
941 2052 1037 2090 disce
1053 2053 1213 2092 veritatis
1229 2068 1290 2093 ex-

333 2108 547 2146 cellentiam.
562 2109 652 2157 Quis
674 2111 844 2162 impostor
862 2120 912 2150 tot
931 2111 1108 2150 Ecclesias
1123 2122 1195 2152 toto
1219 2123 1290 2152 ter-

334 2184 454 2207 rarum
467 2170 552 2208 orbe
563 2172 701 2222 paravit
714 2173 731 2209 Ξ)
744 2172 825 2224 quis
835 2173 880 2210 ab
893 2174 1064 2213 extremis
1077 2175 1121 2214 ad
1132 2185 1289 2216 extrema

334 2231 458 2269 mimdi
478 2232 615 2270 cultum
634 2247 737 2271 suum
758 2234 934 2285 protulit?
959 2235 1040 2286 quis
1060 2250 1182 2275 omnes
1201 2238 1290 2276 sub-

328 2292 440 2341 jectos
462 2292 598 2340 habuit,
617 2293 724 2344 idque
740 2308 820 2332 cum
840 2305 953 2334 essent
973 2295 1158 2336 innumera
1176 2299 1290 2338 obsta-

333 2353 410 2390 cula
424 2354 440 2389 Ξ)
458 2355 569 2392 Nemo
590 2369 684 2393 sane.
702 2358 828 2394 Annon
848 2357 959 2408 igitur
977 2359 1205 2411 perspicuum
1225 2370 1289 2408 est,

334 2415 516 2453 Christum
536 2430 602 2454 non
621 2431 696 2455 esse
713 2417 958 2468 impostorem.
980 2419 1043 2458 sed
1061 2421 1288 2469 salvatorem,

333 2476 394 2513 sed
426 2476 640 2523 beneficum,
665 2478 727 2517 sed
755 2489 972 2529 curatorem,
1004 2481 1066 2519 sed
1089 2483 1287 2537 principem

332 2537 413 2574 vita·
427 2548 550 2576 nostra·
566 2539 582 2576 ?
596 2539 749 2578 Proinde
763 2540 806 2578 ad
820 2540 855 2578 id
869 2542 963 2592 quod
977 2552 1050 2581 erat
1064 2545 1287 2596 propositum

333 2597 470 2644 redibo,
500 2599 528 2637 si
551 2601 650 2652 prius
671 2615 776 2639 unam
797 2602 915 2640 adhue.
938 2602 1203 2655 praedictionem
1224 2607 1287 2645 ad-

333 2658 469 2698 didm-0.
486 2662 574 2698 Non
593 2665 697 2708 veni,
717 2662 846 2714 inquit,
863 2666 1014 2702 mittere
1024 2680 1160 2716 pacem
1175 2681 1289 2718 snper·

335 2728 490 2768 terram,
507 2722 576 2759 sed
591 2723 770 2774 gladium
787 2739 797 2759 .-
816 2738 885 2762 non
904 2724 1091 2764 declarans
1107 2727 1192 2778 quid
1212 2729 1286 2780 ipse
1314 2745 1337 2775 Ε

334 2791 486 2832 cuperet,
514 2783 575 2820 sed
606 2798 725 2821 rerum
754 2794 919 2823 eventum
947 2786 1156 2838 praedicens.
1188 2791 1287 2828 Veni

335 2844 450 2884 em‘m,
466 2844 596 2894 inquit,
613 2858 796 2895 separare
810 2846 1004 2884 hominem
1017 2849 1204 2889 adversus
1219 2866 1285 2903 pa·

335 2912 362 2939 tr
370 2917 427 2939 em
445 2918 570 2952 suum,
587 2916 622 2943 e!
637 2920 773 2944 merum
791 2907 976 2947 adversus
991 2922 1142 2948 socrum
1159 2925 1283 2959 snam,

333 2972 366 2999 et
377 2963 513 3015 filiam
539 2967 724 3005 adversus
744 2976 904 3006 matrem
927 2982 1053 3008 suam.
1077 2972 1182 3010 Unde
1210 2973 1284 3011 ltmt:

333 3025 510 3073 praedixit,
528 3028 554 3063 si
571 3027 660 3065 uiliil
673 3028 772 3066 aliud
787 3037 862 3066 erat
876 3044 982 3080 quam
1005 3030 1123 3079 homo,
1143 3042 1177 3071 et
1192 3048 1283 3073 unus

331 3086 506 3136 quispiam
522 3103 540 3123 e
569 3090 704 3138 vulgo?
719 3091 826 3138 Quod
842 3101 958 3130 autem
977 3092 1079 3139 dicit,
1111 3094 1205 3134 hunc
1221 3096 1281 3134 lia-

333 3145 387 3181 bet
409 3160 545 3184 sensum
564 3165 570 3185 :
590 3150 756 3199 (proniani
776 3153 906 3200 evenit,
924 3162 960 3191 ut
978 3154 1011 3192 in
1032 3155 1154 3195 eadem
1173 3157 1281 3195 domo

334 3218 421 3240 mnus
438 3208 480 3244 sit
500 3209 629 3257 lidelis,
645 3211 733 3248 alter
750 3212 930 3251 infidelis:
954 3215 1083 3255 deinde
1102 3227 1200 3271 patet·
1218 3234 1280 3256 ve-

376 3350 389 3370 ἶ·
418 3347 475 3377 Alu
502 3364 650 3391 quff'zwou
675 3367 767 3386 τοινμ
803 3364 915 3394 τοῦτον,
936 3360 971 3391 ὖ.
992 3359 1083 3391 Usttlss
1106 3365 1254 3407 ebytpmff'a
1282 3379 1334 3404 μ9’

332 3411 436 3435 xmo,
457 3404 477 3430 e.)
493 3403 611 3437 tvaim.
632 3412 658 3432 ct
681 3403 764 3436 bau«.-
786 3416 986 3446 postremam
1017 3410 1055 3441 le«
1070 3422 1192 3445 nouem
1217 3424 1334 3457 »equu-

834 255 1020 285 sommis
1055 254 1303 284 Cttttn‘sosR
1341 254 1545 284 Attfflssffl’.
1583 255 1943 286 CONSTANTtNOP.

1375 336 1564 387 ἀπορρήτῳ
1601 336 1743 385 δυνάμει
1778 338 1821 375 τὰ
1850 335 1926 374 καθ’
1958 339 2052 387 ἡμᾶς
2080 337 2272 385 οἰκονομῶν
2301 334 2395 388 πρά-

1374 412 1516 447 γματα·
1542 397 1630 449 ὅπερ
1658 392 1717 436 οὖν
1745 399 1805 436 καὶ
1839 398 1988 448 ἐγένετο.
2017 396 2238 448 Ἀνέμειναν,
2262 396 2323 434 καὶ
2350 397 2395 434 δι’

1376 458 1488 495 αὐτῶν
1521 460 1589 496 τῶν
1613 459 1831 510 πραγμάτων
1861 460 2026 506 ἐδηλοῦτο
2043 461 2065 505 ἡ
2083 457 2159 496 θεία
2181 457 2242 495 καὶ
2261 457 2398 509 ἄμαχος

1375 517 1543 569 δύναμις,
1574 520 1634 559 καὶ
1664 520 1705 558 τὸ
1740 521 1895 573 σόφισμα
1921 524 2022 559 τοῦτο
2049 520 2108 558 καὶ
2140 519 2226 572 πρὸς
2257 518 2398 565 ἀπάτην

1374 582 1445 618 τῶν
1467 582 1608 620 πολλῶν
1627 583 1825 633 γενόμενον,
1844 585 1892 626 εἷς
1917 581 1981 629 τὴν
2009 586 2070 621 τοῦ
2101 579 2265 620 διαὸόλου
2286 594 2400 633 περιε-

1374 642 1524 694 τρέπετο
1536 643 1705 693 κεφαλήν.
1725 643 1874 690 Ἐπειδὴ
1892 642 1960 695 γὰρ
1978 636 2066 681 εἶδεν
2082 642 2186 680 αὐτὸν
2205 641 2402 695 παραγενό·

1376 720 1477 754 μενον
1492 736 1502 753 ,
1532 706 1741 757 βουλόμενος
1769 706 1959 745 συσκιάσαι
1984 707 2089 743 αὐτοῦ
2112 704 2177 751 τὴν
2203 701 2398 756 παρουσίαν

1375 769 1434 804 καὶ
1463 767 1527 812 τὴν
1560 768 1675 813 ἀληθῆ
1710 767 1931 818 οἰκονομίαν,
1962 766 2160 817 εἰσήνεγκεν
2194 764 2400 807 ἀπατεῶνάς

1373 842 1486 874 τινας,
1513 827 1570 873 οὓς
1601 828 1838 881 προείπομεν,
1865 827 1923 866 ἵνα
1955 827 2014 866 καὶ
2044 821 2143 870 οὗτος
2174 820 2222 870 εἷς
2257 825 2398 864 ἐκείνων

1372 888 1558 939 νομίζηται
1578 884 1680 930 εἶναι.
1698 890 1768 930 Καὶ
1787 890 1873 943 ὅπερ
1892 889 1950 927 ἐπὶ
1965 892 2026 928 τοῦ
2046 890 2194 941 σταυροῦ
2208 885 2398 934 πεποίηκε,

1372 950 1433 989 δύο
1451 953 1725 1002 παρασκευάσας
1745 951 1878 1004 λῃστὰς
1903 953 1979 1002 μετ’
2001 952 2105 989 αὐτοῦ
2125 951 2369 1001 σταυρωθῆναι
2386 976 2397 995 ,

1371 1015 1474 1051 τοῦτο
1488 1013 1547 1050 καὶ
1562 1014 1620 1051 ἐπὶ
1639 1016 1701 1059 τῆς
1720 1012 1914 1064 παρουσίας
1927 1012 2129 1065 εἰργάσατο,
2142 1012 2186 1062 τῇ
2204 1007 2398 1061 παραθέσει

1372 1075 1431 1110 τοῦ
1460 1073 1603 1125 ψεύδους
1622 1074 1684 1121 τὴν
1711 1074 1879 1120 ἀληθειαν
1908 1073 2098 1113 συσκιάσαι
2126 1071 2296 1111 σπεύδων·
2318 1068 2396 1107 ἀλλ’

1371 1134 1448 1173 οὐδὲ
1482 1137 1553 1174 ἐκεῖ
1579 1152 1613 1174 τι
1648 1136 1816 1188 ἴσχυσεν,
1843 1135 1920 1174 οὐδὲ
1948 1138 2115 1183 ἐνταῦθα,
2143 1135 2221 1172 ἀλλ’
2241 1131 2324 1171 αὐτὸ
2354 1130 2397 1178 δὴ

1373 1198 1475 1233 τοῦτο
1510 1197 1666 1246 μάλιστα
1697 1197 1761 1243 τὴν
1799 1196 1947 1246 δύναμιν
1980 1196 2088 1240 ἔδειξε
2128 1199 2190 1235 τοῦ
2228 1195 2398 1247 Χριστοῦζ

1372 1256 1441 1294 Διὰ
1460 1256 1494 1294 τί
1512 1257 1599 1308 γὰρ,
1620 1257 1697 1296 εἶπέ
1717 1260 1917 1310 μοι,τριὶἶιν
1941 1257 2050 1295 ὄντων
2074 1259 2145 1295 τῶν
2175 1254 2398 1308 σταυρωθέν-

1371 1333 1457 1364 των,
1473 1319 1508 1355 ἐν
1527 1321 1578 1371 τῷ
1601 1321 1696 1371 αὐτῷ
1716 1319 1826 1371 τόπῳ,
1841 1321 1875 1357 ἐν
1897 1321 1948 1370 τῷ
1965 1320 2060 1370 αὐτῷ
2087 1320 2220 1371 καιρῷ,
2241 1319 2310 1356 ὑπὸ
2326 1319 2396 1356 τῶν

1372 1381 1485 1417 αὐτῶν
1519 1380 1716 1427 δικαστῶν,
1739 1382 1864 1419 ἐκεῖνοι
1895 1380 1958 1431 μὲν
1989 1379 2213 1431 σεσίγηνται,
2234 1372 2334 1422 οὗτος
2359 1378 2396 1416 δὲ

1372 1440 1475 1491 μόνος
1493 1447 1760 1493 προσκυνεῖται;
1779 1442 1912 1489 Πάλιν,
1933 1441 1967 1479 τί
1986 1440 2117 1487 δήποτε
2136 1441 2275 1479 πολλῶν
2295 1441 2397 1478 εἰσα-

1369 1502 1549 1553 γαγόντων
1569 1504 1746 1542 πολιτείαν
1768 1503 1892 1550 καινὴν
1912 1503 1971 1541 καὶ
1993 1502 2153 1554 μαθητὰς
2170 1502 2372 1555 ἐσχηκότων
2385 1531 2396 1550 ,

1369 1563 1510 1602 ἐκείνων
1535 1564 1599 1616 μὲν
1619 1565 1697 1603 οὐδὲ
1726 1565 1879 1616 τοῦνομα
1901 1565 2007 1618 μέχρι
2031 1563 2185 1616 τήμερόν
2204 1566 2280 1603 ἐστι
2302 1564 2396 1616 γνώ·

1371 1641 1493 1676 ριμον,
1511 1620 1609 1670 οὗτος
1637 1626 1672 1665 δὲ
1692 1632 1875 1680 πανταχοῦ
1899 1631 1961 1675 τῆς
1979 1626 2186 1677 οἰκουμένης
2205 1624 2396 1678 θεραπεύε-

1368 1700 1450 1733 ται;
1473 1687 1532 1726 Τὰ
1562 1687 1630 1740 γὰρ
1661 1689 1855 1741 πράγματα
1888 1690 1959 1728 ἀπὸ
1988 1689 2204 1740 συγκρίσεως
2239 1687 2395 1739 μάλιστα

1369 1748 1542 1800 φαίνεται.
1561 1749 1777 1802 Ι’ὶῖύγκρινον
1809 1751 1943 1799 τοίνυν,
1961 1743 1991 1788 ὦ
2013 1750 2184 1797 Ἰουδαῑε,
2213 1748 2275 1788 καὶ
2305 1748 2395 1799 μάθε

1367 1813 1430 1857 τῆς
1460 1811 1624 1858 ἀληθείας
1654 1811 1717 1859 τὴν
1749 1813 1942 1865 ὑπεροχήν.
1968 1812 2034 1856 Τίς
2061 1811 2191 1855 πλάνος
2222 1810 2395 1853 τοσαύτας

1367 1875 1550 1924 πανταχοῦ
1576 1875 1638 1918 τῆς
1668 1873 1872 1924 οἰκουμένης
1892 1872 2108 1921 Ἐκκλησίας
2127 1872 2317 1920 ἐκτήσατο,
2335 1872 2395 1910 καὶ

1368 1934 1438 1972 ἀπὸ
1457 1934 1619 1986 περάτων
1638 1938 1700 1981 τῆς
1718 1935 1924 1986 οἰκουμένης
1938 1937 1986 1980 εἷς
2001 1935 2138 1988 πέρατα
2153 1935 2215 1983 τήν
2228 1952 2270 1975 τε
2288 1937 2395 1975 αὐτοῦ

1367 1995 1555 2046 θεραπείαν
1568 1995 1725 2043 ἐξέτεινε,
1739 1997 1798 2035 καὶ
1810 1997 1944 2041 πάντας
1957 1997 2221 2041 ὑποκύπτοντας
2230 1997 2393 2051 ἔσχε,καὶ

1367 2059 1476 2094 ταῦτα
1488 2057 1619 2109 μυρίων
1633 2058 1740 2096 ὄντων
1751 2061 1821 2096 τῶν
1837 2057 2042 2097 κωλυόντων
2053 2075 2063 2105 ;
2073 2061 2150 2097 Οὐκ
2164 2059 2257 2098 ἔστιν
2270 2059 2391 2105 οὐδείς.

1366 2120 1506 2157 Οὐκοῦν
1520 2119 1701 2169 δῆλον,ὅτι
1716 2122 1734 2158 ὁ
1750 2120 1900 2172 Χριστὸς
1912 2120 1991 2173 οὐχὶ
2007 2120 2137 2165 πλάνος
2151 2114 2208 2167 ἦν,
2222 2122 2312 2161 ἀλλὰ
2325 2137 2391 2161 σω-

1365 2178 1445 2231 τὴρ,
1458 2180 1518 2218 καὶ
1534 2181 1736 2233 εὐεργέτης,
1755 2181 1815 2219 καὶ
1833 2181 2012 2232 κηδεμιὶιν,
2027 2182 2086 2220 καὶ
2109 2182 2311 2234 προστάτης
2328 2185 2391 2230 τῆς

1365 2243 1454 2286 ζωῆς
1475 2244 1537 2288 τῆς
1555 2242 1745 2294 ἡμετέρας.
1765 2243 1860 2282 Μίαν
1877 2242 1927 2281 ἔτι
1942 2243 2136 2296 πρόῤῥησιν
2146 2244 2320 2296 προσθεὶς,
2333 2245 2391 2283 ἐπὶ

1364 2303 1404 2340 τὸ
1422 2303 1651 2355 προκείμενον
1673 2305 1876 2355 βαδιοῦμαι.
1888 2305 1966 2343 Οὖκ
1980 2298 2083 2351 ἦλθον
2102 2305 2222 2356 βαλεῖν
2237 2306 2390 2357 εἰρήνην,

1365 2364 1469 2416 φησὶν
1484 2393 1493 2408 ,
1509 2365 1567 2404 ἐπὶ
1585 2365 1649 2412 τὴν
1668 2367 1749 2416 γῆν,
1772 2366 1863 2405 ἀλλὰ
1884 2366 2082 2419 μάχαιραν·
2099 2367 2137 2405 οὐ
2162 2365 2227 2413 τὴν
2245 2365 2390 2419 γνώμην

1364 2424 1428 2471 τὴν
1458 2427 1581 2465 ἑαυτοῦ
1609 2426 1744 2478 λέγων,
1762 2427 1852 2466 ἀλλὰ
1871 2428 1911 2465 τὸ
1930 2427 2028 2471 τέλος
2055 2429 2126 2465 τῶν
2157 2426 2390 2466 ἔκὸαινόντων

1363 2488 1596 2539 πραγμάτων.
1616 2481 1750 2527 ’Ἦλθον
1779 2489 1847 2542 γὰρ
1879 2489 2048 2541 διχάσαι,
2069 2489 2192 2540 φησὶν,
2209 2489 2389 2543 ἄνθρωπον

1364 2548 1454 2586 κατὰ
1478 2554 1538 2588 τοῦ
1566 2549 1697 2602 πατρὸς
1730 2551 1850 2595 αὐτοῦ,
1878 2550 1938 2588 καὶ
1957 2549 2094 2601 νύμφην
2114 2550 2204 2588 κατὰ
2221 2551 2284 2597 τῆς
2303 2564 2389 2589 πεν-

1364 2612 1465 2660 θερᾶς
1481 2611 1606 2658 αὖτ’ἧς,
1625 2611 1685 2649 καὶ
1710 2611 1882 2664 θυγατέρα
1908 2611 1999 2649 κατὰ
2024 2613 2088 2657 τῆς
2111 2611 2242 2664 μητρὸς
2265 2612 2386 2657 αὐτῆς.

1364 2672 1477 2711 Πόθεν
1499 2677 1608 2712 ταῦτα
1636 2680 1817 2726 προεῖπεν,
1834 2673 1911 2712 εἶπέ
1930 2689 2009 2722 μοι,
2033 2673 2065 2711 εί
2081 2689 2120 2724 γε
2137 2673 2237 2725 ψιλὸς
2255 2673 2386 2726 ἄνθρω-

1362 2749 1424 2776 πος
1444 2728 1488 2780 ἧν
1508 2734 1567 2772 καὶ
1586 2737 1654 2773 τῶν
1685 2735 1824 2773 πολλῶν
1850 2728 1920 2781 εἶς;
1941 2732 1992 2773 ⁸0
2011 2734 2078 2786 γὰρ
2104 2733 2198 2785 λέγει
2232 2735 2387 2773 τοιοῦτόν

1363 2794 1470 2831 ἐστιν·
1489 2793 1609 2840 ἐπειδὴ
1631 2795 1830 2833 συνέὸαινεν
1858 2797 1892 2832 ἐν
1921 2795 2014 2848 οἰκία
2036 2801 2100 2846 μιᾷ
2128 2795 2187 2834 τὸν
2206 2794 2270 2845 μὲν
2300 2788 2387 2833 εἶναι

1362 2856 1485 2894 πιστὸν
1499 2885 1508 2903 ,
1527 2855 1584 2893 τὸν
1605 2855 1640 2893 ’δὲ
1662 2856 1827 2903 ἄπιστον,
1850 2850 1924 2895 εἶτα
1956 2857 2014 2894 τὸν
2038 2856 2175 2907 πατέρα
2201 2856 2387 2907 βούλεσθαι

1363 2915 1476 2954 ξ’λκειν
1497 2917 1554 2955 ἐπὶ
1580 2916 1644 2963 τὴν
1677 2916 1840 2956 &effluam
1861 2917 1918 2955 τὸν
1945 2917 2017 2956 υἱὸν
2038 2917 2097 2955 τὸν
2121 2919 2264 2964 ἑαυτοῦ,
2285 2918 2388 2955 τοῦτο

1363 2978 1446 3016 αὐτὸ
1483 2978 1682 3031 προλέγων,
1715 2978 1840 3030 φησίν·
1861 2978 1951 3016 οὔτι.)
1982 2979 2150 3031 κρατήσει
2178 2982 2238 3018 τοῦ
2273 2978 2384 3030 κηρύ-

1362 3051 1494 3089 γματος
1508 3043 1529 3086 ἡ
1550 3039 1707 3090 δύναμις,
1724 3043 1770 3082 ὡς
1789 3040 1849 3078 καὶ
1868 3040 2030 3092 πατέρων
2048 3040 2175 3084 παῖδας
2195 3042 2382 3092 ὑπερορᾳν,

1362 3100 1421 3138 καὶ
1457 3100 1616 3151 μητέρων
1650 3101 1841 3152 θυγατέρας
1856 3131 1866 3146 ,
1896 3102 1954 3139 καὶ
1990 3106 2100 3152 γονεῖς
2138 3100 2285 3139 παίδων.
2319 3103 2386 3138 Αἱ-

1363 3161 1526 3210 ρῆσονται
1543 3161 1610 3212 γὰρ
1636 3162 1714 3214 οὐχὶ
1740 3165 1809 3200 τῶν
1837 3163 1972 3200 οἰκείων
2008 3166 2237 3214 καταφρονεῖν
2263 3160 2384 3212 μόνον.

1360 3223 1449 3260 ἀλλὰ
1487 3223 1544 3261 καὶ
1580 3224 1641 3269 τὴν
1678 3223 1795 3275 ψυχὴν
1839 3224 2012 3262 ἐπιδοῦναι
2049 3224 2110 3270 τὴν
2143 3225 2273 3261 ἑαυτῶν
2288 3252 2297 3270 ,
2324 3224 2384 3261 καὶ

1370 3371 1420 3396 tus
1438 3373 1483 3396 est
1507 3366 1686 3407 luterpres.

2500 3539 2513 3582 ι’-
2499 3421 2513 3528 ΜΛΔ
