2513 3871
381 221 476 282 476

377 318 442 356 luti
455 319 521 358 vix
533 318 757 357 sufficientes.
771 318 847 357 Hoc
861 318 917 356 vel
930 303 1005 356 tine
1017 318 1163 367 fateare,
1179 319 1243 370 qui
1255 332 1330 358 ma·

378 379 475 417 xime
491 378 650 431 omnium
669 377 837 416 amicitiae
855 392 960 417 causa
979 378 1075 417 mala
1093 387 1213 417 nostra
1230 380 1331 419 obte-

813 236 852 266 S.
890 235 1077 267 Jofflms
1111 236 1354 268 cttanosT.
1394 239 1603 272 anemae.
1641 242 2000 275 CONSTANTINOP-

1386 323 1456 360 ’ὅτι
1498 324 1622 376 νωθροὶ
1653 326 1713 364 καὶ
1746 326 1950 378 παρειμένοι
1984 327 2044 364 καὶ
2079 327 2164 378 πρὸς
2197 329 2259 374 τὴν
2294 330 2426 368 ἑαυτῶν

1402 383 1505 433 μόλις
1527 387 1715 436 ἀρκοῦντες
1740 387 1940 439 σωτηρίαν,
1968 387 2028 425 καὶ
2054 387 2156 431 αὐτὸς
2181 388 2222 425 ἂν
2249 390 2425 441 ὁμολογή-

379 453 461 490 gere
475 439 693 477 conaris.Ne
707 438 796 476 mihi
813 438 907 477 enim
921 438 981 477 hic
991 439 1171 491 jejunium
1186 439 1330 492 alleges,
1355 454 1380 484 c
1401 458 1510 491 σειας,
1529 447 1548 482 ὁ
1569 445 1725 496 μάλιστα
1752 447 1895 486 πάντων
1921 447 1966 486 τὸ
1984 448 2141 501 ἡμέτερα
2163 449 2221 487 διὰ
2246 448 2287 487 τὸ
2315 451 2426 502 φιλεῖν

375 500 431 538 vel
452 499 620 552 vigilias,
638 500 693 538 vel
715 499 819 538 humi
839 499 1084 548 cubationem,
1102 509 1136 539 et
1155 500 1330 553 reliquam

374 561 532 614 eorporis
549 562 822 600 macerationem
839 575 939 599 :nam
953 570 1126 612 quantum
1137 562 1184 601 ab
1196 562 1253 601 bis
1261 564 1330 602 vir·

374 622 512 660 tutibus
541 622 702 661 absimus
730 636 800 660 non
829 622 986 674 ignoras,
1018 622 1171 662 Etiamsi
1204 637 1289 662 vero
1308 639 1328 662 a

374 683 477 722 nobis
495 693 658 723 accurate
676 683 939 730 excolerentur,
956 683 1048 722 nihil
1065 683 1140 723 haec
1154 698 1218 723 nos
1234 695 1328 724 tanta

374 743 486 783 animi
519 743 668 796 segnitie
693 744 866 797 praeditos
892 744 937 783 ad
970 744 1061 783 hanc
1081 745 1329 797 praefecturam

371 805 553 857 juvarent.
572 805 714 843 Homini
728 806 863 858 quippe
882 805 918 843 in
937 805 1155 845 domuncula
1171 807 1328 858 quadam

377 865 516 904 incluso
542 874 576 904 et
600 879 662 904 sua
691 866 806 905 solum
827 866 968 904 curanti
991 866 1065 905 haec
1085 881 1250 918 magnam
1271 869 1329 906 af-

377 927 510 965 ferrent
529 927 742 972 utilitatem3
763 926 824 965 sed
844 926 880 965 in
901 936 1035 966 tantam
1057 928 1328 968 multitudinem

375 988 503 1034 scisso,
518 998 553 1027 et
568 989 743 1041 cujusque
757 988 984 1027 subditorum
1001 989 1213 1042 peculiarem
1231 991 1329 1029 solli·

376 1048 573 1087 citudinem
593 1049 745 1101 gerenti,
762 1049 851 1101 quid
871 1050 906 1088 id
925 1050 1014 1088 lueri
1034 1051 1159 1088 asserat
1182 1051 1227 1089 ad
1242 1051 1328 1090 illo·

378 1125 458 1149 rum
477 1111 688 1163 profectum,
705 1111 773 1149 nisi
790 1111 951 1149 animum
969 1111 1110 1149 virilem
1125 1125 1167 1149 ac
1180 1112 1332 1151 sot-tissi*
1353 1125 1378 1155 1)

194 1175 365 1204 impr-¹²¹
378 1185 476 1209 mum
507 1171 697 1209 obtineat?
727 1172 852 1222 Neque
885 1171 1027 1209 mireris
1057 1172 1086 1209 si
1120 1186 1201 1210 cum
1234 1181 1329 1211 tanta

173 1218 324 1243 numinen-

174 1264 244 1284 nam
306 1255 360 1283 alia

167 1300 295 1335 requiri.

177 2462 288 2489 lle-tm.
308 2461 335 2490 5.

174 2511 208 2530 ²1
221 2523 227 2530 ι

377 1232 561 1270 tolerantia
582 1232 735 1269 alterum
763 1231 905 1283 postulo
929 1232 1030 1270 sortis
1050 1232 1160 1269 animi
1181 1233 1331 1285 experi-

375 1301 547 1332 mentum.
574 1293 664 1330 Nam
679 1291 873 1329 delicatum
890 1292 1027 1341 cibum,
1045 1301 1182 1344 potum,
1199 1292 1330 1331 lectum

373 1353 569 1406 despicere,
592 1352 716 1391 multis
740 1352 845 1391 facile
863 1367 937 1391 esse
958 1353 1121 1391 videmus
1143 1370 1151 1391 :
1176 1355 1332 1393 maxime

373 1428 457 1452 vero
485 1413 528 1451 iis
543 1444 553 1459 ,
583 1413 644 1465 qui
663 1422 790 1452 natura
815 1413 1025 1465 agrestiores
1046 1423 1080 1452 et
1095 1428 1114 1452 a
1131 1415 1261 1454 teneris
1280 1415 1331 1454 sic

373 1474 511 1513 educati
534 1484 630 1521 sunt,
652 1489 694 1512 ac
712 1474 837 1512 multis
855 1475 938 1512 item
955 1474 1036 1512 aliis
1056 1476 1216 1528 corporis
1235 1485 1329 1515 tem-

373 1546 577 1590 peramento
588 1545 695 1587 atque
706 1535 961 1574 consuetudine
974 1536 1137 1575 laborum
1147 1537 1331 1589 hujusmo-

371 1597 409 1636 di
430 1600 657 1651 asperitatem
671 1597 930 1649 mitigantibus.
948 1599 994 1635 At
1012 1598 1243 1646 contumelia,
1265 1599 1330 1637 da·

374 1674 511 1706 ninum,
520 1659 708 1698 molestum
718 1658 881 1707 verbum,
889 1658 1037 1697 dicteria
1047 1659 1092 1697 ab
1102 1660 1332 1698 inferioribus

374 1730 450 1759 tum
467 1729 610 1768 temere,
633 1729 709 1758 tum
729 1718 763 1757 in
785 1718 863 1772 ipso
878 1718 1018 1770 judicio
1037 1720 1191 1772 prolata,
1210 1721 1330 1772 qucri-

374 1781 510 1819 monias
527 1782 658 1819 frustra
675 1789 709 1818 et
728 1789 859 1818 temere
876 1788 952 1817 tum
969 1794 992 1817 a
1009 1781 1234 1833 principibus
1254 1791 1329 1820 tum

374 1857 392 1879 a
408 1842 562 1880 subditis
586 1841 737 1886 oblatas,
758 1855 828 1878 non
849 1840 952 1878 multi
973 1841 1063 1879 ferre
1078 1852 1247 1894 possunt,
1267 1843 1331 1882 sed

375 1918 467 1941 unus
483 1903 630 1942 sortasse
646 1902 700 1939 vel
714 1902 817 1940 alter.
832 1901 1036 1953 Videreque
1046 1912 1095 1940 est
1112 1903 1218 1942 etiam
1235 1904 1331 1942 viros

374 1965 481 2003 fortes
507 1963 555 2002 ad
584 1963 660 2002 liaec
679 1963 728 2001 ita
756 1977 817 2001 ceu
845 1963 1019 2014 vertigine
1043 1973 1186 2016 captos,
1215 1974 1254 2003 ut
1273 1965 1331 2003 vel

376 2025 644 2064 immanissimis
670 2024 801 2062 belluis
818 2025 928 2062 serius
954 2035 1210 2078 exasperentur
1233 2043 1240 2064 :
1268 2027 1331 2066 lios

375 2101 460 2125 vero
470 2086 630 2125 maxime
643 2101 660 2125 a
676 2086 862 2124 sacerdotii
873 2088 983 2139 septis
997 2101 1169 2126 arcemus.
1183 2088 1332 2127 Antisti-

376 2157 444 2185 tem
463 2147 598 2199 quippe
611 2162 672 2185 nec
690 2146 807 2185 inedia
826 2147 1009 2194 afflictari,
1034 2162 1096 2186 nec
1111 2148 1217 2186 nudis
1233 2148 1331 2201 pedi-

375 2209 442 2246 hus
459 2208 630 2252 incedere.
647 2206 683 2245 id
700 2221 783 2245 sane
797 2207 964 2245 Ecclesia·
979 2208 1083 2246 coetui
1099 2208 1189 2247 nihil
1207 2210 1330 2249 asseret

374 2268 578 2306 detrimenti
596 2284 604 2305 :
621 2269 720 2306 furor
734 2277 852 2307 autem
869 2268 978 2307 animi
993 2279 1027 2308 et
1049 2270 1101 2308 illi
1117 2279 1149 2308 et
1165 2271 1330 2324 proximo

375 2343 521 2380 magnas
537 2329 630 2381 parit
645 2329 874 2368 calamitates.
896 2332 1010 2382 Atque
1028 2331 1070 2369 iis
1086 2332 1248 2383 quidem,
1266 2334 1330 2384 qui

374 2404 482 2442 supra
499 2390 592 2428 dicta
607 2404 674 2427 non
693 2399 874 2443 praestant,
891 2392 989 2430 nulla
1006 2407 1026 2430 a
1045 2393 1120 2431 Deo
1135 2394 1330 2434 commina-

376 2449 426 2486 tio
444 2463 452 2486 :
470 2459 505 2488 at
521 2459 651 2488 temere
669 2450 1009 2490 excandescentibus
1029 2462 1062 2491 ct
1081 2453 1278 2505 geliennam
1295 2465 1330 2493 et

374 2510 540 2560 gehennae
558 2511 675 2562 ignem
690 2514 786 2550 Deus
806 2513 1044 2552 comminatus
1059 2524 1124 2553 cst.
1145 2516 1330 2562 Quemad-

376 2571 521 2610 modum
539 2572 649 2623 igitur
665 2586 765 2611 vanae
781 2573 902 2625 gloria:
915 2575 1086 2627 cupidus,
1102 2590 1185 2614 cum
1202 2577 1332 2615 multo·

1342 2618 1392 2643 ³90

1403 505 1569 556 κρύπτειν
1588 507 1794 552 σπουδάζων
1814 508 1922 547 κακά.
1940 508 1999 555 Μὴ
2018 509 2088 560 γάρ
2109 525 2168 560 μοι
2187 509 2350 557 νηστείαν
2367 512 2427 549 ἐν·

1401 569 1511 605 ταῦθα
1532 566 1654 619 εἴπῃς,
1682 568 1771 618 μηδὲ
1792 569 2006 620 ἀγρυπνίαν,
2026 570 2115 620 μηδὲ
2130 571 2326 623 χαμευνίαν
2340 601 2350 617 ,
2369 570 2430 610 καὶ

1402 627 1466 674 τὴν
1482 627 1611 676 λοιπὴν
1634 632 1695 668 τοῦ
1714 628 1878 679 σώματος
1903 630 2195 682 σκληραγωγίαν·
2215 631 2276 670 καὶ
2296 631 2429 671 τούτων

1402 688 1466 738 μὲν
1490 688 1559 740 γὰρ
1583 690 1663 728 ὅσον
1690 689 1871 742 ἀπέχομεν
1899 684 2008 736 οἶδας.
2034 692 2079 730 Εἰ
2103 691 2139 730 δὲ
2164 691 2225 730 καὶ
2247 693 2297 737 εἷς
2328 692 2428 746 ἀκρί·

1399 748 1496 788 ὅειαν
1517 753 1602 799 ἡμῖν
1623 749 1857 802 κατώρθωτο,
1877 751 1955 791 οὐδὲ
1977 750 2087 796 οὕτως
2110 751 2201 802 μετὰ
2216 753 2280 798 τῆς
2296 754 2428 805 παρού-

1400 826 1465 855 σης
1483 811 1699 862 νωθρότητος
1722 813 1864 865 ἴσχυσεν
1892 813 1934 851 ἄν
1956 829 1991 851 τι
2020 813 2105 866 πρὸς
2129 813 2194 861 τὴν
2218 814 2430 854 ἐπιστασίαν

1399 875 1493 922 ἡμᾶς
1513 875 1624 911 ταῦτα
1639 873 1822 925 ὠφελῆσαι
1838 874 1986 921 ἐκείνην.
2001 874 2190 928 Ἀνθρώπῳ
2208 875 2273 925 μὲν
2290 875 2361 929 γὰρ
2380 878 2428 920 εἰς

1400 934 1555 972 οἰκίσκον
1583 934 1662 973 τινὰ
1688 935 1997 982 κατακλεισθέντι,
2028 936 2088 975 καὶ
2122 936 2167 975 τὰ
2195 939 2301 976 αὑτοῦ
2326 953 2427 990 μερι-

1400 997 1531 1045 μνῶντι
1554 995 1672 1045 μόνον,
1694 996 1829 1043 πολλὴν
1843 996 1884 1034 ἂν
1910 1001 2021 1035 ταῦτα
2046 997 2226 1050 παράσχοι
2253 997 2318 1044 τὴν
2342 998 2428 1050 ὠφέ-

1400 1056 1518 1094 λειαν·
1539 1058 1586 1099 εἰς
1606 1056 1641 1095 δὲ
1671 1061 1834 1095 τοσοῦτον
1865 1058 2063 1110 σχιζομένῳ
2086 1061 2240 1106 πλῆθος,
2264 1058 2325 1098 καὶ
2347 1061 2426 1098 καθ’

1401 1115 1546 1154 ἕκαστον
1576 1119 1646 1154 τῶν
1667 1117 1873 1169 ἀρχομένων
1892 1118 1979 1162 ἰδίας
1999 1119 2207 1171 κεκτημένῳ
2222 1119 2427 1172 φροντίδας,

1400 1176 1435 1214 τί
1467 1176 1598 1215 δύναιτ’
1621 1178 1664 1215 ἂν
1681 1179 1766 1230 πρὸς
1785 1178 1850 1224 τὴν
1879 1179 2020 1217 ἐκείνων
2047 1182 2201 1219 ἐπίδοσιν
2228 1181 2427 1226 ἀξιόπιστον

1401 1236 1666 1286 συμὸάλλεσθαι
1701 1238 1820 1290 κέρδος
1834 1269 1844 1288 ,
1876 1239 1935 1278 ἐὰν
1970 1240 2020 1290 μὴ
2048 1241 2163 1293 ψυχὴν
2196 1242 2332 1280 εὔτονον
2367 1243 2428 1281 καὶ

1401 1298 1636 1349 ἰσχυροτάτην
1653 1298 1744 1350 ἔχων
1765 1298 1854 1351 τύχῃ
1873 1316 1882 1346 ;
1899 1301 1968 1339 Καὶ
1988 1300 2038 1351 μὴ
2055 1302 2260 1353 θαυμάσῃς,
2277 1304 2306 1341 εἶ
2321 1302 2430 1352 ’μετὰ

1401 1357 1574 1405 τοσαύτης
1595 1360 1784 1411 καρτερίας
1803 1361 1924 1413 ἑτέραν
1946 1362 2098 1412 βάσανον
2124 1365 2219 1409 ζητῶ
2236 1365 2299 1409 τῆς
2329 1365 2365 1402 ἐν
2384 1366 2428 1415 τῇ

1402 1421 1499 1471 ψυχῇ
1519 1420 1691 1472 ἀνδρείας.
1714 1421 1768 1460 Τὸ
1795 1421 1859 1472 μὲν
1893 1422 1960 1475 γὰρ
1991 1423 2096 1462 σίτων
2125 1423 2186 1462 καὶ
2211 1426 2328 1462 ποτῶν
2365 1425 2427 1463 καὶ

1402 1484 1591 1532 στρωμνῆς
1621 1488 1856 1534 καταφρονεῖν
1874 1484 2032 1531 ἁπαλῆς,
2054 1485 2197 1530 πολλοῖς
2222 1485 2299 1526 οὐδὲ
2327 1486 2428 1539 ἔργον

1401 1545 1538 1595 ὁρῶμεν
1557 1541 1593 1581 ὂν
1607 1572 1617 1590 ,
1634 1543 1694 1580 καὶ
1714 1544 1871 1594 μάλιστά
1891 1560 1931 1594 γε
1950 1552 2020 1590 τοῖς
2040 1546 2284 1600 ἀγροικότερον
2301 1548 2431 1587 διακει-

1404 1603 1537 1653 μένοις,
1557 1601 1616 1640 καὶ
1638 1601 1747 1647 οὕτως
1775 1604 1815 1641 ἐκ
1837 1602 1980 1655 πρώτης
2007 1611 2169 1657 τραφεῖσι
2187 1608 2250 1652 τῆς
2268 1605 2430 1655 ἡλικίας,

1402 1664 1462 1702 καὶ
1489 1665 1630 1707 πολλοῖς
1656 1663 1691 1702 δὲ
1713 1663 1862 1717 ἑτέροις,
1881 1667 1944 1711 τῆς
1963 1681 2001 1704 τε
2035 1670 2096 1705 τοῦ
2122 1666 2285 1717 σώματος
2313 1683 2429 1707 κατα-

1402 1728 1529 1771 σκευῆς
1577 1725 1638 1763 καὶ
1681 1728 1744 1771 τῆς
1789 1726 1971 1772 συνηθείας
2022 1726 2314 1779 ἐξευμαριζούσης
2362 1728 2430 1775 τὴν

1401 1786 1438 1823 ἐν
1478 1785 1620 1829 ἐκείνοις
1653 1791 1724 1830 τοῖς
1756 1787 1874 1829 πόνοις
1905 1787 2109 1839 τραχύτητα
2129 1803 2138 1811 ·
2172 1788 2271 1841 ὔὸριν
2291 1788 2429 1837 &haul

1403 1846 1570 1898 ἐπήρειαν
1607 1847 1667 1885 καὶ
1700 1847 1801 1898 λόγον
1844 1849 2006 1899 φορτικὸν
2020 1878 2030 1895 ,
2052 1848 2112 1886 καὶ
2149 1848 2193 1887 τὰ
2228 1849 2325 1901 παρὰ
2360 1854 2430 1889 τῶν

1355 1918 1379 1948 E
1400 1909 1596 1947 ἐλαττόνων
1642 1907 1864 1959 σκώμματα,
1898 1909 1941 1947 τά
1971 1924 2010 1947 τε
2066 1911 2186 1954 ἁπλῶς
2221 1911 2281 1956 καὶ
2316 1910 2360 1950 τὰ
2394 1913 2429 1950 ἐν

1403 1970 1482 2022 δίκῃ
1516 1969 1708 2020 λεγόμενα,
1737 1970 1796 2008 καὶ
1826 1970 1978 2023 μέμψεις
2018 1971 2081 2015 τὰς
2114 1973 2190 2023 εἰκῇ
2226 1973 2285 2011 καὶ
2312 1974 2430 2024 μάτην

1401 2030 1500 2083 παρὰ
1547 2033 1615 2069 τῶν
1664 2031 1846 2083 ἀρχόντων
1894 2033 1953 2070 καὶ
1987 2032 2084 2086 παρὰ
2121 2035 2191 2071 τῶν
2224 2034 2430 2087 ἀρχομένων

1400 2093 1606 2144 γινομένας,
1648 2094 1686 2130 οὐ
1721 2096 1789 2131 τῶν
1828 2095 1967 2132 πολλῶν
2008 2096 2161 2146 ἐνεγκεῖν
2177 2124 2187 2141 ,
2231 2097 2310 2133 ἀλλ’
2356 2096 2431 2140 ἑνός

1400 2169 1468 2192 που
1497 2154 1557 2192 καὶ
1586 2154 1746 2206 δευτέρου
1762 2169 1770 2177 ·
1792 2154 1850 2192 καὶ
1875 2154 1941 2192 ἴδοι
1977 2170 2029 2198 τις
2056 2155 2096 2193 ἂν
2123 2155 2202 2199 τοὺς
2218 2157 2253 2194 ἐν
2287 2156 2431 2202 ἐκείνοις

1401 2215 1563 2267 ἰσχυροὺς
1595 2215 1681 2266 πρὸς
1708 2219 1820 2254 ταῦτα
1847 2214 1956 2258 οὕτως
1981 2217 2225 2266 ἰλιγγιῶντας,
2259 2219 2306 2261 ὡς
2340 2219 2430 2268 μᾶλ·

1399 2277 1459 2314 λον
1489 2278 1557 2314 τῶν
1588 2275 1853 2328 χαλεπωτάτων
1881 2276 2074 2328 ἀγριαίνειν
2105 2277 2247 2329 θηρίων.
2276 2277 2368 2322 Τοὺς
2395 2278 2430 2318 ὃ)

1400 2336 1575 2381 τοιούτους
1612 2337 1770 2387 μάλιστα
1794 2339 1863 2375 τῶν
1894 2342 1958 2383 τῆς
1992 2339 2184 2390 ἱερωσύνης
2222 2338 2431 2391 ἀπείρξομεν

1402 2399 1615 2451 περιὸόλων.
1647 2399 1701 2438 Τὸ
1724 2398 1786 2449 μὲν
1806 2398 1874 2450 γὰρ
1894 2399 1984 2450 μήτε
2003 2401 2088 2453 πρὸς
2111 2400 2156 2438 τὰ
2175 2406 2256 2439 σῖτα
2272 2401 2433 2453 ἀπηγχο·

1401 2460 1537 2507 νίσθαι,
1556 2460 1645 2510 μήτε
1674 2460 1883 2499 ἀνυπόδετον
1911 2454 1999 2499 εἶναι
2017 2462 2075 2500 τὸν
2093 2463 2317 2512 προεστῶτα,
2333 2461 2432 2500 οὐδὲν

1403 2521 1443 2559 ἂν
1461 2521 1605 2574 βλάψειε
1626 2521 1665 2559 τὸ
1688 2522 1801 2560 κοινὸν
1822 2521 2248 2573 τῆς’ῖ·ἶκκλησίας·θυμ“ος
2261 2521 2297 2561 δὶ
2312 2521 2431 2574 ἄγριος

1402 2582 1450 2625 είς
1468 2597 1504 2620 τε
1525 2583 1582 2620 τὸν
1620 2582 1834 2633 κεκτημένον
1847 2613 1856 2630 ,
1878 2582 1926 2626 εἴς
1944 2599 1982 2621 τε
2002 2582 2082 2627 τοὺς
2106 2582 2255 2630 πλησίον
2275 2582 2431 2634 μεγάλας

376 2647 455 2670 rum
487 2634 734 2685 praefecturam
765 2633 861 2681 adit,
893 2637 1063 2687 majorem
1092 2637 1165 2688 igni
1198 2637 1330 2690 praebet
1355 2657 1380 2685 Δ
1401 2643 1586 2695 ἐργάζεται
1607 2643 1800 2695 συμφοράς.
1821 2643 1890 2682 Καὶ
1910 2649 1980 2687 τοῖς
2000 2643 2063 2693 μὲν
2093 2645 2208 2682 ἐκεῖνα
2235 2643 2285 2695 μὴ
2310 2649 2431 2684 ποιοῦ·

377 2695 576 2739 materiam,
597 2694 646 2732 sic
660 2703 694 2732 et
713 2695 774 2746 qui
791 2709 854 2734 nec
867 2696 962 2748 apud
979 2711 1028 2745 se,
1044 2698 1155 2736 necin
1171 2698 1331 2736 familia-

376 2754 475 2791 ribus
490 2769 684 2806 paucorum
695 2756 885 2807 colloquiis
898 2757 987 2796 iram
1003 2759 1183 2797 continere
1199 2760 1332 2811 nequit,

377 2814 436 2852 scd
453 2816 554 2853 facilc
564 2816 803 2865 excandescit,
812 2818 895 2856 huic
907 2819 935 2857 si
950 2820 1135 2872 popularis
1146 2821 1331 2873 magistra-

377 2883 434 2912 tus
453 2877 628 2922 tradatur‚
647 2892 709 2915 ccu
726 2879 798 2916 sera
813 2878 975 2930 qua-dam
992 2893 1010 2917 a
1031 2880 1154 2918 multis
1169 2881 1332 2932 undique

376 2935 620 2979 exstimulata.
648 2952 710 2976 nec
721 2938 842 2989 quieto
859 2953 1028 2990 umquam
1043 2941 1163 2980 animo
1178 2956 1252 2981 esse
1268 2957 1330 2994 po-

380 3004 456 3042 test,
474 2997 688 3049 insuperque
703 3000 894 3038 commisso
910 3001 978 3039 sibi
994 3002 1129 3054 populo
1146 3003 1330 3042 innumera

379 3067 544 3107 procurat
558 3059 663 3098 mala.
683 3060 783 3098 Nihil
797 3061 892 3100 enim
908 3062 959 3100 sic
976 3063 1107 3113 ingenii
1124 3064 1330 3116 puritatem,

380 3117 576 3168 mentisque
587 3119 696 3157 aciem
708 3121 892 3167 obturbat,
909 3132 947 3161 ut
960 3123 1010 3161 ira
1024 3124 1237 3173 inordinata,
1253 3140 1331 3177 qum

183 3192 271 3220 pm...
298 3191 345 3220 .5,
382 3178 494 3215 inulto
507 3179 616 3217 fertur
630 3180 777 3232 impetu.
797 3185 863 3221 Im
873 3183 983 3231 enim,
999 3185 1114 3236 inquit
1130 3185 1201 3234 ille,
1213 3190 1331 3225 etiam

181 3323 236 3341 tam

205 3255 263 3309 4ι’..
287 3273 365 3301 munt

381 3239 585 3287 prudentes
604 3242 743 3291 perdit.
770 3244 858 3280 Nam
878 3245 1183 3294 quemadmodum
1205 3247 1239 3286 in
1262 3263 1328 3286 no-

275 3325 366 3342 ‚mm
384 3305 508 3333 cturno
524 3299 645 3348 pra-lio
658 3300 904 3340 obtenebratus
918 3306 1044 3343 mentis
1058 3307 1184 3345 oculus
1197 3309 1329 3347 amicus

179 3363 284 3383 mrntn

426 3429 438 3443 n
463 3420 561 3452 basil.
578 3429 608 3451 et
623 3421 757 3463 quidam
774 3424 847 3455 Ὶα.
865 3433 945 3466 μετὰ
964 3432 1107 3461 twa->rm
1133 3437 1308 3465 masmim.

1402 2719 1456 2741 σιν
1493 2703 1639 2753 οὐδεμία
1675 2703 1804 2749 ἀπειλὴ
1828 2703 1926 2755 παρὰ
1954 2708 2014 2742 τοῦ
2033 2707 2125 2743 Θεοῦ
2146 2710 2279 2751 κεῖται,
2295 2711 2366 2749 τοῖς
2395 2706 2430 2744 δὲ

1403 2764 1523 2807 ἁπλῶς
1571 2764 1807 2815 ὀργιζομένοις
1849 2764 1970 2814 γέεννα
2016 2765 2075 2802 καὶ
2122 2766 2162 2803 τὸ
2196 2767 2258 2811 τῆς
2291 2764 2432 2817 γεέννης

1402 2825 1593 2872 ἠπείληται
1616 2828 1696 2875 πῦρ.
1721 2824 1862 2877 Ὥσπερ
1878 2818 1935 2862 οὖν
1955 2828 1973 2863 ὁ
1992 2826 2090 2872 δόξης
2106 2828 2193 2877 ἐρῶν
2212 2828 2333 2875 κενῆς,
2347 2827 2432 2866 ὅταν

1402 2889 1464 2933 τῆς
1502 2889 1571 2924 τῶν
1607 2887 1747 2924 πολλῶν
1791 2887 1904 2937 ἀρχῆς
1933 2886 2168 2933 ἐπιλάόηται,
2201 2887 2343 2938 μείζονα
2382 2891 2433 2941 τῷ

1404 2947 1489 2999 πυρὶ
1516 2947 1666 2999 παρέχει
1683 2947 1746 2993 τὴν
1767 2946 1871 2993 ὕλην,
1891 2946 1997 2990 οὕτως
2030 2950 2048 2985 ὁ
2064 2949 2141 2986 καθ’
2164 2949 2286 2988 ἑαυτὸν
2308 2949 2368 2988 καὶ
2395 2951 2431 2989 ἰν

1405 3014 1481 3052 ταῖς
1499 3009 1585 3060 πρὸς
1608 3008 1743 3060 ὀλίγους
1771 3007 1924 3058 ὁμιλίαις
1945 3014 2084 3059 κρατεῖν
2115 3010 2220 3059 ὀργῆς
2254 3010 2304 3061 μὴ
2326 3010 2432 3049 δυνά-

1407 3084 1532 3119 μενος,
1574 3070 1653 3107 ἀλλ’
1689 3068 1918 3120 ἐκφερόμενος
1958 3070 2109 3121 εὐχερῶς
2127 3097 2138 3116 ,
2169 3068 2251 3107 ὅταν
2280 3070 2433 3118 πλήθους

1405 3130 1487 3169 ὅλου
1507 3130 1724 3181 προστασίαν
1745 3132 1974 3180 ἰμπιστευθῇ,
1988 3130 2144 3182 καθάπερ
2159 3146 2193 3168 τι
2209 3130 2327 3183 θηρίον
2345 3147 2432 3170 παν·

1403 3192 1551 3243 ταχόθεν
1567 3191 1627 3230 καὶ
1645 3191 1713 3230 ὑπὸ
1729 3191 1862 3243 μυρίων
1882 3191 2108 3241 κεντούμενον
2125 3221 2134 3238 ,
2162 3192 2240 3230 οὔτε
2268 3193 2369 3237 αὐτὸς
2396 3194 2432 3232 tv

1405 3252 1536 3305 ἡσυχία
1558 3251 1688 3290 δύναιτ’
1705 3252 1746 3289 ἄν
1777 3267 1861 3290 ποτε
1881 3251 2012 3302 διάγειν
2026 3280 2035 3298 ,
2056 3251 2115 3289 καὶ
2135 3251 2212 3295 τοὺς
2237 3254 2429 3302 ἐμπιστευ-

1404 3312 1522 3355 θέντας
1544 3314 1638 3364 αὐτῷ
1657 3312 1761 3363 μυρία
1784 3312 1957 3357 &neith-,⁷1
1988 3312 2090 3350 κακά.
2106 3313 2217 3351 θύδὲν
2249 3313 2316 3364 γὰρ
2337 3313 2440 3352 οὕτω.
