2513 3871
346 226 431 256 ΙΙΟ
775 219 812 249 S.

331 307 439 359 quam
458 305 528 344 alia
546 302 664 343 omnia
687 309 801 347 curat,
819 309 854 338 et
880 298 1076 351 nequitiam
1093 295 1293 336 admodum

332 376 528 414 aversatur,
545 360 725 416 quomodo
744 362 822 400 baec
840 361 988 413 impune
1005 359 1080 398 fieri
1106 356 1295 412 patiatur?

334 431 411 467 Non
432 428 480 465 ita
495 434 607 474 certe,
630 437 698 462 non
717 423 764 461 ita
780 436 817 461 se
834 436 889 460 res
909 421 1032 469 babet,
1046 420 1107 459 scd
1129 419 1297 458 immittet

334 491 369 527 in
386 489 466 527 illos
489 487 591 539 plane
606 498 751 524 manum
771 484 868 522 illam
887 482 1060 526 validam,
1080 481 1296 534 plagamque

337 547 595 587 intolerandam
613 577 625 593 ,
647 555 755 597 atque
774 545 999 583 cruciatuum
1019 543 1166 582 illorum
1186 541 1294 580 dulo-

334 624 407 648 rem
424 610 472 648 ita
494 622 656 661 gravem,
677 617 715 646 ut
735 606 974 645 Sodomorum
994 603 1111 643 clades
1128 603 1181 642 illi
1201 617 1296 642 com·

336 680 467 724 parata
487 669 595 708 ludus
614 668 779 708 videatur
795 682 881 707 esse.
905 668 1005 713 Quos
1023 665 1116 704 enim
1136 665 1189 704 illi
1210 664 1296 702 bar-

334 733 440 770 baros
459 745 528 769 non
552 729 794 783 superarunt?
814 727 910 779 quod
929 728 1085 765 serarum
1105 740 1216 778 genus
1234 739 1297 778 per

337 791 691 847 impudentissimum
718 803 946 840 congressum
976 802 1045 827 non
1072 797 1165 826 retro
1189 787 1298 825 relin-

337 855 483 907 quunt?
506 855 568 893 Est
586 854 621 891 in
641 852 859 904 quibusdam
886 850 1003 889 brutis
1018 849 1148 888 ardens
1165 849 1295 896 libido,

335 916 540 970 cupidoque
570 913 815 961 intolerabilis,
843 912 935 950 nibil
955 911 1002 950 ab
1032 911 1167 949 insania
1186 909 1298 949 diffe-

337 992 436 1017 rens:
452 991 532 1028 quae
553 985 667 1014 tamen
688 974 782 1013 huuc
795 987 952 1012 amorem
973 986 1042 1010 non
1061 980 1214 1021 norunt,
1237 969 1299 1010 sed

341 1040 432 1078 iutra
454 1047 590 1076 natura:
612 1036 781 1075 terminos
803 1043 968 1083 manent;
987 1034 1050 1072 etsi
1068 1033 1198 1071 millies
1216 1032 1301 1070 libi-

339 1099 424 1139 dine
443 1108 612 1144 urantur,
634 1107 768 1135 naturae
787 1110 983 1147 numquam
1007 1095 1100 1145 leges
1120 1104 1296 1132 evertunt.

339 1164 383 1199 At
403 1158 631 1199 rationabiles
661 1158 727 1205 illi,
747 1156 872 1196 divina
894 1155 995 1208 potiti
1029 1155 1190 1194 doctrina
1208 1185 1218 1203 ‚
1238 1155 1300 1206 qui

337 1236 419 1273 quae
435 1219 571 1272 agenda
591 1218 645 1257 vel
660 1232 728 1256 non
745 1217 880 1268 agenda
901 1216 972 1254 sint
988 1215 1071 1253 aliis
1088 1215 1299 1267 praedicant,

338 1282 614 1334 Scripturasque
632 1293 676 1317 ex
704 1278 788 1316 caelo
811 1277 976 1329 delapsas
995 1275 1187 1314 audierunt
1205 1306 1214 1323 ,
1232 1291 1301 1314 non

339 1344 389 1381 ita
408 1340 632 1394 impudenter
651 1353 733 1377 cum
751 1337 999 1376 meretricibus
1019 1345 1057 1374 ut
1076 1350 1159 1374 cum
1175 1336 1302 1375 adole-

338 1402 520 1440 scentibus
532 1399 822 1452 congrediuntur.
834 1398 924 1436 Nam
943 1398 1045 1448 quasi
1057 1397 1219 1435 homines
1233 1411 1302 1436 non

338 1464 432 1511 sint,
458 1475 572 1513 neque
591 1459 817 1514 providentia
846 1458 970 1512 praesit
998 1458 1104 1497 rebus
1137 1458 1304 1498 humanis

339 1525 455 1576 deque
482 1523 583 1562 factis
608 1521 769 1575 judicet,
797 1520 861 1559 sed
881 1519 982 1572 quasi
1005 1519 1158 1558 tenebris
1178 1529 1304 1558 cuncta

340 1584 614 1639 occupantibus,
628 1582 798 1634 nulloque
809 1582 884 1620 haec
899 1580 1042 1619 vidente
1053 1580 1109 1619 vel
1125 1579 1304 1627 audiente,

341 1648 394 1686 sic
407 1646 529 1685 omnia
543 1654 576 1684 et
594 1658 676 1683 cum
707 1652 803 1682 tanta
821 1642 957 1681 insania
977 1641 1122 1680 audent.
1140 1641 1306 1681 Vitiato-

342 1722 421 1746 rum
436 1717 556 1746 autem
575 1719 771 1759 puerorum
793 1712 912 1757 patres
937 1703 1012 1741 haec
1032 1702 1137 1741 tacite
1158 1702 1276 1741 serunt
1291 1732 1303 1749 ,

341 1783 405 1808 nec
428 1782 546 1807 secum
576 1766 670 1805 filios
691 1776 782 1804 terra
803 1765 986 1810 obruunt,
1009 1777 1072 1802 nec
1091 1763 1210 1801 ullum
1230 1772 1305 1802 tan-

343 1842 379 1869 ιο
403 1829 498 1867 malo
522 1826 718 1866 remedium
741 1834 922 1876 quaerunt.
949 1824 1090 1863 atenim
1117 1824 1146 1862 si
1170 1824 1310 1863 inexsi-

344 1891 434 1929 lium
453 1887 657 1928 abducendi
677 1895 790 1925 essent
804 1886 888 1934 filii,
904 1894 942 1924 ut
959 1885 1084 1924 abbae
1103 1895 1198 1938 peste
1215 1886 1309 1924 libe·

343 1961 520 2000 rai-entur,
539 1950 568 1989 si
589 1950 626 1988 in
647 1962 758 1994 mare,
778 1947 807 1986 si
826 1947 861 1986 in
888 1947 1040 1995 insulas,
1071 1947 1100 1985 si
1125 1947 1159 1985 in
1179 1959 1309 1985 terram

342 2013 540 2060 desertam,
559 2011 588 2050 si
606 2011 642 2049 in
656 2024 732 2048 eam
753 2023 831 2060 qum
851 2009 943 2046 ultra
963 2022 1026 2046 nos
1045 2017 1098 2046 est
1111 2008 1210 2046 orbis
1230 2022 1308 2060 par-

345 2083 431 2119 tem,
448 2086 564 2112 nonne
583 2079 757 2124 oporteret
777 2070 895 2107 omnia
917 2069 1030 2107 facere
1044 2078 1077 2107 et
1099 2069 1249 2122 perpeti,
1268 2083 1311 2107 ne

346 2132 556 2187 hujusmodi
579 2131 714 2182 flagitia
734 2129 1035 2168 admitterentur?
1051 2131 1154 2168 Certe
1171 2132 1198 2168 si
1215 2130 1309 2169 insa-

350 2196 467 2235 lubris
489 2204 578 2234 esset
601 2194 698 2231 locus
717 2192 870 2243 aliquis,
888 2206 1004 2230 nonne
1026 2191 1108 2230 inde
1129 2191 1220 2230 {ilios
1251 2207 1308 2229 as-

349 2253 729 2311 portaremus,etiamsi
745 2254 842 2291 lucra
869 2253 1026 2303 iugentia
1046 2253 1096 2291 ibi
1120 2267 1314 2304 consequu-

352 2319 423 2357 turi
441 2316 711 2364 essent,ctiamsi
727 2315 862 2367 optima
876 2314 1083 2353 valetudine
1099 2323 1282 2353 uterentur
1297 2315 1315 2353 Ξ)

351 2381 455 2419 Nunc
474 2387 592 2416 autem
613 2391 693 2415 cum
715 2385 810 2414 tanta
832 2376 908 2413 lues
928 2375 1046 2413 omnia
1063 2385 1225 2428 occupet,
1243 2390 1313 2414 non

351 2440 458 2480 modo
480 2453 538 2478 eos
557 2439 602 2478 ad
619 2438 784 2477 barathra
802 2437 993 2482 trahimus,
1021 2437 1082 2476 sed
1102 2438 1130 2476 si
1154 2438 1214 2489 qui
1235 2438 1315 2477 illos

350 2502 484 2554 eripere
522 2500 635 2540 velint
659 2529 669 2547 ‚
705 2513 764 2537 eos
798 2508 836 2536 ut
872 2507 1097 2551 corruptores
1132 2500 1313 2552 pellimus.

351 2565 494 2612 Quanta
512 2565 562 2600 ira
580 2561 714 2605 isthmo,
733 2563 876 2611 quantis
891 2560 1105 2598 fulminibus
1118 2560 1226 2610 digna
1244 2575 1312 2600 non

351 2625 459 2662 sunt?
476 2621 770 2675 quandoquidem
787 2622 946 2672 linguam
961 2621 1046 2674 ipsis
1059 2636 1121 2674 per
1131 2631 1314 2661 externam

353 2685 562 2736 sapientiam
585 2683 764 2736 perpolire
784 2682 982 2728 studemus,
1003 2682 1159 2721 animam
1180 2684 1313 2722 veroin

354 2746 430 2796 ipso
445 2744 625 2797 spurcitia}
645 2743 1175 2795 coenojacentem,omninoque
1194 2753 1311 2796 putre-

357 2815 525 2851 scentem,
549 2820 617 2843 non
652 2804 760 2843 modo
785 2804 1019 2857 despicimus,
1035 2804 1096 2842 sed
1120 2805 1227 2842 etiam
1248 2819 1316 2843 ex-

357 2880 502 2918 surgere
527 2866 698 2904 volentem
719 2865 966 2918 probibemus.
986 2866 1079 2903 Num
1099 2866 1181 2916 quis
1196 2865 1316 2904 adbuc

356 2927 475 2964 ‹licere
496 2926 588 2978 ausit
607 2941 706 2978 posse
726 2926 873 2964 salutem
896 2926 1062 2977 consequi
1095 2941 1169 2974 eos,
1197 2927 1258 2977 qui
1280 2927 1315 2965 in

358 2987 466 3026 tantis
483 2986 585 3024 malis
598 2987 898 3032 versamur3‘Qua
915 2986 1076 3025 ratione?
1096 2988 1256 3038 Namque
1277 2987 1317 3037 ii,

359 3048 418 3099 qui
436 3048 654 3086 exoletorum
675 3047 853 3085 vesaniam
885 3047 1100 3097 effugerunt,
1124 3048 1185 3098 qui
1213 3049 1317 3100 pauci

359 3123 443 3146 sanc
462 3122 607 3146 numero
633 3117 732 3154 suut,
753 3122 890 3146 amores
929 3108 1009 3146 illos
1043 3108 1233 3157 violentos,
1257 3110 1318 3161 qui

360 3168 480 3206 omnia
508 3178 753 3219 corrumpunt,
780 3169 937 3220 pecunia:
957 3169 1091 3208 scilicet
1116 3179 1150 3208 et
1170 3171 1317 3221 gloriae,

363 3244 430 3267 uon
451 3229 627 3278 effugiunt
646 3244 652 3264 :
673 3229 793 3279 plures
813 3239 929 3267 autem
951 3239 983 3268 ct
1004 3231 1059 3268 liis
1074 3231 1176 3283 ipsis,
1197 3241 1230 3270 et
1251 3247 1317 3270 una

364 3288 556 3342 impudicis
587 3289 767 3326 amoribus
788 3290 1029 3329 vehementius
1048 3294 1206 3345 oppressi
1223 3293 1318 3332 dcu-

409 3419 422 3434 ⁸
449 3415 485 3448 είς
502 3414 674 3455 ὑπερορίαν,
693 3408 745 3440 nlii
767 3418 802 3447 εἰς
818 3426 869 3447 τῳ
886 3427 1056 3455 unfiop-n.

1317 292 1349 318 ⁹0

1321 329 1348 360 Α

852 216 1037 249 sommis
1073 212 1314 246 citRYSOS‘r.
1355 211 1563 242 Ancmm’.
1601 210 1960 242 coxsuwrtnot‘.

1369 295 1438 332 τῶν
1454 293 1737 346 βασανιστηρίων
1755 292 1821 339 τὴν
1837 291 1962 340 ὀδύνην
1978 290 2118 330 ἐκείνων
2133 320 2144 339 ,
2162 291 2271 335 οὕτως
2288 283 2393 331 οὖσαν

1368 355 1545 408 χαλεπὴν,
1563 358 1610 399 ὡς
1626 355 1670 392 τὰ
1685 357 1719 393 ἐν
1741 354 1913 400 Σοδόμοις
1929 353 2025 400 πάθη
2047 353 2133 405 πρὸς
2151 356 2263 392 ταῦτα
2278 368 2396 406 παρα·

1371 417 1571 467 ὅαλλόμενα
1597 417 1742 468 παίγνια
1763 410 1852 454 εἶναι
1870 415 2083 465 νομίζεσθαι.
2114 414 2223 459 Τίνας
2257 414 2324 467 γὰρ
2355 415 2395 453 οὗ

1370 479 1580 528 παρήλασαν
1599 472 1692 516 οὗτοι
1713 477 1922 528 βαρὸάρους,
1941 475 2051 513 ποίων
2065 475 2195 527 θηρίων
2214 475 2312 528 γένος
2336 475 2394 514 διὰ

1369 542 1432 585 τῆς
1452 539 1684 591 ἀναισχύντου
1714 539 1839 588 μίξεως
1859 537 2011 584 ταύτης
2036 535 2161 575 Ἔστιν
2181 537 2217 575 ἔν
2235 552 2308 575 τισι
2325 538 2396 574 τῶν

1371 602 1506 654 ἀλόγων
1523 595 1657 651 οἶστρος
1672 599 1778 643 πολὺς
1795 629 1805 647 ,
1826 599 1885 637 καὶ
1909 597 2076 649 ἐπιθυμία
2102 598 2294 649 ἀφόρητος,
2327 612 2396 648 μα-

1370 663 1444 707 νίας
1473 662 1570 701 οὐδὲν
1599 662 1813 714 δια-φέρουσα
1830 675 1838 684 ·
1862 661 1940 699 ἀλλ’
1968 660 2065 710 ὅμως
2083 664 2204 699 τοῦτον
2235 661 2298 698 οὐκ
2324 652 2395 698 οἶδε

1370 726 1428 763 τὸν
1451 724 1563 776 ἔρωτα
1579 754 1589 771 ,
1607 725 1684 762 ἀλλ’
1702 725 1848 770 ἕστηκεν
1865 722 1950 761 εἴσω
1968 725 2038 760 τῶν
2056 724 2120 767 τῆς
2139 721 2274 773 φύσεως
2286 720 2392 772 ὅρων·

1371 787 1435 825 κᾶν
1457 786 1618 837 μυριάκις
1641 784 1803 837 καχλάζη
1821 814 1831 831 ,
1860 783 1940 827 τοὺς
1969 786 2031 830 τῆς
2055 783 2189 835 φύσεως
2214 783 2277 822 οὐκ
2307 783 2395 820 ἀνα-

1372 848 1493 900 τρέπει
1519 842 1656 898 νόμους.
1687 850 1734 886 Οἱ
1753 847 1788 887 δὲ
1810 847 1945 899 λογικοὶ
1964 847 2065 893 δῆθεν
2078 875 2088 893 ,
2107 846 2168 884 καὶ
2185 844 2281 889 θείας
2301 846 2394 884 ἀπο-

1373 911 1564 953 λαύσαντες
1585 910 1812 949 διδασκαλίας
1827 939 1837 954 ,
1863 909 1923 947 καὶ
1941 909 1981 947 τὸ
2003 907 2178 960 πρακτέον
2197 907 2257 946 καὶ
2278 907 2319 947 τὸ
2344 907 2394 959 μὴ

1373 976 1528 1011 τοιοῦτον
1558 971 1686 1023 ἑτέροις
1718 970 1998 1021 διαγορεύοντες,
2027 969 2087 1008 καὶ
2113 968 2335 1022 γραμμάτιον
2361 968 2397 1013 ἐξ

1373 1035 1519 1086 οὐρανοῦ
1551 1033 1782 1071 anacim-‚v
1812 1032 2127 1084 ἀκούσαντες,οὓχ
2147 1031 2255 1075 οὕτως
2286 1031 2396 1074 ἀδεῶς

1373 1102 1449 1139 ταῖς
1469 1095 1626 1146 πόρναις,
1645 1092 1765 1145 ὥσπερ
1780 1098 1852 1137 τοῖς
1871 1093 1960 1136 νέοις
1976 1093 2210 1145 συγγίνονται.
2229 1092 2399 1144 Καθάπερ

1373 1156 1440 1208 γὰρ
1462 1157 1551 1206 μήτε
1570 1155 1763 1208 ἀνθρώπιον
1779 1155 1888 1194 ὄντων
1901 1185 1911 1202 ,
1931 1155 2020 1205 μήτε
2037 1154 2200 1206 προνοίας
2214 1155 2308 1193 Θεοῦ
2323 1155 2398 1205 lque-

1374 1218 1528 1264 στώσης,
1548 1217 1607 1254 καὶ
1623 1215 1830 1263 δικαζούσης
1849 1222 1920 1259 τοῖς
1936 1216 2131 1266 γινομένοις
2147 1245 2157 1262 ,
2178 1217 2255 1253 ἀλλ’
2276 1214 2399 1267 ὥσπερ

1376 1278 1500 1316 σκότου
1512 1277 1627 1316 πάντα
1637 1277 1909 1323 καταλαὸόντος,
1919 1277 1979 1315 καὶ
1990 1277 2136 1326 μηδενὸς
2150 1277 2240 1327 μήτε
2253 1278 2402 1329 δρῶντος

1374 1343 1498 1385 ταῦτα,
1512 1338 1601 1388 μήτε
1613 1337 1809 1382 ἀκούοντος,
1822 1337 1914 1375 οὕτω
1923 1337 2041 1375 πάντα
2053 1339 2226 1388 τολμῶσι,
2239 1336 2300 1375 καὶ
2311 1336 2402 1389 μετὰ

1375 1398 1547 1445 τοσαύτης
1571 1398 1708 1445 μανίας.
1723 1398 1771 1436 Οἱ
1787 1396 1824 1435 δὲ
1843 1399 1914 1435 τῶν
1930 1397 2165 1450 ὓὸριζομένων
2180 1397 2316 1436 παίδων
2330 1412 2402 1436 πα-

1375 1461 1473 1512 τέρες
1489 1460 1631 1512 φέρουσι
1651 1463 1762 1497 ταῦτα
1777 1462 1859 1510 σιγῇ
1876 1489 1886 1506 ,
1900 1458 1960 1496 καὶ
1979 1461 2017 1497 οὐ
2041 1459 2292 1512 κατορύττουσι
2311 1457 2401 1509 μετὰ

1376 1523 1446 1559 τῶν
1467 1520 1604 1558 παίδων
1622 1518 1780 1563 ἑαυτοὺς,
1793 1517 1870 1557 οὐδὲ
1888 1519 2062 1557 ἐπινοοῧσί
2081 1534 2157 1557 τινα
2177 1517 2402 1570 παραμυθίαν

1378 1584 1428 1633 τῷ
1446 1583 1558 1633 κακῷ.
1578 1582 1619 1619 lii.
1637 1580 1704 1634 γὰρ
1723 1584 1737 1601 ’
1752 1581 1799 1623 εἷς
1819 1579 2008 1631 ὑπερορίαν
2023 1580 2093 1618 ἀπὸ
2113 1579 2241 1627 ταύτης
2256 1578 2401 1618 ἑλκύσαι

1378 1646 1441 1689 τῆς
1457 1642 1559 1681 νόσου
1587 1641 1667 1684 τοὺς
1694 1644 1778 1684 υἱεῖς
1808 1640 1878 1678 ἔδει
1894 1671 1902 1683 .
1927 1642 1956 1678 εἷ
1976 1640 2044 1692 γἀρ
2063 1642 2110 1684 εἰς
2135 1640 2314 1680 θάλασσαν
2331 1670 2341 1689 ,
2371 1641 2402 1678 εἰ

1380 1704 1448 1755 γὰρ
1468 1705 1515 1747 εἷς
1526 1703 1666 1750 νήσους,
1688 1705 1717 1740 εί
1736 1701 1805 1753 γὰρ
1819 1704 1868 1745 εἰς
1881 1702 2012 1741 ἄὸατον
2031 1705 2111 1752 γῆν,
2126 1703 2174 1746 εἷς
2192 1701 2260 1754 γὰρ
2274 1703 2322 1746 εἷς
2337 1701 2400 1749 τὴν

1381 1765 1468 1817 ὑπὲρ
1488 1767 1580 1810 ἡμᾶς
1598 1763 1804 1813 οἰκουμένην
1819 1794 1829 1811 ‚
1854 1764 1914 1802 οὐκ
1934 1762 2005 1802 ἔδει
2032 1764 2148 1802 πάντα
2176 1766 2323 1809 ποιῆσαι
2343 1763 2405 1802 καὶ

1383 1831 1506 1865 παθεῖν
1524 1825 1614 1864 ὥστε
1637 1824 1685 1875 μὴ
1706 1829 1818 1863 ταῦτα
1836 1823 1996 1875 γενέσθαι
2017 1824 2061 1863 τὰ
2082 1825 2290 1875 μιάσματα;
2310 1823 2403 1863 Ἀλλ’

1383 1889 1414 1925 εἴ
1439 1886 1501 1937 μὲν
1532 1885 1692 1925 ἐπίνοσόν
1711 1900 1778 1923 που
1797 1885 1857 1923 καὶ
1875 1885 2035 1936 λοιμικόν
2056 1886 2132 1924 ἐστι
2159 1885 2291 1938 χωρίον
2307 1916 2318 1935 ,
2342 1886 2406 1925 οὐκ

1384 1947 1562 1998 ἀπάξομεν
1577 1948 1647 1985 ἐκεῖ
1666 1945 1743 1990 τοὺς
1759 1948 1854 1993 υἱεῖς,
1872 1946 1936 1984 κᾶν
1959 1946 2096 1997 μεγάλα
2115 1946 2306 1998 κερδαίνειν
2322 1946 2406 1998 μίλ-

1383 2011 1485 2055 λωσι,
1505 2008 1568 2047 κᾶν
1589 2008 1721 2060 σφόδρα
1740 2007 1882 2059 ὑγιεινοὶ
1900 2007 2120 2059 τυγχάνωσιν
2139 2007 2258 2055 ὄντες;
2279 2007 2352 2046 νυνὶ
2368 2006 2405 2047 δὲ

1384 2071 1557 2116 τοσαύτης
1592 2070 1636 2108 τὰ
1663 2069 1780 2106 πάντα
1814 2067 2031 2120 κατεχούσης
2063 2067 2178 2119 λύμης
2191 2097 2201 2115 ,
2235 2070 2274 2107 οὗ
2301 2069 2405 2119 μόνον

1386 2132 1482 2172 αὐτοὶ
1502 2132 1587 2184 πρὸς
1609 2136 1719 2169 ταῦτα
1735 2128 1882 2179 ἕλκομεν
1898 2129 1940 2168 τὰ
1963 2130 2122 2183 βάραθρα
2141 2129 2265 2174 αὐτοὺς
2278 2161 2288 2178 ,
2315 2129 2409 2169 ἀλλὰ

1386 2195 1445 2233 καὶ
1472 2193 1549 2237 τοὺς
1568 2192 1768 2237 ἀπαλλάξαι
1792 2191 2020 2243 βουλομένους
2048 2193 2095 2234 ὡς
2121 2192 2303 2242 λυμεῶνας
2322 2192 2409 2230 ἅπε-

1386 2255 1570 2306 λαύνομεν.
1598 2254 1667 2293 Καὶ
1683 2254 1794 2300 πόσης
1813 2255 1874 2292 οὐκ
1901 2253 1981 2298 ἄξια
2006 2257 2119 2292 ταῦτα
2140 2255 2246 2306 ὀργῆς
2261 2283 2271 2301 ,
2289 2253 2409 2293 πόσων

1388 2318 1554 2364 σκηπτιῗῐν
1572 2346 1582 2363 ,
1599 2316 1682 2354 ὅταν
1698 2315 1762 2362 τὴν
1783 2314 1845 2366 μὲν
1865 2316 2026 2363 γλῶτταν
2054 2315 2171 2358 αὐτοῖς
2187 2315 2409 2367 ἐκκαθαίρειν

1389 2378 1445 2416 διὰ
1463 2381 1526 2425 τῆς
1542 2377 1664 2421 ἔξωθεν
1679 2376 1801 2429 σοφίας
1821 2376 2086 2426 σπουδάζωμεν,
2108 2374 2171 2423 τὴν
2189 2376 2226 2415 δὲ
2244 2376 2362 2429 ψυχὴν
2375 2377 2411 2415 ἰν

1389 2438 1483 2489 αὐτῷ
1503 2439 1566 2483 τῆς
1581 2435 1764 2487 ἀσελγείας
1779 2437 1829 2487 τῷ
1847 2435 2006 2488 βορὸόρῳ
2027 2434 2191 2485 κειμένην
2218 2434 2277 2473 καὶ
2297 2449 2411 2483 σηπο-

1390 2498 1498 2550 μένην
1519 2498 1709 2542 διαπαντὸς
1729 2497 1778 2548 μὴ
1810 2497 1913 2547 μόνον
1938 2496 2182 2550 ι’περιορῶμεν
2200 2526 2210 2542 ,
2232 2496 2324 2535 ἀλλὰ
2349 2495 2410 2534 καὶ

1389 2564 1571 2613 ἐγερθῆναι
1583 2558 1796 2610 βουλομένην
1808 2558 2015 2608 κωλύωμεν;
2025 2551 2171 2596 'Ea-2032
2179 2558 2350 2608 τολμήσει
2358 2572 2412 2601 τις

1389 2620 1573 2667 εἶπεῑν,ὁ’τι
1587 2620 1730 2658 δυνατὸν
1746 2623 1900 2665 σωθῆναι
1916 2618 1994 2662 τοὺς
2008 2620 2044 2657 ἐν
2058 2618 2222 2661 τοιούτοις
2234 2619 2335 2663 ὄντας
2349 2633 2412 2657 κα-

1389 2688 1478 2729 κοῐς;
1495 2681 1622 2725 Πόθεν;
1637 2683 1684 2719 Ol
1700 2680 1764 2730 μὲν
1776 2680 1845 2732 γὰρ
1859 2681 1921 2726 τὴν
1931 2682 1999 2718 τῶν
2012 2679 2215 2718 ἀκολάστων
2228 2680 2412 2732 διαφυγόν-

1387 2759 1443 2787 τες
1457 2742 1585 2793 μανίαν
1595 2741 1717 2792 (ὀλίγοι
1729 2742 1766 2780 δέ
1780 2743 1864 2779 εἰσιν
1878 2735 2078 2787 οἷτοι),τοὺς
2091 2740 2313 2792 τυραννικοὺς
2327 2740 2412 2781 ἐκεί-

1388 2821 1466 2848 νους
1484 2804 1615 2856 ἔρωτας
1631 2833 1641 2850 ,
1657 2802 1716 2840 καὶ
1738 2802 1782 2840 τὰ
1801 2802 1916 2840 πάντα
1939 2802 2199 2855 διαφθείροντας
2211 2832 2220 2849 ,
2244 2801 2322 2846 τοὺς
2341 2803 2412 2841 τῶν

1389 2867 1584 2920 χρημάτων
1612 2866 1672 2903 καὶ
1690 2864 1768 2907 τοὺς
1783 2867 1846 2910 τῆς
1863 2863 1962 2911 δόξης
1978 2866 2016 2901 οὐ
2035 2863 2276 2915 διαφεύγουσιν
2294 2877 2302 2887 ·
2325 2866 2357 2903 οἱ
2375 2862 2412 2903 δὲ

1390 2927 1528 2968 πλείους
1546 2926 1605 2964 καὶ
1633 2924 1765 2968 τούτοις
1797 2925 1933 2970 αὐτοῖς,
1966 2925 2026 2962 καὶ
2048 2931 2119 2968 τοῖς
2143 2928 2205 2972 τῆς
2230 2924 2413 2977 ἀσελγείας

1393 2989 1481 3040 μετὰ
1501 2987 1658 3030 πλείονος
1690 2985 1899 3038 κατέχονται
1920 2989 1980 3031 τῆς
2000 2987 2206 3037 ὓπερΰολῆς.
2240 2980 2330 3025 Εἶτα
2347 2985 2410 3025 λό-

1393 3067 1471 3101 γους
1492 3049 1553 3100 μίν
1575 3050 1691 3091 αὐτοῖς
1713 3049 1860 3086 ἐνθεῖναι
1877 3048 2106 3098 βουλόμενοι,
2133 3048 2210 3100 οὐχὶ
2225 3046 2270 3086 τὰ
2289 3048 2411 3086 διακο-

1392 3126 1524 3149 πτοντα
1540 3109 1603 3157 τὴν
1620 3110 1802 3148 παίδευσιν
1834 3111 2044 3160 ἀναιροῦμεν
2065 3109 2169 3160 μόνον
2190 3138 2200 3155 ,
2233 3110 2323 3148 ἄλλα
2353 3123 2413 3147 κα.

1393 3172 1437 3210 τὰ
1469 3173 1684 3210 συνιστῶντα
1718 3172 2026 3220 κατασκευαζομεν
2041 3201 2051 3217 ,
2088 3170 2147 3209 καὶ
2172 3168 2415 3221 παιδαγωγοὺς

1346 3259 1370 3289 Ε
1395 3234 1454 3271 καὶ
1477 3231 1706 3275 διδασκάλους
1740 3232 1949 3282 ε’φιστῶντες
1973 3261 1981 3275 ,
2012 3232 2070 3269 καὶ
2095 3231 2264 3284 χρήματα
2292 3229 2415 3268 ἀναλί-

1396 3309 1535 3336 σκοντες
1549 3323 1559 3338 ,
1579 3293 1637 3331 καὶ
1657 3292 1721 3338 τὴν
1742 3293 1812 3331 ἀπὸ
1834 3295 1901 3330 τῶν
1923 3294 2035 3331 ἄλλων
2057 3291 2273 3346 πραγμάτων
2301 3291 2414 3344 παρέ·

1457 3418 1471 3440 t.
1495 3418 1548 3448 su:
1581 3416 1652 3447 Mn.
1671 3424 1701 3447 rt
1722 3417 1765 3447 itn
1785 3415 1858 3458 legit
1880 3416 2058 3458 lutrrprrs.
2081 3413 2168 3448 Ediu
2192 3426 2269 3448 vcro
2286 3418 2412 3463 ὁρῶμεν,
