2253 3830
92 243 203 274 xvnt
1018 245 1242 276 MOMTUM.

87 325 185 376 quod
213 339 296 364 sane
316 326 482 365 videatur
502 327 549 365 ad
564 327 717 379 primam
736 328 854 379 potius
881 341 989 378 quam
1014 327 1061 367 ad
1086 327 1278 367 secundam
1297 329 1419 367 referri
1444 345 1453 366 ε
1474 342 1557 367 nam
1583 328 1737 368 secunda
1764 330 1973 383 πολύστιχος
1999 328 2072 368 dici
2096 343 2166 369 non

90 402 192 440 posse
207 388 372 435 videtum
390 389 547 427 maxime
562 403 646 428 vero
663 390 693 428 si
711 399 936 444 comparetur
948 405 1033 430 cum
1057 391 1138 430 aliis
1155 391 1404 444 chrysostomi
1420 392 1602 445 operibus.
1623 391 1792 430 Leontius
1811 401 1926 431 tamen
1948 392 2169 446 Byzantinus

84 451 174 489 duas
193 451 241 490 ad
261 451 491 489 Theodorum
522 453 815 505 Mopsuestenum
846 454 1014 506 epistolas
1035 455 1115 494 sive
1130 468 1326 508 paraeneses
1344 463 1617 504 commemorat;
1639 455 1843 508 pariterque
1864 454 2025 494 Isidorus
2042 454 2172 506 Hispa·

84 513 192 550 lensis
207 513 242 550 in
258 513 448 552 Chronico.
469 514 533 553 His
550 516 744 569 perspectis
758 546 769 566 ,
786 516 1039 556 Tillemontius
1065 518 1102 556 in
1121 532 1198 556 eam
1218 518 1364 556 omnino
1386 518 1581 571 propendet
1607 517 1818 556 sententiam
1831 547 1843 567 ,
1866 526 1907 556 ut
1931 525 2031 570 putet
2060 530 2170 555 unam

83 584 221 613 tantum
241 574 288 614 ad
309 576 542 616 Theodorum
564 579 857 631 Mopsuestenum
882 579 1006 619 haberi
1026 580 1236 632 paraenesin,
1257 593 1384 633 nempe
1398 579 1589 619 secundam
1607 595 1615 616 x
1637 579 1792 632 primam
1812 593 1895 619 vero
1913 579 1959 618 ad
1977 579 2089 618 alium
2108 593 2171 618 co-

82 635 284 686 gnominem
299 651 318 674 a
337 637 594 690 Cluysostomo
616 640 760 677 missam
779 640 984 679 arbitratur.
1013 642 1145 680 Praeter
1163 642 1409 679 auctoritatem
1428 656 1512 679 vero
1533 655 1641 693 quam
1666 642 1800 694 profert
1819 641 2005 680 Sozomeni
2021 671 2031 689 ,
2052 641 2168 694 Hesy-

83 697 156 735 cbii
177 706 211 736 et
229 698 413 738 Theodori
433 701 672 749 Caesariensis,
693 703 755 753 qui
775 717 899 752 unam,
918 712 956 742 ut
972 704 1149 753 vidimus,
1167 705 1213 742 ad
1232 703 1464 743 Theodorum
1481 706 1776 757 Mopsuestenum
1795 712 2074 742 commemorant
2090 704 2171 756 epi-

49 786 55 791 ·
81 759 209 798 stolam
225 791 235 810 ‚
254 760 312 799 his
331 763 530 801 rationibus
549 772 582 802 et
601 765 824 815 argumentis
838 765 966 804 nititur
981 766 1236 805 Tillemontius
1250 782 1258 802 ε
1273 767 1346 813 Qui
1363 766 1439 804 lieri
1461 766 1572 819 possit
1599 776 1637 804 ut
1663 765 1700 803 in
1720 774 1845 804 neutra
1873 765 2043 818 paraenesi
2066 765 2167 805 nulla

80 821 228 862 alterius
247 838 464 876 paraeneseos
483 828 616 865 mentio
630 837 814 876 occurrat,
832 829 939 867 etiam
956 829 1018 867 ubi
1038 830 1318 882 Chrysostomus
1335 829 1461 868 iisdem
1480 829 1680 867 rationibus
1695 829 1809 867 utitur
1824 838 1857 867 et
1870 828 2044 882 exemplis
2058 828 2077 867 Ξ)
2093 830 2168 868 Cur

80 885 115 923 in
133 886 258 938 primae
269 887 420 927 decursu
440 903 615 940 nusquam
635 891 870 944 compellatur
887 892 1102 930 Theodorus
1114 923 1125 941 ,
1141 893 1244 944 cujus
1260 906 1388 931 nomen
1407 893 1443 930 in
1463 893 1567 930 titulo
1583 892 1701 930 solum
1721 900 1922 944 comparet;
1954 891 1989 930 in
2008 891 2164 931 secunda

80 959 167 985 vero
186 961 256 986 non
278 949 516 1000 infrequenter
538 951 726 990 Theodori
742 967 869 992 nomen
889 954 1102 1006 profertur?
1125 954 1232 1002 Quod
1252 963 1370 992 autem
1389 954 1535 1006 gravius
1554 953 1838 992 existimandum
1859 962 1910 992 est
1923 982 1933 1000 ,
1953 952 2167 992 Theodorus

81 1008 118 1046 in
141 1010 297 1049 secunda
317 1022 532 1051 memoratus
545 1043 554 1061 ,
577 1013 736 1054 nondum
752 1016 966 1068 vigesimum
982 1048 993 1067 ,
1011 1025 1098 1054 teste
1117 1017 1375 1070 Clirysostomo
1389 1047 1398 1062 ‚
1419 1016 1584 1068 attigerat
1603 1030 1754 1064 annum;
1773 1025 1895 1055 contra
1915 1029 2002 1054 vero
2017 1046 2028 1065 ,
2042 1015 2168 1055 eodem

80 1081 223 1110 auctore
239 1072 497 1125 Chrysostomo
511 1105 521 1124 ,
544 1076 574 1113 is
595 1075 642 1114 ad
663 1091 768 1128 quem
789 1077 888 1130 prior
906 1078 1095 1130 paraenesis
1113 1073 1270 1116 mittitur
1282 1108 1293 1128 ,
1321 1092 1433 1117 annos
1452 1078 1534 1116 vitae
1551 1078 1707 1129 reliquos
1722 1091 1790 1116 non
1807 1078 1890 1130 plus
1906 1078 2166 1131 quinquaginta

77 1146 221 1185 sperare
238 1143 394 1185 poterat,
410 1136 516 1174 etiam
538 1137 567 1175 si
587 1137 632 1176 ad
647 1147 843 1178 extremam
860 1140 1118 1191 proveheretur
1136 1149 1350 1179 senectutem
1362 1169 1374 1187 ,
1395 1139 1493 1192 quod
1512 1140 1558 1178 de
1576 1141 1656 1178 viro
1672 1149 1811 1179 tantum
1832 1141 1904 1178 sere
1921 1140 2167 1192 quadragena-

76 1195 131 1233 rio
152 1195 225 1234 diei
244 1198 371 1249 possit.
393 1199 447 1236 Ad
468 1199 543 1238 haee
571 1215 658 1240 vero
673 1202 703 1239 is
718 1231 728 1250 ,
749 1215 855 1252 quem
887 1205 920 1241 in
950 1203 1068 1254 priore
1091 1204 1258 1256 paraenesi
1278 1204 1474 1255 alloquitur
1494 1204 1793 1257 Chrysostomus,
1812 1204 1847 1241 in
1877 1211 1998 1256 aperta
2018 1203 2108 1242 vitia
2128 1213 2163 1243 et

75 1257 224 1296 crimina
242 1270 466 1313 proruperat,
489 1271 527 1300 ut
542 1277 588 1301 ex
607 1263 717 1302 variis
731 1265 902 1303 orationis
918 1265 1004 1303 loeis
1017 1266 1211 1317 colligitur.
1232 1269 1277 1304 At
1294 1279 1363 1304 non
1381 1280 1537 1317 eousque
1551 1267 1719 1319 perniciei
1739 1266 1930 1306 devenerat
1949 1265 2165 1306 Theodorus

75 1321 350 1372 Mopsuestenus
361 1352 371 1370 ,
390 1323 451 1373 qui
466 1325 495 1362 si
506 1325 584 1376 jam
601 1325 804 1378 baptizatus
822 1328 858 1365 in
875 1342 916 1366 ea
935 1328 1086 1366 crimina
1103 1328 1226 1381 lapsus
1243 1338 1352 1375 esset,
1365 1342 1591 1380 nequaquam
1608 1330 1778 1381 potuisset
1796 1329 1993 1368 secundum
2012 1343 2164 1370 canones

74 1393 110 1417 in
127 1381 339 1433 episcopum
359 1392 481 1435 postea
501 1387 674 1436 cooptari.

126 1442 211 1481 Haec
229 1444 484 1484 Tillemontius
499 1476 509 1494 ‚
533 1447 596 1498 qui
621 1461 704 1486 sanc
735 1462 805 1487 non
825 1449 1076 1488 animadvertit
1092 1463 1130 1488 se
1149 1463 1231 1488 cum
1251 1450 1510 1504 Chrysostomo
1534 1451 1613 1504 ipso
1633 1464 1805 1504 pugnare.
1827 1451 2015 1503 Siquidem
2034 1450 2072 1490 in
2092 1451 2164 1492 fine

74 1503 235 1542 secundae
254 1506 412 1558 epistolae
425 1539 435 1558 ,
452 1521 559 1558 quam
575 1508 622 1547 ad
637 1509 868 1549 Theodorum
883 1514 1175 1564 Mopsuestenum
1193 1513 1339 1551 missam
1359 1515 1391 1552 T
1395 1513 1614 1552 illemontius
1631 1513 1705 1565 ipse
1720 1513 1850 1551 fatetur
1867 1543 1878 1562 ,
1894 1527 1933 1552 se
1951 1526 2022 1552 non
2037 1526 2162 1563 unam,

73 1567 136 1605 sed
152 1568 285 1606 multas
303 1569 410 1607 etiam
433 1571 602 1622 epistolas
621 1571 668 1610 ad
690 1573 855 1611 eumdem
878 1573 1017 1612 misisse
1035 1575 1074 1612 S.
1097 1574 1225 1613 doctor
1240 1575 1449 1614 testificatur
1464 1576 1521 1614 his
1540 1576 1660 1614 verbis
1677 1591 1685 1612 :
1702 1571 1795 1615 Οἶδά
1807 1576 1847 1614 τὸ
1863 1575 1990 1628 μέτρον
2015 1575 2162 1621 ἐξελθὼν

72 1633 136 1676 τῆς
152 1632 338 1678 ἐπιστολῆς
350 1661 361 1679 ,
380 1632 470 1670 ἀλλὰ
490 1633 676 1684 σύγγνωθι·
696 1635 734 1672 οὐ
753 1635 820 1688 γὰρ
836 1635 925 1674 ἑκὼν
942 1641 1042 1675 τοῦτο
1060 1636 1186 1675 ἔπαθον
1198 1667 1208 1685 ,
1222 1639 1299 1675 ἀλλ’
1319 1638 1386 1676 ὑπὸ
1404 1641 1466 1685 τῆς
1486 1638 1624 1689 ἀγάπης
1639 1638 1699 1676 καὶ
1713 1638 1825 1685 λύπης
1846 1638 2079 1690 ἀναγκασθεὶς
2090 1668 2101 1687 ,
2117 1640 2162 1676 δι’

72 1691 116 1736 ἦν
131 1692 190 1729 καὶ
209 1692 340 1740 ταύτην
355 1693 553 1744 ἐδιασάμην
567 1696 716 1745 ἐμαυτὸν
731 1697 864 1749 γράψαι
882 1697 945 1744 τὴν
962 1699 1166 1745 ἐπιστολὴν,
1179 1700 1317 1737 πολλῶν
1339 1699 1553 1738 κωλυόντων·
1571 1704 1704 1738 παῖσαι
1722 1701 1985 1749 ματαιοπονῶν,
1997 1700 2056 1738 καὶ
2070 1700 2162 1740 κατὰ

71 1756 208 1807 πετρῶν
219 1756 385 1807 σπείρων,
396 1756 514 1809 ἔλεγόν
529 1774 587 1806 μοι
598 1759 733 1797 πολλοί.
748 1759 843 1811 Ἐγὼ
854 1761 889 1798 δὲ
899 1761 1033 1804 οὐδενὸς
1043 1761 1187 1807 ἤκουσα·
1198 1763 1295 1806 ἐλπὶς
1305 1762 1386 1814 γὰρ,
1395 1763 1480 1814 ἔφην
1488 1762 1574 1814 πρὸς
1584 1763 1745 1813 ἐμαυτὸν,
1753 1765 1846 1801 Θεοῦ
1854 1762 2010 1806 θέλοντος
2023 1762 2162 1802 ἀνύσειν

70 1831 105 1854 τι
131 1817 175 1856 τὰ
205 1818 413 1870 γράμματα.
446 1820 532 1858 Sc1'o
557 1835 617 1859 me
631 1821 765 1873 justos
785 1825 957 1875 epistoloe
986 1824 1126 1862 limites
1159 1828 1393 1866 excessisse:
1410 1840 1546 1864 verum
1575 1829 1752 1877 ignosee;
1787 1839 1865 1863 non
1893 1828 1996 1863 enim
2025 1826 2161 1864 lubens

72 1878 146 1914 hoc
163 1882 236 1930 egi,
256 1880 325 1917 sed
343 1883 489 1920 amoris
506 1882 728 1935 dolorisque
744 1888 789 1922 vi
815 1886 1034 1937 compulsus
1049 1902 1061 1925 :
1082 1900 1158 1939 quo
1179 1896 1303 1925 motus
1330 1888 1480 1940 affectu
1499 1888 1595 1925 mihi
1612 1892 1696 1925 vim
1717 1888 1836 1925 intuli
1856 1895 1899 1925 ut
1923 1889 2041 1925 etiam
2059 1887 2162 1926 hanc

74 1942 282 1979 scriberem
310 1943 526 1994 epistolam,
557 1949 782 1985 vetantibus
811 1947 898 1986 licet
928 1949 1060 1986 multt's
1090 1963 1137 1987 ac
1171 1950 1388 1988 dicentibus
1406 1965 1418 1985 .·
1435 1952 1574 1988 Finem
1588 1950 1661 2002 fac
1684 1964 1792 1988 vane
1811 1950 2020 1989 laborandi
2050 1963 2099 1988 ac
2119 1953 2162 1987 ἰιι

71 2007 191 2053 petr-Is
210 2005 376 2042 serendi.
399 2007 484 2057 Ego
501 2015 633 2044 autem
655 2010 802 2046 nemini
816 2023 948 2047 aurem
961 2013 1109 2061 proebui
1121 2026 1134 2047 .·
1149 2024 1233 2062 spes
1251 2014 1352 2049 enim
1380 2020 1450 2060 est,
1465 2012 1641 2049 dicebam
1666 2013 1773 2064 apud
1799 2026 1884 2062 me,
1910 2015 1983 2052 Dei
2008 2011 2162 2050 auxilio

80 2067 212 2104 literas
227 2067 383 2119 aliquid
399 2069 626 2122 profuturas
646 2085 739 2110 esse,
758 2071 818 2110 Ex
837 2073 968 2123 quibus
983 2073 1096 2124 liquet
1112 2073 1241 2112 multas
1261 2089 1280 2112 a
1296 2074 1554 2126 Chrysostomo
1567 2074 1613 2112 ad
1628 2075 1862 2113 Theodorum
1878 2075 2019 2127 lapsum
2036 2073 2163 2112 missas

71 2130 241 2181 epistolas
278 2130 386 2169 fuisse
405 2147 414 2168 ε
437 2131 535 2181 quod
562 2132 742 2172 indicatur
766 2134 824 2172 his
839 2136 958 2174 verbis
979 2151 986 2171 :
1016 2139 1099 2173 vim
1120 2138 1216 2173 mihi
1234 2137 1354 2174 intuli
1377 2147 1418 2174 ut
1437 2139 1554 2175 etiam
1574 2138 1678 2176 hanc
1698 2140 1904 2175 scriberem
1922 2137 2161 2188 epistolam,-

71 2190 168 2242 quod
187 2191 369 2230 declarant
387 2193 494 2231 etiam
514 2194 589 2232 liaec
613 2195 811 2234 amicorum
833 2197 1082 2249 Chrysostomi
1104 2197 1199 2236 dieta
1220 2214 1227 2234 ε
1245 2199 1470 2248 Finemsac
1485 2213 1591 2236 vane
1608 2199 1818 2236 laborandi
1837 2207 1957 2250 atque
1987 2201 2029 2236 in
2042 2199 2163 2250 petris

72 2253 238 2289 serendi.
260 2253 403 2301 Quibus
419 2265 511 2293 certe
532 2255 692 2294 innuitur
712 2272 780 2296 non
798 2272 905 2297 unam
920 2260 1129 2308 alteramve,
1146 2259 1206 2297 sed
1222 2261 1352 2298 multas
1371 2261 1536 2312 epistolas
1551 2275 1570 2298 a
1588 2261 1843 2313 Chrysostomo
1863 2259 1908 2298 ad
1923 2259 2161 2298 Theodorum

70 2313 212 2365 lapsum
241 2316 365 2353 missas
392 2316 528 2355 fuisse:
554 2332 709 2368 quarum
746 2320 883 2371 prima,
910 2336 990 2371 qua:
1018 2331 1070 2359 est
1101 2322 1287 2373 paraenesis
1307 2322 1366 2359 illa
1388 2323 1551 2374 longior,
1581 2332 1614 2360 et
1646 2331 1822 2374 postrema
1854 2330 2055 2374 supersunt.
2072 2321 2162 2359 Ruit

73 2376 192 2428 itaque
208 2377 299 2416 illud
319 2393 364 2417 ex
387 2380 592 2429 Sozomeni,
613 2381 783 2435 lIesycliii
815 2393 849 2421 et
878 2384 1061 2422 Theodori
1082 2385 1310 2423 Caesariensis
1338 2386 1538 2423 testimonio
1567 2385 1774 2423 desumtum
1799 2393 2065 2436 argumentum,
2096 2383 2160 2434 qui

72 2452 178 2476 unam
200 2448 336 2478 tantum
356 2440 401 2478 ad
431 2441 661 2480 Theodorum
692 2445 984 2496 Mopsuestenum
1011 2446 1152 2498 lapsum
1185 2455 1381 2484 memorant
1408 2447 1615 2498 epistolam,
1645 2460 1799 2498 quorum
1829 2447 1935 2484 etiam
1960 2453 2160 2498 postremus

73 2502 190 2553 potius
207 2503 360 2554 primam
375 2533 386 2549 ,
404 2519 513 2554 quam
542 2506 732 2543 secundam
750 2509 946 2559 paraenesin
967 2508 1127 2547 indicare
1147 2508 1290 2547 videtur
1303 2539 1314 2558 ,
1334 2509 1387 2547 uti
1402 2510 1478 2562 jam
1505 2510 1682 2548 diximus.
1707 2510 1794 2548 Ruit
1812 2509 1918 2547 etiam
1942 2508 2033 2547 illud
2059 2507 2160 2559 quod

72 2563 197 2615 adjicit
214 2565 482 2611 Tillemontius,
504 2566 538 2604 in
559 2577 685 2606 neutra
704 2568 850 2607 alteram
866 2572 939 2621 jam
951 2570 1072 2608 datam
1090 2570 1238 2609 indicari
1255 2575 1266 2620 (
1282 2571 1377 2609 unde
1397 2581 1512 2610 tamen
1537 2586 1606 2610 non
1630 2571 1736 2610 video
1753 2570 1840 2622 quid
1857 2569 1980 2608 insen-i
1996 2569 2157 2622 possit);

71 2625 108 2661 in
128 2625 280 2663 secunda
302 2640 454 2678 namque
476 2627 554 2666 alia:
572 2638 673 2667 antea
693 2629 785 2668 datae
803 2641 1063 2679 memorantur,
1082 2641 1116 2670 et
1134 2633 1168 2670 in
1189 2633 1233 2670 iis
1251 2632 1350 2671 baud
1368 2633 1478 2671 dubie
1497 2634 1557 2671 illa
1576 2663 1586 2682 ,
1608 2647 1687 2684 qua:
1704 2633 1818 2684 prima
1835 2631 1979 2683 prodiit.

123 2687 224 2725 Circa
248 2689 351 2726 illum
366 2698 484 2727 autem
503 2692 668 2742 superius
687 2692 836 2730 allatum
858 2693 1107 2746 Chrysostomi
1126 2694 1244 2732 locum
1273 2694 1437 2744 quaedam
1458 2693 1679 2732 observanda
1703 2703 1801 2731 sunt.
1824 2693 2002 2732 Nimirum
2015 2707 2098 2732 cum
2118 2694 2156 2733 in

70 2749 189 2800 priore
208 2751 267 2788 illa
289 2752 456 2802 p.·ir:enesi
472 2753 632 2804 longiore
652 2754 931 2806 Cbrysostomus
949 2757 1067 2794 omnia
1085 2786 1095 2802 ,
1117 2771 1197 2806 quse
1217 2757 1261 2794 ad
1281 2756 1511 2795 Theodorum
1530 2757 1576 2794 ad
1597 2757 1808 2805 stationem,
1824 2771 1846 2793 u
1879 2757 1928 2794 ait
1947 2757 2027 2807 ille,
2047 2756 2156 2796 redu—

70 2809 224 2848 cendum
255 2821 457 2863 opportuna
489 2823 609 2863 erant,
630 2816 880 2854 exhausisset:
902 2817 939 2854 in
972 2818 1203 2867 sequentibus
1234 2818 1394 2869 epistolis
1413 2818 1458 2855 ad
1479 2817 1575 2855 idem
1609 2817 1830 2870 propositum
1863 2818 2123 2870 pertinentibus
2140 2849 2153 2867 ,

71 2872 250 2910 dictorum
282 2877 489 2914 memoriam
522 2878 684 2916 breviter
715 2880 929 2927 refricabat,
949 2881 1144 2932 paucisque
1174 2881 1297 2919 verbis
1326 2881 1495 2933 epistolas
1525 2881 1699 2920 texebat:
1723 2881 1876 2931 indeque
1904 2890 1957 2920 est
1985 2881 2085 2933 quod
2118 2882 2171 2939 in.

71 2943 247 2985 postrema
266 2936 497 2975 Theodorum
519 2950 643 2991 rogat,
667 2941 826 2993 ignoscat
845 2942 913 2980 sibi
940 2943 968 2980 si
990 2943 1147 2995 epistolae
1181 2943 1311 2981 limites
1332 2943 1548 2993 excesserit;
1583 2958 1650 2981 nou
1672 2943 1766 2981 cuim
1798 2943 1873 2981 haec
1899 2944 1945 2982 de
1963 2945 2158 2996 posteriore

72 2999 239 3047 1›;ii·oe11esi
256 3027 265 3045 ,
287 2998 314 3035 si
335 2999 445 3049 priori
467 3012 711 3053 comparetur,
727 3003 798 3042 dici
821 3013 989 3057 possunt;
1011 3019 1092 3042 nam
1110 3004 1185 3042 lure
1207 3006 1381 3057 posterior
1398 3036 1408 3053 ,
1428 3006 1508 3044 lieet
1527 3006 1685 3058 epistolis
1705 3005 1985 3057 praecedentibus
2003 3037 2014 3057 ,
2035 3017 2075 3047 ut
2092 3021 2157 3048 ve·

70 3060 223 3097 risimile
240 3071 304 3105 est,
325 3061 476 3111 longior,
497 3065 635 3102 nonnisi
655 3067 909 3118 compendium
931 3068 1062 3119 prioris
1080 3068 1321 3106 videturesse.

126 3124 244 3171 Pergit
265 3125 542 3174 'l'illemontius,
563 3143 626 3165 eur
656 3129 691 3167 in
725 3131 855 3181 prioris
882 3132 1033 3170 decursu
1067 3132 1299 3171 Theodorum
1338 3147 1532 3184 numquam
1565 3133 1756 3185 emnpellat
1791 3133 2068 3185 Cluysostomus
2087 3153 2096 3172 ι
2116 3136 2153 3175 in

70 3187 247 3236 sequentis
265 3201 349 3224 vero
367 3187 518 3226 decursu
536 3191 699 3229 eumdem
722 3207 815 3245 smpe
832 3208 897 3232 suo
924 3195 1066 3232 nomine
1093 3195 1314 3246 compellat?
1334 3197 1399 3233 (lui
1430 3210 1493 3245 ego
1527 3196 1628 3233 nullo
1649 3195 1788 3245 negotio
1813 3210 1981 3248 reponam
1999 3213 2007 3234 :
2025 3199 2100 3237 Cur'·
2115 3198 2151 3238 in

70 3249 301 3299 epistolarum
327 3249 371 3287 ad
388 3250 643 3303 Olympiadem
662 3269 729 3292 una
752 3257 806 3293 vel
829 3257 939 3295 altera
966 3258 1080 3309 ipsam
1099 3271 1164 3295 suo
1180 3258 1321 3296 nominc
1341 3259 1530 3311 compellat
1551 3259 1830 3311 Clu-ysostunius
1843 3290 1852 3305 ‚
1869 3259 1902 3297 in
1923 3261 2003 3298 aliis
2018 3275 2104 3300 vero
2117 3271 2151 3301 et

71 3311 265 3361 praesertim
293 3311 327 3348 in
347 3311 467 3361 aliqua
495 3327 642 3362 earum,
674 3331 751 3366 ‹pi-‘e
785 3320 918 3357 caetcris
952 3320 1092 3372 longior
1111 3329 1184 3366 est,
1216 3321 1377 3359 eamdem
1408 3335 1603 3371 numquam
1638 3321 1859 3372 compellat?
1877 3322 1949 3360 Sed
1978 3337 2149 3374 quorsum

70 3370 215 3408 aliunde
227 3373 387 3424 exempla
403 3383 602 3426 repetamus
615 3377 633 3413 ἶἱ
652 3378 748 3416 Licet
765 3380 998 3420 Tillemontio
1012 3381 1286 3421 concederemus
1302 3382 1535 3421 Theodorum
1555 3383 1674 3430 illum,
1698 3382 1741 3420 ad
1759 3397 1863 3433 quem
1880 3384 1980 3435 prior
1995 3385 2150 3423 mittitur

68 3434 273 3484 para‘nesis,
294 3435 403 3473 alium
431 3451 502 3473 esse
524 3452 539 3474 a
572 3439 839 3490 mopsuesteno,
859 3444 913 3482 eui
950 3445 1100 3484 secunda
1131 3443 1300 3497 dirigitur
1329 3463 1333 3482 :
1367 3460 1480 3485 anuou
1515 3445 1635 3484 eadem
1664 3459 1801 3498 semper
1826 3446 1976 3499 qua=stio
2007 3447 2142 3487 moveri
