2513 3871
301 262 393 313 806
721 279 762 309 s.
798 274 985 308 sommis
1019 270 1263 303 cunvsosr.

300 365 436 404 donum
453 361 632 415 speluncis
646 360 826 413 conspecti
841 357 988 406 fuerint,
1001 353 1143 395 easdem
1165 352 1252 392 dare

302 438 424 478 poenas
442 437 531 475 quas
558 421 774 475 praedones?
794 419 896 470 Quid
912 427 1033 457 autem
1061 416 1191 467 loquor
1209 413 1255 453 dc

94 491 264 535 S¹³Ju²f²¹¹¹²
303 483 556 538 praedonibus?
571 483 732 522 Profecto
745 482 844 520 scitis
856 493 978 519 omnes
991 492 1032 516 ac
1043 475 1256 516 meministis

99 531 290 598 ’33ξῖζῖᾦο
303 545 446 599 quando
466 543 565 598 apud
590 558 655 583 nos
672 542 834 582 scelerati
860 540 1010 593 quidam
1030 538 1193 577 homines
1223 544 1257 574 et

97 618 152 639 ¹³¹·
303 607 581 660 praestigiatores
598 614 732 644 statuas
746 603 966 656 dejecerunt,
981 615 1053 653 quo
1065 608 1170 653 pacto
1185 611 1255 637 uon

300 668 354 706 illi
370 676 507 706 tantum
520 666 582 718 qui
598 665 736 704 facinus
746 665 825 703 ausi
843 665 994 709 fueraut,
1005 661 1068 700 sed
1081 669 1258 713 quotquot

301 728 514 781 simpliciter
537 735 725 780 przesentes
749 724 927 778 conspecti
948 731 1064 773 erant,
1085 722 1256 774 quoniam

302 789 521 828 videbantur
543 788 615 827 illis
634 787 812 833 assentiri,
839 787 876 825 in
896 785 1078 839 judicium
1097 783 1253 836 abrepti,

301 851 481 902 simulque
503 863 587 888 cum
609 849 682 888 illis
701 848 865 898 abducti,
895 857 1057 887 extremo
1079 845 1258 899 supplicio

302 913 375 952 sint
392 912 524 950 affecti.
544 912 602 950 Tu
629 925 714 951 vero
734 910 795 949 ubi
817 913 921 950 Pater
948 909 1109 948 afficitur
1128 917 1258 947 coutu-

304 974 424 1022 melia,
443 973 505 1012 ubi
532 973 648 1012 Filius
666 973 851 1011 lacessitur
870 971 1058 1016 conviciis,
1084 969 1147 1009 ubi
1171 983 1257 1008 sau-

304 1045 384 1075 ctus
402 1044 435 1073 ct
450 1035 619 1073 vivificus
634 1034 794 1086 Spiritus
809 1032 1060 1079 contemnitur,
1081 1045 1122 1070 eo
1136 1029 1259 1069 studes

303 1096 512 1134 accurrere?
532 1096 611 1133 Non
633 1094 774 1142 metuis,
793 1107 862 1131 non
882 1093 1075 1138 horrescis,
1095 1105 1177 1130 cum
1201 1100 1258 1129 te-

304 1157 424 1208 ipsum
446 1156 482 1193 in
500 1156 576 1194 loca
601 1155 746 1206 profana
765 1154 978 1204 impuraque
997 1152 1169 1205 conjicis?
1190 1153 1259 1191 Dic

304 1216 408 1263 mihi,
418 1230 527 1267 quam
542 1214 1088 1264 habebisexcusationem‚quam
1102 1212 1258 1259 veniam,

304 1277 365 1328 qui
391 1277 514 1314 volens
532 1277 685 1327 teipsum
712 1275 747 1313 in
767 1274 978 1313 barathrum
1001 1273 1187 1319 immittas,
1221 1272 1258 1310 in

99 1353 183 1382 Libri
200 1354 290 1380 sancii
305 1337 544 1390 praecipitium
556 1336 643 1374 des?
655 1337 778 1386 Neque
791 1335 885 1373 enim
898 1334 987 1372 mihi
1003 1333 1096 1372 illud
1108 1333 1259 1380 dixeris,

102 1406 158 1463 ¹2⁰⁰
185 1405 254 1465 usn-
305 1398 400 1451 quod
417 1399 493 1437 illic
511 1398 578 1436 sita
593 1407 644 1436 est
664 1397 737 1444 lex,
752 1406 786 1435 et
805 1396 1061 1449 prophetarum
1077 1394 1175 1434 libri.
1191 1395 1259 1434 Ne-

101 1447 183 1505 ss..¹.:¹2
206 1450 291 1509 xm-
305 1475 375 1512 que
395 1460 490 1498 enim
509 1459 575 1498 hoc
593 1458 680 1498 satis
699 1467 751 1497 est
770 1456 817 1495 ad
854 1457 975 1496 locum
994 1465 1158 1495 sanctum
1176 1454 1262 1494 red-

100 1511 227 1557 s·¹5··¹¹¹·'
305 1521 618 1561 dendum.Utrum
638 1519 733 1559 enim
751 1520 868 1572 majus
887 1527 958 1567 est,
976 1517 1090 1556 libros
1107 1531 1184 1557 csse
1203 1531 1260 1556 re-

304 1585 438 1636 positos
454 1583 490 1621 in
511 1583 589 1620 loco
602 1613 611 1630 ,
624 1596 668 1620 an
684 1581 782 1633 loqui
801 1595 841 1619 ea
861 1594 940 1632 quae
960 1589 1043 1618 sunt
1065 1579 1101 1617 in
1128 1578 1261 1618 libris?

306 1645 538 1698 Perspicuum
557 1653 624 1690 est,
647 1643 774 1681 melius
793 1656 879 1690 csse,
903 1641 932 1680 si
958 1655 997 1679 ea
1020 1655 1100 1692 quae
1120 1650 1203 1679 sunt
1225 1641 1260 1678 in

303 1707 407 1746 libris
427 1705 584 1757 loquaris
606 1704 810 1755 habeasque
836 1704 872 1741 in
904 1703 1041 1741 animo.
1065 1703 1164 1754 Ergo
1200 1716 1261 1740 re-

303 1767 438 1820 sponde
453 1767 556 1814 mihi,
570 1780 653 1804 cum
664 1765 831 1803 diabolus
844 1764 1007 1802 recitaret
1022 1777 1062 1801 ea
1086 1777 1166 1814 qua·
1178 1772 1261 1802 sunt

304 1831 341 1868 iu
367 1827 579 1880 Scripturis,
606 1841 691 1865 num
716 1840 755 1865 os
776 1826 874 1864 illius
899 1824 1160 1864 sanctificatum
1184 1825 1262 1863 est?

305 1891 385 1929 Non
414 1898 513 1941 potes
539 1887 670 1935 dicere,
695 1886 757 1925 sed
778 1885 975 1938 permansit
999 1885 1039 1925 id
1065 1884 1160 1936 quod
1188 1895 1262 1924 crat

306 1949 485 1988 diabolus.
501 1948 602 1996 Quid
619 1957 737 1986 autem
758 1946 961 1985 daemones?
981 1959 1064 1984 cum
1088 1945 1264 1998 proedica-

105 2031 169 2057 ΑΛ,
186 2031 291 2067 ‚1212
309 2018 385 2050 rent
401 2024 442 2049 ac
457 2010 640 2048 dicerent:
660 2011 732 2047 Isti
750 2009 924 2046 homines
945 2010 1042 2046 servi
1063 2008 1134 2045 Ilei
1153 2008 1263 2046 altis-

310 2075 399 2111 simi
415 2081 521 2119 sunt,
537 2074 818 2108 annuntiantes
838 2071 952 2108 vobis
969 2071 1077 2106 viam
1098 2069 1259 2114 salutis,-

311 2148 356 2171 an
372 2132 452 2171 ideo
467 2132 547 2170 illos
563 2132 598 2170 in
614 2131 856 2184 apostolorum
873 2129 1036 2168 ordinem
1051 2130 1263 2169 reseremus?

312 2196 561 2245 Nequaquam,
577 2193 648 2231 imo
664 2191 778 2230 nihilo
794 2190 915 2230 minus
927 2205 1155 2230 exsecramur
1169 2191 1263 2240 illos,

312 2255 536 2306 odimusque.
554 2255 650 2305 Ergo
666 2266 748 2291 eum
773 2252 881 2290 verba
900 2252 1037 2304 prolata
1053 2266 1121 2290 non
1137 2253 1265 2291 sancti-

312 2317 430 2363 ficent,
454 2315 538 2354 libri
562 2315 705 2367 repositi
728 2313 978 2352 sanctificant?
1001 2313 1166 2354 Minime.
1185 2314 1265 2362 Qua

312 2376 454 2415 tandem
480 2376 614 2414 ratione
627 2376 645 2413 ἶ)
666 2376 744 2413 Iino
763 2375 832 2413 hoc
850 2374 993 2413 nomine
1013 2373 1075 2413 odi
1105 2389 1265 2428 synago-

313 2451 410 2488 gam,
430 2436 528 2487 quod
547 2436 659 2488 legem
680 2435 808 2474 habeat
827 2449 868 2473 ac
889 2435 1096 2488 prophetas,
1121 2446 1155 2475 et
1174 2450 1268 2476 nunc

313 2500 419 2538 etiam
437 2498 593 2551 amplius
611 2497 687 2543 odi,
704 2511 810 2549 quam
829 2496 858 2535 si
879 2496 968 2535 nihil
989 2496 1141 2536 istorum
1160 2498 1269 2537 habe-

317 2570 379 2599 ret.
411 2561 486 2598 Cur
514 2560 563 2598 ita
592 2558 762 2598 tandem?
792 2558 974 2605 Quoniam
1005 2558 1140 2597 variam
1183 2559 1267 2599 hine,

317 2621 445 2660 liabent
461 2635 590 2670 escam,
608 2620 817 2671 variamque
832 2617 969 2658 fraudis
983 2619 1183 2668 materiam,
1198 2635 1266 2672 qua

315 2682 550 2736 simpliciores
568 2681 729 2720 alliciant
746 2697 755 2719 ε
775 2679 1065 2733 quandoquidem
1083 2690 1117 2720 et
1134 2682 1269 2721 Paulus

317 2745 481 2797 spiritum
496 2744 600 2782 illum
613 2743 816 2794 loquentem
831 2741 1082 2794 potius,quam
1096 2751 1268 2783 tacentem

117 2824 292 2857 amm-,3¹
318 2805 431 2857 ejecit.
460 2807 618 2844 Etenim
652 2804 832 2842 molestia
861 2803 1053 2855 taedioque
1081 2805 1267 2858 affectus,

321 2866 451 2918 inquit,
483 2867 638 2916 spiritui
661 2866 761 2903 dia-ie
790 2879 802 2900 .·
825 2865 905 2902 Exi
935 2867 984 2902 ab
1005 2865 1094 2903 illa.
1119 2867 1199 2912 Qua
1224 2866 1270 2905 dc

319 2929 448 2965 causa?
467 2927 646 2975 Quoniam
667 2925 843 2964 clamabat
861 2939 869 2962 ε
891 2927 962 2963 Isti
981 2926 1155 2966 homines
1169 2931 1270 2967 servi

322 2989 395 3026 Ι)ει“
414 2989 594 3026 altissimi
610 2995 715 3026 sunt.
733 2987 908 3025 'fatentes
922 2986 1015 3024 enim
1034 3001 1102 3025 non
1123 2988 1270 3041 perinde

318 3050 551 3101 ‹lc-cepissent,
574 3049 753 3100 loquentes
774 3057 891 3086 autem
913 3047 1044 3086 multos
1059 3058 1159 3087 erant
1176 3050 1269 3088 sim-

321 3111 482 3161 pliciores
498 3110 680 3148 attracturi
700 3109 990 3162 persuasumque,
1008 3123 1078 3160 quo
1100 3110 1270 3150 nimirum

319 3181 351 3207 υι
370 3171 449 3209 aliis
465 3171 499 3209 in
520 3171 625 3208 rebus
649 3170 716 3208 sibi
748 3171 1003 3209 auscultarent.
1021 3170 1209 3222 Siquidem
1230 3183 1268 3211 ut

319 3231 447 3268 ostium
467 3232 643 3282 aperirent
665 3231 737 3268 suis
757 3230 961 3279 fraudibus,
990 3242 1200 3284 possentque
1230 3234 1264 3273 in

320 3301 494 3341 posterum
516 3292 655 3329 mentiri
676 3292 915 3330 confidentius
941 3308 949 3328 :
974 3303 1157 3346 propterca
1182 3309 1262 3334 vera

359 3442 367 3452 ·
399 3431 713 3473 .tti·115.v«5..1‚tt‹.·nf
744 3439 794 3476 '‘st’‘
812 3432 851 3473 ΓΙ

359 3488 372 3506 ¹·
401 3482 462 3514 ΛΙΙΙ
478 3497 502 3515 τ’
520 3498 576 3514 ’,ν’-

1303 270 1513 303 ARCfflBP.
1549 271 1911 304 CONSTANTINOP-

1333 355 1393 392 λον
1422 356 1507 406 παρ’
1540 357 1625 406 ἡμῖν
1657 354 1779 407 μιαροί
1810 369 1902 397 τινες
1922 351 2100 407 ἄνθρωποι
2128 353 2188 392 καὶ
2215 353 2358 406 γόητες,

1335 417 1410 459 πῶς
1438 417 1500 454 οὐκ
1529 417 1655 455 ἐκεῖνοι
1687 417 1791 468 μόνον
1825 417 1858 454 οἱ
1888 415 2146 465 τολμήσαντες,
2180 414 2273 454 ἀλλὰ
2300 415 2362 454 καὶ

1334 475 1412 515 ὅσοι
1429 477 1600 530 παρόντες
1629 479 1750 521 ἁπλῶς
1773 482 1846 521 τοῖς
1871 477 2070 529 γενομένοις
2095 476 2292 529 ἐφάνησαν,
2313 479 2363 521 εἰς

1336 537 1562 590 δικαστήριον
1578 538 1857 593 ἀναρπασθέντες
1883 537 1943 576 καὶ
1964 537 2244 590 συναπαχθέντες
2273 538 2363 576 ἐκεί-

1336 613 1427 646 νοις,
1447 599 1511 647 τὴν
1533 599 1685 652 ἐσχάτην
1703 599 1836 638 ἔδωκαν
1856 600 1975 647 δίκην,
1994 598 2046 638 Σὺ
2064 598 2122 645 δὲ,
2138 598 2220 638 ἔνθα
2235 598 2362 652 Πατὴρ

1336 659 1537 712 wynstan,
1557 662 1618 700 καὶ
1639 662 1723 705 Υἱὸς
1741 662 2004 713 βλασφημεῖται
2019 690 2029 708 ,
2051 660 2133 699 ἔνθα
2152 660 2193 698 τὸ
2214 661 2361 712 Πνεῦμα

1335 721 1376 760 τὸ
1394 722 1491 773 ἅγιον
1521 722 1582 761 καὶ
1612 722 1778 767 ζωοποιὸν
1799 724 1993 768 ἀθετεῖται,
2020 720 2178 766 σπεύδεις
2201 721 2362 774 τρέχειν,

1336 782 1414 821 εἶπέ
1449 799 1529 834 μοι;
1563 783 1624 822 καὶ
1655 785 1694 822 οὐ
1723 783 1881 827 δέδοικας
1910 782 1987 822 οὐδὲ
2021 781 2174 835 φρίττεις
2205 784 2253 826 εἶς
2283 781 2362 825 τοὺς

1337 843 1507 895 βεῧήλους
1523 846 1583 883 καὶ
1599 844 1815 896 ἀκαθάρτους
1827 844 1954 889 τόπους
1975 843 2125 887 ἐκείνους
2139 843 2265 883 σαυτὸν
2285 845 2360 883 εἰσ-

1337 905 1450 957 άγων,
1468 906 1537 945 Καὶ
1567 906 1670 946 ποίαν
1703 907 1810 953 ἔξεις,
1835 907 1912 946 εἰπέ
1937 921 2017 958 μοι,
2052 905 2263 958 ἀπολογίαν,
2282 904 2362 944 τίνα

1336 967 1568 1019 συγγνώμην,
1600 969 1690 1008 ἑκὼν
1718 968 1863 1008 σεαυτὸν
1897 970 1945 1013 εἷς
1974 969 2015 1007 τὸ
2042 969 2216 1021 βάραθρον
2236 969 2362 1018 ὠθῶν,

1285 1044 1309 1074 C
1337 1030 1396 1067 καὶ
1412 1030 1503 1068 κατὰ
1519 1033 1686 1083 κρημνῶν
1703 1030 1860 1082 1’ἀφιείς
1877 1030 1938 1078 Μὴ
1954 1030 2023 1082 γάρ
2039 1046 2099 1080 μοι
2118 1033 2221 1068 τοῦτο
2239 1029 2339 1079 εἴπῃς
2351 1058 2361 1074 ,

1336 1090 1390 1128 ὅτι
1418 1090 1523 1141 νόμος
1551 1094 1623 1130 ἐκεῖ
1656 1097 1770 1130 κεῖται
1798 1091 1858 1129 καὶ
1897 1094 2087 1144 προφητῶν
2121 1090 2255 1143 βιόλία.
2285 1092 2364 1129 Οὐκ

1337 1153 1438 1204 ἀρκεῖ
1473 1157 1574 1191 τοῦτο
1589 1156 1737 1199 ποιῆσαι
1768 1153 1873 1192 τόπον
1902 1153 2012 1203 ἅγιον.
2054 1151 2103 1191 Τί
2142 1152 2212 1204 γὰρ
2247 1153 2364 1203 μεῖζόν

1337 1212 1426 1258 ἐστι,
1450 1213 1572 1263 βιὲλία
1600 1218 1738 1251 κεῖσθαι
1760 1215 1794 1252 ἐν
1823 1212 1977 1266 τόπῳ,ἢ
1998 1213 2207 1266 φθέγγεσθαι
2228 1212 2272 1251 τὰ
2294 1212 2365 1250 ἀπὸ

1336 1275 1405 1310 τῶν
1441 1273 1607 1325 §emitum
1642 1273 1800 1321 Εὔδηλον
1836 1274 1890 1312 ὅτι
1922 1274 1966 1311 τὰ
2007 1274 2078 1312 ἀπὸ
2108 1276 2178 1312 τῶν
2217 1273 2363 1325 βιὸλίων

1336 1334 1545 1384 φθέγγεσθαι
1565 1335 1626 1372 καὶ
1647 1334 1740 1386 ἔχειν
1757 1337 1791 1373 ἐν
1807 1333 1985 1378 διανοίαις.
2006 1334 2055 1372 Τί
2079 1327 2158 1382 οὖν,
2181 1333 2257 1373 εἶπέ
2285 1350 2364 1384 μοι,

1337 1395 1459 1442 ἐπειδὴ
1475 1398 1492 1433 ὁ
1512 1396 1672 1440 &nicom
1698 1395 1886 1448 ἐφθέγξατο
1915 1396 1986 1434 ἀπὸ
2003 1397 2073 1434 τῶν
2106 1397 2135 1435 Γ
2139 1398 2274 1448 ραφῶν,
2296 1389 2365 1447 ἆρα

1336 1456 1491 1507 ἡγιάσθη
1521 1457 1626 1495 αὐτοῦ
1654 1458 1693 1495 τὸ
1724 1457 1860 1504 στόμα,
1893 1457 1969 1495 Οὐκ
1999 1456 2094 1496 ἔστιν
2121 1458 2252 1505 εἰπεῖν,
2285 1456 2363 1494 ἀλλ’

1338 1517 1472 1568 ἔμεινεν
1504 1518 1552 1557 ὣν
1594 1518 1770 1561 διάὸολος.
1793 1517 1867 1557 ι’Τι’
1901 1518 1937 1557 δὲ
1969 1521 2001 1557 ot
2031 1518 2213 1569 δαίμονες,
2243 1516 2365 1564 ἐπειδὴ

1340 1580 1530 1632 ἐκήρυττον
1555 1580 1614 1619 καὶ
1635 1581 1755 1632 ἔλεγον
1767 1596 1775 1604 ·
1799 1575 1909 1619 Οὗτοι
1924 1582 1956 1618 οἱ
1975 1579 2153 1632 ἅνθρωποι
2172 1580 2288 1618 δοῦλοι
2305 1581 2367 1617 τοῦ

1338 1644 1430 1681 Θεοῦ
1456 1643 1524 1680 εἶσι
1554 1646 1615 1680 τοῦ
1650 1641 1818 1692 ὑψίστου,
1846 1642 2143 1692 καταγγέλλοντες
2175 1644 2256 1692 ὑμῖν
2289 1638 2367 1680 ὁδὸν

1339 1701 1536 1755 σωτηρίας,
1559 1697 1627 1755 ἆρα
1654 1697 1712 1741 οὖν
1745 1702 1803 1740 διὰ
1825 1705 1929 1741 τοῦτο
1963 1704 2012 1746 εἷς
2043 1702 2122 1747 τοὺς
2153 1702 2367 1746 ἀποστόλους

1289 1778 1313 1807 ι)
1339 1763 1462 1807 αὐτοὺς
1477 1762 1683 1813 ἐντάξομεν;
1704 1764 1900 1814 Οὐδαμῶς,
1919 1764 1997 1802 ἀλλ’
2014 1763 2143 1813 ὁμοίως
2162 1762 2286 1807 αὐτοὺς
2305 1764 2368 1815 με’-

1338 1840 1443 1875 νομεν
1475 1824 1774 1877 ἀποστρεφόμενοι
1799 1825 1859 1863 καὶ
1891 1829 2083 1875 μισοῦντες.
2106 1818 2196 1864 Εἶτα
2223 1824 2369 1877 ῥήματα

1342 1885 1404 1937 μὲν
1419 1886 1664 1939 προφερόμενοι
1685 1888 1750 1938 οὐχ
1769 1886 1925 1937 ἁγιάζει,
1942 1886 1986 1924 τὰ
2009 1885 2045 1924 δὲ
2077 1885 2199 1936 βιὸλία
2221 1885 2368 1936 κείμενα

1341 1947 1495 1998 ἁγιάζει,
1515 1948 1574 1985 καὶ
1603 1949 1678 1991 πῶς
1707 1948 1747 1985 ἂν
1779 1947 1854 1999 ἔχοι
1887 1951 1989 1986 τοῦτο
2025 1947 2147 1998 λόγον;
2168 1946 2238 1985 Διὰ
2264 1950 2368 1986 τοῦτο

1343 2008 1498 2060 μάλιστα
1517 2008 1580 2060 μὲν
1601 2010 1694 2059 μισῶ
1713 2008 1777 2056 τὴν
1797 2008 2023 2061 συναγωγὴν,
2043 2007 2163 2055 ἐπειδὴ
2183 2007 2241 2047 τὸν
2260 2007 2367 2060 νόμον

1342 2070 1490 2123 ἔχεικαὶ
1510 2070 1588 2114 τοὺς
1607 2070 1805 2122 προφήτας,
1825 2071 1884 2109 καὶ
1905 2070 2009 2109 πλέον
2040 2069 2147 2116 αὐτὴν
2174 2071 2269 2120 μισῶ
2288 2073 2367 2116 νῦν,

1341 2133 1364 2179 ἢ
1384 2135 1414 2171 εἰ
1448 2132 1556 2184 μηδὲν
1578 2125 1651 2184 εἶχε
1677 2130 1822 2172 τούτων.
1855 2133 1888 2170 Τ
1892 2131 1902 2169 ἱ
1933 2132 2082 2179 δήποτε;
2100 2130 2185 2170 ιὈτι
2214 2131 2305 2182 μέγα
2327 2131 2367 2170 τὸ

1343 2194 1491 2246 δέλεαρ,
1524 2193 1639 2240 πολλὴ
1659 2196 1680 2239 ἡ
1702 2194 1821 2240 ἀπάτη
1840 2198 1913 2236 τοῖς
1942 2191 2187 2244 ἀφελεστέροις
2213 2193 2369 2231 ἐντεῦθεν

1343 2256 1494 2308 γίνεται·
1526 2255 1601 2293 ἐπεὶ
1638 2254 1698 2292 καὶ
1746 2254 1804 2293 τὸν
1841 2254 1990 2304 δαίμονα
2021 2255 2151 2292 ἐκεῖνον
2179 2253 2237 2291 διὰ
2270 2257 2371 2293 τοῦτο

1343 2315 1576 2369 φθεγγόμενον
1606 2317 1740 2367 μᾶλλον
1754 2314 1777 2362 ἢ
1797 2317 1988 2354 σιωπῶντα
2018 2314 2167 2361 ἤλαυνεν
2182 2317 2201 2353 ὁ
2216 2315 2369 2359 Παῦλος.

1344 2377 1575 2424 Διαπονηθεὶς
1603 2377 1691 2428 γὰρ,
1716 2377 1820 2429 φησὶ,
1840 2379 1890 2428 τῷ
1918 2374 2093 2426 πνεύματι
2119 2368 2236 2414 εἶπεν·
2256 2374 2370 2420 ἔξελθε

1347 2438 1409 2478 ἀπ’
1424 2441 1542 2485 αὐτῆς.
1563 2439 1633 2478 Καὶ
1649 2438 1739 2481 τίνος
1759 2438 1895 2485 ἕνεκεν;
1919 2436 2068 2483 Ἐπειδὴ
2088 2436 2190 2475 ἐθόα·
2213 2429 2323 2476 Οὗτοι
2340 2439 2371 2476 οἱ

1295 2511 1319 2541 E
1347 2501 1524 2554 ἅνθρωποι
1538 2501 1652 2539 δοῦλοι
1670 2503 1730 2538 τοῦ
1748 2502 1840 2539 Θεοῦ
1857 2503 1917 2538 τοῦ
1936 2498 2081 2551 ὑψίστου
2101 2497 2181 2536 εἶσί.
2198 2498 2372 2550 Σιγῶντες

1347 2562 1411 2613 μὲν
1426 2561 1494 2614 γὰρ
1515 2563 1581 2614 οὐχ
1606 2560 1714 2605 οὕτως
1730 2561 1876 2607 ἠπάτων
1890 2590 1900 2607 ,
1920 2561 2149 2612 φθεγγόμενοι
2166 2558 2204 2598 δὲ
2222 2558 2372 2602 πολλοὺς

1346 2623 1498 2674 ἤμελλον
1517 2626 1586 2662 τῶν
1609 2622 1848 2675 άφελεστέρων
1865 2621 2050 2673 ὑποσύρειν
2063 2620 2124 2659 καὶ
2138 2621 2291 2669 πείθειν,
2311 2621 2371 2659 καὶ

1345 2687 1381 2724 ἐν
1411 2691 1482 2729 τοῖς
1518 2685 1635 2728 ἄλλοις
1670 2685 1786 2727 αὐτοῖς
1819 2683 2017 2735 προσέχειν.
2051 2681 2130 2720 Ἵνα
2162 2680 2231 2733 γὰρ
2265 2681 2371 2734 θύραν

1345 2745 1507 2791 &voi-{omi
1530 2751 1608 2789 ταῖς
1627 2746 1759 2782 ἑαυτῶν
1775 2744 1945 2789 ἀπάταις,
1963 2742 2023 2781 καὶ
2039 2744 2089 2795 τῷ
2103 2742 2219 2795 ψεύδει
2236 2742 2371 2790 πολλὴν

1346 2808 1433 2846 δῶσι
1452 2806 1673 2860 παῤῥησίαν,
1694 2805 1752 2844 διὰ
1767 2808 1869 2843 τοῦτο
1884 2805 1944 2843 καὶ
1960 2806 2073 2852 ἀληθῆ
2088 2819 2167 2842 τινα
2187 2803 2368 2855 ἀνέμιξαν,

1285 2905 1334 2929 ⁰⁶0
1346 2868 1506 2919 καθάπερ
1521 2870 1553 2906 οἱ
1571 2867 1616 2906 τὰ
1634 2867 1831 2918 δηλητήρια
1849 2865 2073 2917 κεραννύντες
2089 2864 2281 2918 φάρμακα,
2301 2865 2369 2916 μέ·

1297 2943 1320 2971 Λ
1347 2932 1414 2969 λιτι
1446 2929 1486 2968 τὸ
1515 2929 1630 2979 στόμα
1663 2931 1724 2974 τῆς
1754 2927 1893 2970 κύλικος
1921 2927 2183 2979 περιχρίοντες,
2216 2925 2370 2979 εὐπαρά-

1346 2992 1466 3030 δεκτον
1485 2993 1645 3029 ’ποιοῦσι
1670 2989 1732 3036 τὴν
1752 2989 1901 3040 βλάδην.
1932 2989 1999 3028 Διὰ
2028 2993 2128 3028 τοῦτο
2152 2987 2194 3035 δὴ
2213 2987 2370 3040 μάλιστα

1346 3053 1485 3096 Παῦλος
1503 3053 1694 3091 διεπονεῖτο
1705 3079 1715 3097 ,
1732 3050 1791 3089 καὶ
1805 3049 1969 3088 ἔσπευδεν
1991 3048 2113 3093 αὐτοὺς
2129 3047 2370 3100 ἔπιστομίσαι,

1345 3113 1466 3160 ἐπειδὴ
1488 3113 1538 3164 μὴ
1557 3112 1620 3159 τὴν
1652 3113 1768 3155 αὐτοῖς
1797 3110 2044 3163 προσήκουσαν
2064 3110 2222 3163 ἥρπαζον
2253 3109 2366 3155 ἀξίαν.

1343 3174 1411 3213 Διὰ
1443 3179 1545 3214 τοῦτο
1594 3172 1694 3224 κάγὼ
1738 3175 1831 3223 μισῶ
1863 3172 2070 3220 Ἰουδαίους,
2103 3170 2225 3219 ἐπειδὴ
2263 3170 2368 3223 νόμον

1341 3237 1480 3288 ἔχουσι,
1498 3236 1603 3286 νόμον
1621 3234 1834 3287 ὓὸρίζοντες,
1855 3234 1915 3271 καὶ
1939 3234 2048 3286 ταύτῃ
2068 3231 2146 3277 τοὺς
2177 3233 2370 3285 α’φελεστί-

1342 3313 1418 3348 ρους
1435 3297 1604 3343 δελεάζειν
1621 3298 1889 3348 ἐπιχειροῦντες.
1909 3296 1986 3334 Οὐκ
2002 3289 2044 3341 ἦν
2060 3296 2221 3346 ἔγκλημα
2241 3298 2367 3333 τοσοῦ-

1394 3448 1406 3461 ·
1433 3437 1525 3470 l'ntts
1540 3445 1650 3472 nov-,im
1668 3444 1699 3471 τὸ
1718 3444 1887 3479 ,ἁρμυκοω
1909 3439 1954 3469 διὰ
1968 3441 2066 3469 τοῦτο.
