2513 3871
290 271 383 317 830

289 368 484 407 maritanus
501 379 601 413 su1n3
617 364 706 402 nihil
723 363 813 402 mihi
829 377 911 401 cum
931 363 1017 410 illo;
1033 361 1160 414 procul
1177 360 1241 399 ab·

288 442 412 468 sumus
423 442 440 465 a
451 427 606 473 civitate,
615 434 649 463 et
665 425 724 463 ille
738 438 781 462 ne
798 422 940 475 ingredi
952 421 1100 474 quidem
1115 430 1240 473 potest.

287 489 383 538 Quid
403 497 520 526 autem
534 515 543 532 ‚
564 487 592 524 si
614 487 705 524 ferre
722 499 790 523 non
808 485 920 538 possit
950 485 1018 522 viae
1037 481 1240 534 longitudi-

285 563 379 598 nem,
395 557 574 586 mortuum
594 547 740 585 asseram
753 547 771 583 ‘z‘
789 544 985 599 capiendus
1005 558 1086 583 sum
1102 544 1149 582 ob
1173 558 1244 583 cae-

285 609 379 655 dem,
390 608 569 647 obnoxius
582 622 642 646 ero
655 606 852 646 homicidio
862 607 880 644 .⁰
898 606 962 645 tiis
973 619 1058 645 sane
1068 605 1113 644 de
1124 605 1242 644 causis

285 668 389 707 multi
409 682 503 721 saepe
529 676 779 721 praetereuntes
808 680 851 705 ac
886 665 1050 705 videntes
1079 665 1242 705 homines

285 730 492 769 vulneratos
523 730 758 782 palpitantes,
782 737 995 781 praetereunt
1017 758 1027 777 ,
1055 741 1124 766 non
1144 725 1241 778 quod

284 800 478 844 graventur
493 790 634 839 tollere,
650 790 883 843 pecuniisque
902 797 1064 842 parcant,
1083 788 1144 827 sed
1166 801 1242 826 me-

285 861 423 891 tuentes
439 866 482 891 ne
493 861 529 890 et
545 851 612 904 ipsi
633 850 884 904 pertrahantur
905 850 940 888 in
953 849 1134 902 judicium
1159 858 1240 886 tan-

283 928 392 966 quam
413 913 518 952 caedis
539 913 602 953 rei.
628 914 766 951 Verum
797 912 978 950 humanus
999 911 1060 948 ille
1078 925 1119 949 ac
1142 909 1240 948 mitis

283 975 374 1014 nibil
395 975 523 1013 borum
540 974 682 1020 metuit,
700 973 760 1012 sed
783 974 839 1011 his
858 973 1026 1011 omnibus
1055 971 1240 1010 contemtis

284 1036 455 1089 imposuit
468 1050 548 1073 eum
565 1035 679 1083 asino,
690 1044 724 1074 et
739 1035 774 1073 in
794 1034 1033 1073 diversorium
1049 1033 1237 1086 perduxit:

285 1111 400 1148 neque
426 1095 626 1147 quidquam
647 1096 776 1134 harum
816 1109 935 1133 rerum
971 1094 1239 1142 reformidabat,

283 1171 353 1196 non
390 1157 609 1209 periculum,
628 1171 697 1194 non
736 1157 972 1209 pecuniarum
1000 1155 1238 1208 impendium,

283 1231 352 1256 non
372 1218 472 1255 aliud
493 1226 658 1269 praeterea
673 1217 884 1268 quidquam.
908 1216 1015 1263 Quod
1035 1217 1064 1254 si
1081 1216 1242 1254 samari-

282 1287 386 1316 tanus
399 1278 487 1315 adeo
503 1278 682 1316 humanus
697 1278 864 1329 mitisque
879 1277 946 1315 fuit
961 1291 1043 1328 erga
1060 1277 1240 1315 bominem

281 1339 441 1391 ignotum
461 1355 468 1375 :
485 1352 595 1389 quam
615 1338 773 1377 habituri
794 1352 920 1376 sumus
946 1351 1010 1376 nos
1032 1337 1190 1385 veniam,
1210 1337 1240 1375 si

281 1401 447 1453 proprios
463 1400 589 1438 fratres
603 1399 868 1451 neglexerimus
885 1399 920 1437 in
940 1398 1044 1437 malis
1060 1398 1240 1450 graviori-

279 1461 377 1499 bns?
398 1463 489 1501 Nam
511 1471 544 1500 et
565 1461 644 1510 isti,
664 1461 725 1512 qui
746 1474 840 1499 nunc
854 1461 1122 1513 jejunaverunt,
1145 1460 1238 1498 inci-

280 1523 411 1561 derunt
428 1523 463 1560 in
479 1522 662 1575 praedones
677 1522 836 1568 Judaeos,
852 1523 924 1560 imo
938 1522 1058 1560 verius
1072 1521 1240 1559 omnibus

280 1584 514 1638 praedonibus
532 1584 713 1634 saeviores‚
735 1585 867 1635 quique
887 1583 1116 1635 gravioribus
1134 1582 1239 1620 malis

281 1646 446 1685 afliciunt
475 1659 536 1684 eos
559 1645 623 1696 qui
644 1646 680 1683 in
701 1660 760 1684 eos
779 1645 956 1684 incidunt.
992 1646 1113 1696 Neque
1143 1645 1239 1684 enim

283 1717 396 1746 vestes
421 1707 567 1745 illorum
600 1707 821 1753 lacerarunt,
842 1720 956 1758 neque
985 1705 1126 1758 corpori
1146 1705 1238 1744 inssi-

280 1779 411 1809 xerunt
425 1769 589 1817 vulnera,
601 1777 640 1806 ut
651 1769 703 1807 illi
717 1778 801 1807 tunc
817 1769 991 1807 fecerant:
1006 1768 1067 1806 sed
1080 1767 1237 1805 animam

279 1831 500 1878 sauciarunt,
521 1830 744 1881 infinitisque
764 1830 833 1882 ipsi
849 1829 1058 1868 vulneribus
1076 1828 1236 1871 inflictis,

279 1893 332 1932 sic
350 1893 514 1931 abierunt
532 1890 614 1931 illos
638 1892 873 1943 relinquentes
895 1891 932 1929 in
953 1891 1054 1929 l‘ovea
1075 1889 1239 1941 impieta-

283 1955 329 1993 tis
345 1955 516 2005 jacentes.
732 1961 737 1964 ’

334 2018 372 2054 A.
391 2017 442 2054 Ne
461 2016 571 2068 igitur
590 2014 858 2053 dissimulemus
878 2014 984 2052 talem
1006 2011 1214 2063 tragoediam
1228 2043 1237 2057 ,

283 2091 397 2129 neque
415 2087 663 2130 przetereamus
694 2076 923 2115 inclementer
942 2084 1013 2113 tam
1038 2074 1240 2112 miserabile

282 2139 536 2192 spectaculum.
556 2139 652 2185 Quin
673 2138 811 2176 etiamsi
834 2137 896 2176 alii
929 2137 995 2175 hoc
1017 2135 1178 2183 fecerint,
1200 2144 1237 2174 tu

283 2215 327 2239 ne
347 2201 480 2239 seceris.
503 2201 554 2239 Ne
574 2199 711 2238 dixeris
729 2199 827 2251 apud
859 2199 1100 2251 temetipsum,
1121 2197 1238 2236 Homo

281 2276 363 2301 sum
395 2261 611 2310 mundanus,
634 2275 782 2299 uxorem
812 2270 846 2299 et
865 2260 997 2298 liberos
1016 2259 1128 2297 liabeo
1146 2276 1155 2298 :
1172 2259 1238 2297 ista

279 2323 503 2362 sacerdotum
521 2332 614 2371 sunt,
633 2323 698 2361 ista
717 2321 984 2361 monachorum.
1003 2322 1126 2372 Neque
1142 2320 1236 2359 enim

278 2384 525 2423 Samaritanus
557 2384 616 2423 ille
641 2385 715 2422 luet:
735 2383 900 2431 dicebat,
920 2382 995 2421 L'bi
1013 2395 1107 2420 nunc
1123 2395 1236 2420 sacer-

278 2446 409 2484 dotes?
430 2446 491 2483 ubi
513 2460 606 2484 nunc
639 2445 841 2484 Pharisaei?
861 2443 923 2482 ubi
944 2443 1154 2484 Judaeorum
1173 2442 1236 2482 do-

278 2507 421 2546 ctores?
437 2507 499 2545 sed
530 2507 675 2560 perinde
701 2506 802 2558 quasi
833 2515 1002 2544 venatum
1031 2504 1236 2556 quempiam

280 2570 477 2607 maximum
500 2578 623 2608 nactus
641 2577 730 2606 esset
743 2599 752 2617 ‚
772 2568 820 2607 ita
836 2568 978 2606 lucrum
995 2566 1163 2619 arripuit.
1190 2566 1237 2606 Et

278 2641 316 2669 tu
353 2632 463 2684 igitur
494 2646 577 2669 cum
608 2630 743 2669 videris
773 2630 928 2682 aliquem
951 2637 1109 2681 egentem
1129 2641 1234 2666 cura-

280 2694 387 2735 tione.
407 2694 462 2731 vel
483 2693 657 2745 corporis,
678 2693 732 2731 vel
759 2692 910 2741 animae,
933 2705 976 2729 nc
995 2690 1106 2729 dicito
1135 2691 1235 2743 apud

278 2755 446 2807 teipsum,
464 2756 584 2802 Quare
600 2755 661 2793 ille
676 2763 710 2793 et
727 2754 786 2793 ille
800 2768 882 2792 eum
900 2767 969 2791 non
989 2752 1236 2791 curaverunt?

278 2816 371 2855 seda
389 2817 513 2855 morbo
543 2816 678 2855 libera:
700 2830 812 2867 neque
847 2814 1001 2854 rationes
1030 2814 1154 2866 exigas
1190 2813 1237 2852 ab

278 2877 350 2915 illis
367 2878 600 2929 negligentiae.
614 2878 651 2917 Si
671 2877 846 2916 inveneris
864 2891 991 2915 aurum
1006 2878 1235 2928 jacens,num

278 2938 368 2977 dicis
383 2939 479 2991 apud
501 2940 653 2993 teipsum
667 2971 676 2987 ‚
696 2941 817 2986 Quare
838 2939 897 2977 ille
920 2947 980 2976 aut
997 2939 1057 2977 ille
1077 2939 1146 2977 hoc
1164 2952 1234 2977 non

281 3004 525 3042 sustulerunt?
541 3019 654 3043 nonne
665 3004 810 3043 festinas
821 3003 998 3042 ante-ilios
1016 3018 1139 3056 rapere
1150 3003 1235 3041 ‚⁰lzi-

744 282 783 312 S.
814 280 1002 312 Jo.tNMs
1031 277 1277 311 cttRYSOST.
1317 277 1527 308 Anctttsst’.
1565 258 1931 311 coxsrassTtNOt‘.

1316 362 1378 407 τῆς
1411 360 1636 413 ὁδοιπορίας,
1652 360 1776 411 μέλλω
1801 361 1922 414 νεκρὸν
1952 362 2194 416 ἐπιφέρεσθαι,
2225 364 2344 416 μέλλω

1315 423 1451 473 σφαγῆς
1473 420 1701 469 ἁλίσκεσθαι,
1725 421 1846 473 μέλλω
1867 425 1931 461 τοῦ
1954 423 2057 476 φόνου
2087 427 2274 471 ὑπεύθυνος
2292 419 2345 464 εἷ-

1314 497 1394 531 ναι;
1413 481 1484 522 Καὶ
1497 482 1565 535 γὰρ
1585 484 1710 523 πολλοὶ
1728 483 1901 527 πολλάκις
1920 484 2103 536 παριόντες
2121 485 2181 524 καὶ
2199 488 2346 540 ὁρῶντες

1315 543 1516 595 ἀνθρώπως
1546 545 1772 596 πεπληγότας
1810 545 1871 583 καὶ
1902 545 2131 598 σπαίροντας,
2160 546 2217 585 διὰ
2244 550 2346 586 τοῦτο

1315 603 1620 657 παρατρέχουσιν,
1638 607 1702 644 οὐκ
1728 607 1907 650 ὀκνοῦντες
1932 607 2137 655 ἀνελέσθαι,
2156 607 2233 648 οὐδὲ
2250 624 2345 661 χρη-

1316 666 1438 717 μάτων
1474 667 1693 718 φειδόμενοι,
1718 667 1808 706 ἀλλὰ
1840 668 2055 716 δεδοικότες,
2077 668 2126 720 μὴ
2157 669 2219 708 καὶ
2247 670 2345 710 αὐτοὶ

1316 729 1363 772 εἰς
1383 727 1606 781 δικαστήριον
1622 730 1837 767 ἑλκυσθῶσιν
1854 759 1863 776 ,
1885 732 1933 774 ὡς
1960 732 2023 776 τῆς
2043 733 2180 783 σφαγῆς
2192 732 2344 771 ὑπεύθυ-

1265 796 1290 827 C
1314 804 1380 827 νοι.
1406 789 1501 829 Ἀλλ’
1521 792 1651 834 ἐκεῖνος
1673 789 1771 829 οὐδὲν
1791 789 1923 829 τούτων
1949 791 2081 830 ἔδεισεν
2101 793 2263 846 ὁῆμερος
2282 794 2342 832 καὶ

1314 851 1556 903 φιλάνθρωπος
1568 882 1578 899 ,
1602 851 1694 891 ἀλλὰ
1711 855 1824 891 ταῦτα
1844 852 1964 891 πάντα
1981 851 2154 905 ὓπεριδὼν
2172 854 2340 903 ἐπέθηκεν

1314 912 1372 950 ἐπὶ
1392 913 1451 952 τὸν
1481 914 1557 952 ὄνον
1572 943 1582 961 ,
1602 913 1663 952 καὶ
1683 915 1730 957 εἷς
1743 914 1948 966 πανδοχεῖον
1963 914 2094 967 ἤγαγεν
2115 929 2123 937 ·
2147 914 2244 954 οὐδὲν
2267 915 2343 954 τού·

1314 988 1383 1011 των
1403 973 1585 1021 ὑπείδετο,
1605 976 1643 1012 οὐ
1673 973 1827 1012 κίνδυνον
1842 1003 1852 1022 ,
1879 977 1918 1013 οὐ
1947 975 2142 1028 χρημάτων
2163 976 2344 1024 δαπάνην,

1316 1036 1378 1073 οὐκ
1398 1035 1486 1074 ἄλλο
1502 1035 1613 1075 οὐδέν.
1640 1037 1683 1074 lit
1704 1035 1739 1074 δὲ
1758 1039 1776 1074 ὁ
1799 1038 2026 1088 Σαμαρείτης
2040 1037 2131 1076 οὕτω
2146 1037 2344 1090 φιλάνθρω-

1317 1111 1380 1140 πος
1394 1097 1454 1136 καὶ
1472 1097 1602 1149 ἥμερος
1619 1098 1737 1149 γέγονε
1757 1098 1837 1150 περὶ
1856 1098 2037 1150 ἄνθρωπον
2056 1099 2247 1150 ἄγνωστον,
2265 1099 2343 1138 τίνα

1317 1157 1358 1196 ἂν
1378 1159 1519 1211 ἔχοιμεν
1539 1159 1748 1211 συγγνώμην
1768 1163 1870 1210 ἡμεῖς
1886 1189 1896 1207 ,
1925 1162 1994 1199 τῶν
2019 1161 2175 1212 ἀδελφῶν
2199 1163 2268 1199 τῶν
2288 1163 2343 1199 oi-

1317 1219 1419 1257 κείων
1453 1222 1662 1270 ἀμελοῦντες
1684 1220 1742 1258 ἐπὶ
1771 1220 1904 1271 μείζοσι
1930 1222 2159 1269 κακοῖς;Καὶ
2189 1222 2256 1274 γὰρ
2281 1222 2342 1260 καὶ

1317 1274 1412 1318 οὗτοι
1441 1283 1474 1318 οἱ
1502 1286 1560 1320 νῦν
1580 1281 2012 1333 νηστεύσαντες,λῃσταῑς
2038 1282 2244 1334 περιέπεσον
2270 1289 2343 1327 τοῖς

1317 1341 1517 1387 Ἰουδαίοις,
1541 1343 1674 1392 μᾶλλον
1706 1342 1742 1381 δὲ
1775 1345 1915 1395 λῃστῶν
1944 1343 2109 1382 ἁπάντων
2130 1344 2342 1395 χαλεπωτέ-

1319 1419 1388 1454 ροις
1402 1433 1412 1451 ,
1444 1403 1504 1442 καὶ
1525 1404 1668 1455 μείζονα
1686 1403 1765 1448 τοὺς
1785 1406 1831 1448 εἷς
1863 1403 1988 1448 αὐτοὺς
2008 1403 2246 1455 ἐμπίπτοντας
2281 1407 2344 1457 ἐρ·-

1265 1478 1288 1507 1)
1316 1465 1520 1516 γαζομένοις
1544 1464 1649 1504 κακοί.
1670 1466 1724 1504 Οὐ
1747 1464 1816 1518 γὰρ
1835 1464 1880 1504 τὰ
1895 1466 2021 1515 ἱμάτια
2042 1467 2154 1504 αὐτῶν
2174 1466 2341 1520 περιέῤῥη

1264 2390 1286 2420 E

1251 3040 1299 3065 67⁹

1318 1526 1403 1576 ξαν,
1425 1527 1503 1566 οὐδὲ
1531 1530 1582 1580 τῷ
1618 1526 1759 1578 σώματι
1791 1527 1931 1578 πληγὰς
1966 1527 2162 1580 ἐπήγαγον,
2181 1527 2341 1579 καθάπερ

1317 1591 1441 1628 ἐκεῖνοι
1465 1589 1560 1636 τότε,
1579 1589 1671 1628 ἀλλὰ
1690 1589 1752 1636 τὴν
1783 1588 1900 1642 ψυχὴν
1919 1589 2146 1643 κατέτρωσαν
2160 1620 2169 1638 ,
2191 1589 2250 1628 καὶ
2271 1606 2342 1641 μυ-

1318 1651 1376 1703 ρία
1395 1653 1483 1703 αὐτῇ
1514 1651 1699 1704 τραύματα
1719 1651 1855 1701 δόντες,
1877 1650 1987 1695 οὕτως
2006 1653 2180 1701 ἀπῆλθον,
2200 1651 2342 1704 ἀφέντες

1317 1714 1353 1751 ἐν
1374 1715 1424 1765 τῷ
1451 1713 1574 1765 λάκκῳ
1604 1715 1667 1758 τῆς
1692 1712 1856 1757 ἀσεὸείας
1890 1713 2082 1764 κειμένους.

1371 2014 1433 2059 Μὴ
1454 2015 1497 2062 δὴ
1516 2014 1722 2068 παρίδωμεν
1741 2014 1937 2067 τραγῳδίαν
1956 2014 2120 2061 τοιαύτην
2136 2042 2145 2061 ‚
2165 2014 2253 2066 μηδὲ
2270 2031 2342 2055 πα-

1317 2077 1552 2129 ραδράμωμεν
1569 2077 1725 2123 ἀνηλεῶς
1740 2075 1831 2114 οὕτω
1850 2075 1964 2126 θέαμα
1985 2076 2151 2123 ἐλεεινὸν,
2168 2075 2258 2116 ἀλλὰ
2274 2077 2340 2115 κᾶν

1317 2139 1428 2189 ἕτεροι
1446 2142 1548 2176 τοῦτο
1567 2139 1712 2185 ποιῶσι,
1728 2136 1770 2175 σὺ
1792 2137 1841 2188 μὴ
1871 2137 2022 2190 ποιήσῃς
2038 2151 2046 2159 ·
2070 2137 2119 2189 μὴ
2136 2137 2236 2190 εἴπῃς
2253 2138 2340 2190 πρὸς

1317 2200 1461 2239 σεαυτὸν
1477 2230 1487 2248 ,
1502 2198 1669 2250 κοσμικός
1687 2201 1760 2249 εἰμι
1778 2198 1885 2250 ἀνὴρ,
1902 2204 2050 2251 γυναῖκα
2077 2199 2148 2251 ἔχω
2165 2199 2225 2237 καὶ
2251 2204 2339 2237 παῖ-

1317 2264 1401 2310 δας,
1422 2264 1535 2300 ταῦτα
1567 2263 1635 2300 τῶν
1658 2260 1778 2314 ἱερέων
1809 2260 1906 2310 ἐστὶ,
1934 2265 2044 2300 ταῦτα
2068 2262 2138 2298 τῶν
2159 2262 2339 2313 μοναχῶν.

1315 2323 1408 2364 Οὐδὲ
1436 2322 1503 2376 γὰρ
1523 2326 1540 2362 ὁ
1559 2322 1786 2375 Σαμαρείτης
1804 2324 1931 2366 ἐκεῖνος
1949 2325 2061 2360 ταῦτα
2081 2315 2179 2369 εἶπε,
2195 2324 2262 2361 ποῦ
2281 2325 2339 2360 νῦν

1313 2389 1345 2425 οἱ
1365 2389 1487 2438 ἱερεῑς;
1503 2388 1571 2423 ποῦ
1592 2389 1650 2424 νῦν
1684 2385 1715 2423 οἱ
1736 2385 1951 2436 Φαρισαῖοι;
1975 2387 2043 2423 ποῦ
2059 2385 2128 2422 τῶν
2161 2382 2341 2423 Ἰουδαίων

1314 2450 1346 2486 οἱ
1375 2447 1601 2495 διδάσκαλοι;
1628 2447 1706 2484 ἀλλ’
1725 2446 1847 2499 ὥσπερ
1873 2462 1907 2484 τι
1924 2445 2068 2498 θήραμα
2098 2444 2264 2497 μέγιστον
2283 2446 2341 2483 εὓ-

1316 2509 1402 2560 ρὼν,
1422 2508 1531 2553 οὕτως
1552 2508 1692 2560 ἥρπασε
1710 2508 1750 2547 τὸ
1767 2508 1898 2559 κέρδος.
1917 2507 1986 2546 Καὶ
2019 2505 2061 2545 σὺ
2088 2506 2203 2546 τοίνυν
2216 2537 2229 2557 ,
2256 2505 2339 2545 ὅταν

1314 2571 1389 2623 ἴδῃς
1402 2572 1482 2609 τινὰ
1496 2570 1658 2620 δεόμενον
1675 2568 1860 2621 θεραπείας
1878 2569 1901 2615 ἢ
1919 2570 2122 2619 σωματικῆς
2139 2567 2162 2614 ἢ
2176 2570 2340 2620 ψυχικῆς,

1315 2633 1364 2684 μὴ
1387 2632 1466 2684 λέγε
1485 2632 1571 2684 πρὸς
1587 2630 1827 2676 ἑαυτὸν,τίνος
1845 2629 1961 2668 ἕνεκεν
1976 2633 1995 2668 ὁ
2014 2630 2109 2668 δεῖνα
2128 2628 2190 2668 καὶ
2206 2632 2225 2667 ὁ
2243 2629 2339 2667 δεῖνα

1315 2693 1418 2733 αὐτὸν
1448 2695 1510 2732 οὐκ
1537 2693 1788 2745 ἐθεράπευσεν,
1809 2693 1886 2730 ἀλλ’
1908 2689 2107 2734 ἀπάλλαξον
2130 2691 2193 2736 τῆς
2219 2690 2341 2742 ἀῤῥω-

1315 2756 1426 2803 στίας,
1445 2754 1570 2805 καὶμὴ
1591 2754 1733 2792 ἀπαίτει
1753 2753 1903 2795 ἐκείνους
1922 2751 2061 2795 εὐθύνας
2079 2754 2141 2798 τῆς
2160 2751 2339 2802 ἀμελείας.

1315 2818 1404 2857 Ἐὰν
1425 2817 1525 2870 εὕρῃς
1538 2816 1695 2868 χρυσίον,
1706 2814 1784 2854 εἶπέ
1795 2829 1870 2865 μοι,
1883 2814 2057 2865 κείμενον,
2068 2812 2118 2864 μὴ
2132 2813 2245 2865 λέγεις
2255 2814 2342 2866 πρὸς

1316 2877 1572 2927 σεαυτὸν,τίνος
1587 2877 1702 2915 ἕνεκεν
1717 2879 1734 2914 ὁ
1747 2878 1841 2914 δεῖνα
1858 2875 1918 2914 καὶ
1933 2878 1952 2914 ὁ
1965 2876 2059 2913 δεῖνα
2075 2875 2159 2914 αὐτὸ
2171 2876 2235 2913 οὐκ
2249 2874 2341 2915 ἀνεί-

1314 2943 1428 2987 λοντο,
1447 2940 1524 2977 ἀλλ’
1544 2941 1583 2978 οὐ
1599 2938 1802 2983 σπουδάζεις
1829 2936 1898 2988 πρὸ
1919 2939 1989 2975 τῶν
2006 2936 2121 2975 ἄλλων
2137 2940 2151 2958 ⁰
2163 2935 2344 2988 ἁρπάσαις

1316 3003 1424 3043 Οὕτω
1443 3001 1502 3040 καὶ
1524 2999 1583 3039 ἐπὶ
1600 3002 1670 3038 τῶν
1685 2998 1924 3037 πεπτωκότων
1943 2999 2101 3050 ἀδελφῶν
2121 2997 2272 3048 λογίζου,
2281 2996 2344 3036 καὶ

281 3063 361 3102 dem
381 3074 414 3102 et
432 3064 477 3103 de
496 3065 664 3104 fratribus
683 3066 850 3118 collapsis
875 3065 1012 3117 cogita,
1041 3074 1238 3118 putatoque
1264 3078 1287 3107 Λ
1317 3064 1436 3115 νόμιζε
1450 3061 1625 3115 θησαυρὸν
1654 3059 1834 3114 εὑρηκέναι
1854 3059 1917 3106 τὴν
1945 3059 2150 3110 ἐπιμέλειαν
2169 3058 2233 3106 τὴν
2252 3057 2344 3098 ἐκεί-

285 3132 317 3161 te
332 3125 533 3165 thesaurum
548 3128 732 3180 reperisse,
750 3128 921 3165 nimirum
936 3141 1057 3165 curam
1076 3127 1234 3166 illorum.

286 3182 423 3222 Etenim
439 3187 467 3224 si
486 3187 715 3226 instillaveris
735 3188 787 3225 illi
807 3188 905 3226 velut
923 3188 1043 3227 oleum
1066 3188 1238 3227 sermonis

283 3243 496 3294 doctrinam,
516 3249 543 3285 si
567 3249 734 3296 ligaveris
767 3250 1062 3298 mansuetudine,
1084 3250 1112 3288 si
1132 3263 1236 3289 sana-

287 3305 378 3341 veris
409 3307 589 3345 tolerantia
611 3324 617 3344 :
643 3309 701 3345 ille
723 3319 755 3347 te
786 3310 885 3347 saciet
921 3311 1087 3349 ditiorem
1109 3311 1238 3362 quovis

86 3363 150 3391 Jf'·
171 3362 200 3391 5·
222 3369 266 3401 ¹9>
289 3364 462 3402 thesauro.
477 3370 549 3415 Qui
570 3372 670 3406 entim
688 3371 860 3409 aduret-it
887 3376 1134 3423 preta'osnma
1150 3374 1237 3418 vili,

1315 3126 1460 3165 νων.Ἂν
1480 3125 1549 3178 γὰρ
1568 3121 1756 3173 ἐπιστάξῃς
1776 3123 1869 3172 αὐτῷ
1888 3121 2048 3173 καθάπερ
2068 3120 2184 3159 ἔλαιον
2202 3122 2263 3159 τοῦ
2279 3118 2343 3158 λό-

1316 3203 1378 3240 γου
1402 3186 1467 3235 τὴν
1487 3182 1734 3228 διδασκαλίαν,
1754 3182 1794 3220 ἂν
1824 3182 2025 3233 καταδήσῃς
2054 3183 2098 3233 τῇ
2125 3180 2342 3233 προσηνεία,

1318 3249 1358 3287 ἂν
1379 3246 1594 3300 θεραπεύσῃς
1617 3247 1661 3297 τῇ
1677 3242 1857 3295 καρτερία,
1896 3246 2071 3295 θησαυροῦ
2090 3242 2221 3286 παντὸς
2239 3243 2343 3281 εὐπο-

1319 3310 1468 3362 ριῖιτερόν
1491 3323 1529 3346 σε
1545 3302 1642 3350 οὗτος
1664 3305 1859 3358 ἐργάσεται.
1872 3303 1918 3342 ‘O
1934 3304 2001 3357 γὰρ
2017 3303 2195 3355 ἐξαγαγὼν
2213 3303 2344 3354 τίμιον,

1318 3371 1422 3423 φησὶν
1436 3400 1445 3417 ,
1467 3369 1502 3413 ἐξ
1534 3367 1673 3412 ἀναξίου
1687 3396 1696 3411 ,
1716 3369 1763 3410 ὡς
1795 3365 1909 3415 στόμα
1934 3381 1998 3416 μου
2020 3365 2130 3403 ἔσται.
2149 3364 2196 3403 Τί
2222 3363 2341 3403 τούτου

333 3502 341 3510 f
380 3489 438 3522 &lu
457 3493 604 3523 ὀψε-,ὑπ
649 3493 774 3529 ll'aulo
790 3502 864 3527 nutu·
884 3496 947 3527 Sax-
983 3502 1027 3528 ,73
1048 3501 1089 3530 σᾷ,
1105 3495 1222 3528 Moutl'.
1245 3500 1337 3538 ἀλλὰ,
1351 3493 1437 3529 und«-
1453 3493 1644 3535 scripsimus
1657 3495 1725 3525 ἀλλ’
1741 3492 1802 3533 ολ]

2461 3021 2497 3635 g

2445 3739 2485 3871 l
