2513 3871
131 393 157 412 Ι.
180 385 250 412 Cor.
266 391 296 413 tt

121 463 155 491 lb
190 473 217 489 v,
237 471 286 491 22.

122 630 240 655 henr.
258 636 304 655 ta.

118 677 168 708 39-

118 819 145 840 t.
165 812 302 842 Cor.15.

112 852 166 883 35.

117 1125 142 1146 t.
175 1120 243 1146 Cor.
272 1128 297 1148 ι.

114 1166 160 1187 10.

333 248 389 305 7ςῇ
403 261 423 288 2

329 352 429 392 peres
451 337 676 376 contemsisse
698 333 919 386 significavit
931 332 1040 371 etiam
1055 345 1139 371 cum
1156 332 1254 370 dixit
1272 347 1279 367 :

329 402 448 440 Alius
463 400 617 452 quidem
631 400 767 446 esurit,
782 397 887 434 alius
907 404 1037 434 autem
1051 396 1179 433 ebrius
1195 402 1253 433 est
1268 409 1281 431 .-

326 471 359 500 et
377 474 517 505 rursus,
533 459 618 497 Aut
639 458 859 496 Ecclesiam
875 458 953 495 Dei·
968 457 1232 500 contemnitis,
1247 464 1284 492 σι

323 522 564 573 confunditis
588 532 653 557 eos
684 521 750 569 qui
787 532 866 556 non
900 519 1076 556 habent?
1101 516 1280 563 Quoniam

321 593 439 622 autem
454 582 498 620 ad
516 582 648 633 majora
664 580 757 619 dona
772 579 892 619 cuncti
906 579 1037 647 cupide
1049 577 1280 624 accedebam,

750 255 788 285 S.
826 253 1013 284 JoAn'Nts
1047 250 1272 282 cttnYSOST
1331 251 1534 282 Attettutt‘.
1575 251 1936 283 CONSTAN'rtNOt’.

1356 332 1608 384 καταισχύνετε
1625 332 1706 378 τοὺς
1727 334 1777 385 μὴ
1799 334 1962 385 ἔχοντας
1983 333 2131 381 Ἐπειδὴ
2165 333 2201 373 δὲ
2229 334 2290 372 καὶ
2309 340 2380 379 τοῖς

1357 393 1494 444 μείζοσι
1506 396 1577 432 τῶν
1592 395 1825 447 χαρισμάτων
1844 394 1996 438 ἅπαντες
2026 394 2211 442 ἐπεπήδων
2223 423 2234 443 ,
2253 394 2314 433 καὶ
2340 396 2382 434 τὸ

1358 453 1503 494 ἔλαττον
1523 455 1634 499 οὐδεὶς
1656 456 1886 507 κατεδέχετο,
1915 455 2018 508 φησί·
2047 456 2109 502 Μὴ
2134 456 2264 501 πάντες
2287 456 2382 495 ἀπύ-

1356 518 1491 564 στολοι;
1510 517 1560 567 μὴ
1588 517 1718 562 πάντες
1745 520 1947 569 προφῆται;
1961 516 2050 556 Ὅτι
2074 515 2110 556 δὲ
2130 517 2191 556 καὶ
2218 517 2383 570 περὶτῆς

1355 578 1581 622 ἀναστάσεως
1602 577 1851 631 ἀμφέὸαλλον,
1871 577 1966 616 ”Αλλ
1984 580 2056 630 ἐρεῖ
2079 593 2153 624 τις,
2176 578 2286 630 φησὶ,
2306 580 2383 622 πῶς

320 654 354 683 et
374 644 510 683 minora
537 657 640 682 nemo
663 641 882 694 recipiebat,
904 641 957 679 sic
980 640 1060 678 ait.
1080 639 1282 691 Numquid
1304 642 1326 672 B
1353 639 1546 690 ἐγείρονται
1562 640 1594 678 οῖ
1615 639 1751 692 νεκροί;
1772 638 1864 691 ποίῳ
1877 638 1914 677 δὲ
1933 639 2074 691 σώματι
2088 638 2270 692 ἔρχονται;
2285 638 2382 679 ”Αλλ

322 719 453 744 omnes
471 705 673 757 apostoli?
693 703 886 755 numquid
905 713 1034 740 omnes
1048 701 1247 753 prophetet
1261 704 1279 737 ἓ

322 768 433 806 Porro
449 765 493 805 de
510 765 766 803 resurreetione
785 777 927 815 quoqne
942 762 1126 801 dubitasse
1139 761 1221 800 illos
1232 774 1278 800 ex

322 827 380 866 his
393 826 558 878 colliges:
571 826 645 865 Sed
659 826 758 863 dicet
769 826 928 876 aliquas,
941 823 1142 875 Quomodo
1152 836 1277 861 resun-

321 897 421 940 gunt
444 888 611 926 mortui?
628 887 739 939 quali
758 895 890 925 autem
904 899 1063 936 corpore
1084 887 1278 923 veniunt?

322 950 578 987 Verumtamen
589 962 672 986 cum
687 948 798 986 multa
811 956 926 999 posset
939 947 1012 984 illis
1025 945 1114 984 vitio
1126 954 1275 991 vertere,

320 1010 410 1048 nihil
434 1011 464 1048 ei
485 1009 553 1048 fuit
572 1009 757 1059 antiquius
771 1038 781 1057 ,
803 1022 912 1060 quam
938 1017 977 1046 ut
996 1007 1041 1046 de
1065 1006 1219 1045 dissidio
1241 1015 1274 1044 ct

318 1071 542 1109 contentione
560 1084 641 1109 cum
662 1070 735 1108 illis
752 1079 870 1121 ageret
892 1085 902 1108 ε
922 1069 1042 1120 itaque
1057 1069 1134 1121 jam
1153 1067 1236 1105 inde
1253 1081 1273 1106 a

319 1132 497 1184 principio
511 1132 669 1184 epistolae
689 1131 740 1169 sic
759 1132 807 1168 ait
828 1146 836 1167 :
854 1132 1020 1169 Obsecro
1034 1138 1164 1168 autem
1182 1142 1269 1175 vos,

311 1194 475 1244 fratres,
490 1204 557 1242 per
575 1205 714 1229 nomen
733 1193 895 1229 Domini
911 1193 1033 1229 nostri
1047 1191 1142 1228 Jesu
1160 1191 1272 1228 Chri·

315 1256 379 1298 sti,
399 1253 624 1303 utid1‘psum
648 1253 789 1290 dicatis
809 1254 964 1296 Omnes,
983 1259 1020 1289 et
1042 1264 1120 1288 non
1138 1252 1214 1288 sint
1231 1252 1274 1287 in

313 1315 428 1352 vobis
446 1314 678 1352 schismata.
696 1312 839 1352 Sciebat
853 1312 1000 1364 quippe,
1016 1310 1150 1350 sciebat
1163 1310 1273 1362 probe

313 1375 381 1413 hoc
398 1388 473 1413 csse
493 1373 589 1425 quod
614 1387 684 1426 prae
710 1373 846 1411 czeteris
868 1373 1034 1425 urgebat.
1063 1371 1272 1409 Fornicator
1294 1387 1318 1418 C

312 1437 340 1474 si
356 1437 558 1487 frequenter
572 1435 606 1472 in
623 1434 809 1472 ecclesiam
827 1432 1065 1485 ingrediatur,
1091 1441 1126 1470 et
1143 1445 1272 1484 super-

312 1498 392 1543 hus,
411 1507 473 1535 aut
492 1497 552 1548 qui
569 1497 659 1536 vitio
677 1495 808 1547 quovis
827 1496 898 1534 alio
915 1495 1066 1542 laboret,
1082 1494 1167 1541 cito,
1181 1493 1271 1532 dum

311 1559 453 1598 assidue
474 1558 636 1597 doctrina
657 1557 809 1604 fruitur,
828 1556 921 1595 illud
939 1556 1120 1609 expellet,
1139 1564 1175 1594 et
1195 1555 1270 1607 pri·

311 1621 441 1659 stinam
460 1620 606 1672 recipiet
623 1619 812 1658 sanitatem
834 1634 843 1655 ε
861 1619 924 1670 qui
944 1632 1029 1657 vero
1046 1617 1206 1669 seipsum
1223 1617 1270 1656 ab

311 1681 378 1721 hoc
394 1690 571 1720 conventu
591 1681 804 1734 sejunxerit,
822 1689 857 1718 et
874 1682 1022 1719 Pau-um
1043 1693 1082 1717 se
1099 1677 1270 1717 doctrinae

311 1743 545 1790 subtraxerit,
561 1751 697 1793 atquea
713 1741 843 1780 medici
858 1741 1003 1780 officina
1020 1741 1145 1792 procul
1159 1753 1270 1778 reces-

311 1803 407 1850 serit,
417 1803 583 1854 quamvis
597 1817 683 1841 sano
697 1815 848 1855 corpore
859 1815 934 1841 esse
947 1800 1127 1846 videatur,
1144 1814 1271 1851 quam·

314 1866 477 1917 primum
492 1864 526 1902 in
546 1864 713 1902 morbum
733 1862 879 1902 incidet.
902 1862 946 1900 Et
965 1860 1270 1913 quemadmodum

311 1927 469 1978 optimus
483 1925 660 1973 medicus,
679 1924 797 1963 sedata
814 1925 915 1977 prius
928 1932 961 1962 et
974 1923 1151 1961 exstincta
1167 1922 1270 1971 febri,

310 1986 440 2025 deinde
469 1986 648 2024 ulceribus
675 1999 717 2024 ac
746 1984 976 2037 ruptionibus
1009 1984 1170 2022 medetur
1191 1999 1200 2021 ε
1221 1985 1270 2022 ita

312 2048 394 2086 fecit
413 2056 448 2085 et
468 2047 623 2094 Paulus,
647 2047 748 2098 prius
769 2045 990 2084 dissensione
1008 2044 1165 2093 sublata,
1192 2053 1271 2083 tum

312 2107 459 2146 demum
471 2106 694 2157 singulorum
706 2105 851 2144 vulnera
863 2104 1106 2142 membrorum
1116 2104 1269 2142 curavit.
1293 2119 1318 2150 [ι

315 2170 503 2221 Propterea
525 2182 666 2218 quoque
678 2167 724 2205 de
739 2167 807 2204 hoc
822 2176 904 2204 ante
917 2165 1036 2204 omnia
1053 2166 1161 2204 verba
1171 2165 1270 2215 facit,

315 2239 355 2268 ut
372 2244 483 2281 neque
499 2231 590 2268 inter
607 2244 643 2267 sc
654 2228 871 2276 dissideant,
888 2241 999 2279 neque
1019 2227 1183 2280 proprios
1199 2227 1270 2266 sibi

314 2301 466 2330 rectores
477 2292 669 2342 assignent,
684 2303 771 2327 neve
783 2288 913 2327 multas
925 2289 960 2326 in
974 2297 1091 2340 partes
1101 2287 1271 2327 dividant

314 2353 448 2391 Christi
468 2366 608 2405 corpus.
629 2351 712 2389 tlaec
725 2359 845 2388 autem
860 2363 929 2388 non
949 2349 1024 2388 illis
1041 2350 1158 2388 solum
1173 2349 1269 2388 dice-

313 2413 387 2462 bat,
406 2413 468 2452 sed
484 2423 518 2452 ct
539 2414 594 2451 his
610 2421 689 2465 post
709 2412 789 2450 illos
805 2411 866 2462 qui
881 2410 1005 2449 eodem
1024 2410 1150 2450 morbo
1169 2411 1269 2449 labo-

313 2484 392 2514 rant
410 2491 418 2513 :
433 2489 522 2526 quos
540 2473 705 2525 equidem
725 2472 928 2511 sciscitarer
947 2472 1094 2519 lubens,
1113 2471 1202 2522 quid
1221 2472 1269 2511 sit

314 2536 461 2582 Pascha,
483 2535 572 2587 quid
589 2535 633 2573 sit
652 2533 959 2583 Quadi-agesiina3
978 2543 1012 2571 ct
1030 2532 1119 2584 quid
1134 2534 1178 2571 sit
1199 2535 1269 2573 Ju-

312 2597 472 2644 daicum,
490 2595 578 2648 quid
594 2597 638 2634 sit
656 2604 818 2633 nostruin
835 2609 846 2643 ;
862 2603 924 2632 aut
939 2608 1048 2645 quam
1064 2594 1112 2632 ob
1124 2608 1268 2633 causam

314 2658 405 2696 illud
415 2658 558 2710 quidem
571 2657 676 2695 semel
688 2658 790 2694 annis
804 2655 956 2706 singulis
969 2656 1080 2703 fieret,
1097 2655 1165 2693 hoc
1182 2670 1268 2695 vero

314 2720 465 2768 singulis
486 2720 519 2758 in
541 2718 698 2758 collectis
713 2717 910 2756 celebretur
930 2733 937 2754 ε
955 2717 1047 2768 quid
1066 2717 1134 2755 sibi
1156 2717 1269 2756 velint

315 2795 457 2833 azyma3
477 2790 510 2820 ct
529 2781 600 2819 alia
615 2780 670 2818 his
684 2780 797 2817 multo
815 2779 935 2831 plura,
951 2793 1030 2829 qua:
1045 2777 1093 2816 ad
1111 2778 1177 2816 boc
1190 2792 1267 2830 per·
1291 2799 1314 2830 E

316 2843 426 2880 tint-ut
440 2851 701 2891 argumentum.
713 2842 809 2879 Tum
825 2854 908 2878 vcro
921 2840 1030 2893 probe
1039 2853 1266 2891 cognoscere-

318 2904 361 2939 tis
377 2918 482 2954 «piam
505 2902 752 2955 intempestiva
773 2902 916 2940 illorum
932 2901 978 2939 sit
997 2901 1190 2949 contentio,
1204 2901 1266 2953 qui

318 2979 396 3001 vum
414 2979 456 3002 uc
467 2965 635 3003 rationem
652 2963 797 3014 quidem
820 2961 970 3002 reddere
984 2962 1029 3001 de
1046 2962 1118 3000 illis
1133 2963 1269 3015 possint

316 3039 394 3075 quru-
406 3027 550 3071 faciunt,
563 3026 662 3077 quasi
680 3025 848 3063 omnibus
863 3024 933 3063 sint
947 3024 1193 3076 sapientiores,
1206 3039 1270 3063 nec

316 3086 450 3124 discant
461 3101 503 3125 ex
516 3087 649 3124 mvn-ris
660 3103 666 3124 :
677 3085 771 3137 quod
782 3085 1028 3124 damnandum
1040 3095 1090 3123 cst
1101 3086 1269 3132 maxime,

318 3161 395 3183 ι-ιιιη
418 3161 479 3184 noe.
500 3149 565 3198 ipsi
586 3148 710 3193 sciant,
736 3161 848 3198 neque
866 3161 926 3186 eos
945 3147 1006 3198 qui
1026 3147 1144 3185 sciunt
1160 3147 1268 3186 duces

319 3217 523 3255 sequnntur:
538 3208 597 3245 scd
609 3217 736 3246 tcincrc
747 3208 953 3247 inconsultae
964 3207 1109 3247 cuidant
1122 3223 1265 3247 consue-

315 3266 427 3304 tudini
448 3282 500 3304 res
517 3283 596 3304 suas
619 3268 861 3319 permittentes
883 3269 917 3307 in
937 3269 1102 3308 barathra
1123 3279 1155 3307 ct
1173 3285 1264 3321 pra*-

315 3327 432 3377 cupiti-t
449 3328 619 3365 scrantur.

353 3458 367 3481 ⁹¹
395 3458 506 3488 s''Url-
529 3474 588 3490 ·...
625 3474 699 3490 ιητι
720 3484 723 3497 ,
746 3460 845 3492 Ν.ι·-ιΙ.
868 3460 981 3492 nulius
1003 3476 1086 3494 new

1351 703 1446 751 ὅμως
1472 704 1629 740 τοσαῦτα
1663 701 1753 753 ἔχων
1788 699 1996 752 ἐγκαλέσαι,
2022 700 2120 739 οὐδὲν
2146 700 2217 754 πρὸ
2244 701 2377 740 ἐκείνου

1350 763 1437 815 πρὸς
1450 762 1571 805 αὐτοὺς
1587 756 1662 801 εἶπε
1678 764 1741 808 τῆς
1757 762 1973 806 διαστάσεως
1991 761 2131 809 καὶτῆς
2147 762 2358 816 φιλονεικίας
2368 778 2376 786 ·

1351 823 1431 863 ἀλλ’
1458 824 1583 867 εὐθέως
1618 823 1812 877 ἀρχόμενος
1839 825 1903 869 τῆς
1935 824 2144 871 ἐπιστολῆς,
2175 823 2266 864 οὕτω
2299 823 2376 866 πώς

1350 901 1456 939 φησι,
1473 888 1680 938 Παρακαλῶ
1700 887 1735 924 δὲ
1753 889 1859 937 ὑμᾶς,
1878 886 2034 939 ἀδελφοὶ,
2055 887 2112 925 διὰ
2125 890 2186 926 τοῦ
2204 886 2375 938 ὀνόματος

1349 953 1410 988 τοῦ
1442 949 1572 1000 Κυρίου
1599 950 1699 998 ἡμῶν
1723 948 1840 994 Ἰησοῦ
1874 950 2047 1000 Χριστοῦ,
2072 948 2130 987 ἵνα
2149 949 2190 988 τὸ
2210 949 2295 988 αὐτὸ
2311 950 2374 989 λε’-

1347 1025 1434 1061 γητε
1448 1010 1597 1053 πάντες.
1613 1011 1673 1048 καὶ
1690 1009 1738 1060 μὴ
1759 1005 1782 1062 ᾖ
1798 1012 1833 1049 ἐν
1848 1012 1931 1060 ὑμῖν
1950 1010 2144 1062 σχίσματα.
2163 1009 2267 1065 1ᾙδει
2284 1009 2374 1062 γὰρ,

1347 1071 1424 1122 ᾔδει
1439 1073 1577 1123 σαφῶς,
1596 1070 1649 1109 ὅτι
1665 1075 1766 1109 τοῦτο
1792 1071 1962 1124 πρότερον
1976 1065 2020 1118 ἦν
2034 1071 2074 1109 τὸ
2090 1076 2310 1122 κατεπεῖγον.
2327 1070 2374 1109 ‘O

1348 1131 1525 1183 πορνεύων
1550 1133 1591 1169 ἂν
1621 1135 1775 1184 eoves-63<
1795 1134 1842 1176 εἰς
1865 1132 1931 1179 τὴν
1951 1132 2142 1180 ἐκκλησίαν
2170 1132 2282 1184 εἰσίῃ,
2313 1133 2375 1171 καὶ

1345 1195 1364 1230 ὁ
1383 1193 1538 1240 ἀλαζὼν,
1556 1194 1616 1231 καὶ
1634 1195 1652 1230 ὁ
1673 1197 1786 1232 ὁτιοῦν
1801 1193 1892 1245 ἔχων
1908 1193 2098 1243 ἐλάττωμα
2110 1221 2121 1240 ,
2138 1194 2276 1246 ταχέως
2290 1194 2374 1233 αὐτὸ

1347 1257 1512 1306 συνεχοῦς
1541 1254 1726 1293 ἀπολαύων
1771 1255 2002 1297 διδασκαλίας
2035 1255 2279 1304 ἀπωθήσεται,
2312 1257 2374 1294 καὶ

1345 1315 1432 1368 πρὸς
1458 1315 1522 1363 τὴν
1555 1316 1689 1367 ὑγίειαν
1718 1315 1903 1362 ἐπανήξει·
1928 1318 1946 1353 ὁ
1977 1315 2096 1366 μέντοι
2133 1318 2198 1362 τῆς
2229 1317 2374 1357 συνόδου

1346 1376 1475 1423 ταύτης
1494 1377 1616 1415 ἑαυτὸν
1636 1376 1856 1428 ἀπορῤήξας,
1874 1377 1935 1414 καὶ
1961 1378 2023 1422 τῆς
2041 1379 2112 1414 τῶν
2132 1377 2296 1429 πατέρων
2315 1378 2375 1416 δι·

1347 1438 1538 1481 δασκαλίας
1564 1437 1815 1489 ὑπεξαγαγὼν,
1832 1438 1893 1475 καὶ
1910 1436 1950 1475 τὸ
1974 1438 2124 1489 ἰατρεῖον
2149 1437 2287 1490 φυγὼν,
2308 1439 2374 1477 κᾶν

1344 1499 1510 1551 ὑγιαίνειν
1528 1501 1635 1551 δοκῇ,
1654 1500 1789 1552 ταχέως
1817 1500 1864 1542 εἷς
1884 1499 2082 1551 ἇῤῥωστίαν
2101 1504 2274 1538 πεσεῖται.
2301 1501 2376 1539 Καὶ

1345 1561 1503 1613 καθάπερ
1519 1562 1635 1614 ἰατρὸς
1649 1562 1790 1615 ἄριστος
1808 1561 1866 1600 τὸν
1892 1560 2041 1614 πυρετὸν
2065 1563 2205 1612 πρῶτον
2221 1561 2373 1609 σὸέσας,

1344 1623 1423 1662 τότε
1441 1622 1486 1662 τὰ
1517 1623 1604 1670 ἕλκη
1629 1623 1688 1662 καὶ
1707 1624 1752 1662 τὰ
1773 1623 1938 1674 ῥήγματα
1965 1623 2183 1675 διορθοῦται·
2199 1623 2290 1662 οὕτω
2313 1626 2374 1663 καὶ

1345 1685 1488 1727 Παῦλος
1516 1684 1684 1731 ἐποίησε,
1719 1683 1890 1735 πρότερον
1917 1683 1982 1729 τὴν
2002 1683 2187 1722 διάστασιν
2216 1683 2373 1733 ἀνελὼν,

1343 1745 1422 1783 τότε
1447 1745 1492 1784 τὰ
1520 1746 1598 1784 καθ’
1628 1745 1776 1784 ἕκαστον
1803 1744 1908 1795 μέλος
1932 1744 2142 1796 ἐθεράπευσε
2170 1744 2371 1798 τραύματα.

1343 1806 1411 1845 Διὰ
1430 1810 1532 1846 τοῦτο
1550 1808 1611 1845 καὶ
1639 1807 1726 1859 ὑπὲρ
1753 1806 1874 1845 τούτου
1893 1805 2091 1857 διαλέγεται
2118 1805 2188 1858 πρὸ
2212 1808 2370 1855 τούτων,

1345 1867 1433 1920 μηδὲ
1454 1868 1653 1913 στασιάζειν
1671 1868 1758 1921 πρὸς
1771 1868 1958 1914 ἀλλήλους,
1980 1866 2070 1917 μηδὲ
2087 1867 2271 1911 οἰκείους*
2248 1883 2374 1921 αρχον·

1343 1947 1406 1976 τας
1427 1931 1701 1983 ἐπιγράφεσθαι,
1721 1929 1810 1980 μηδὲ
1833 1931 1882 1972 εἷς
1902 1928 2019 1968 πολλὰ
2037 1935 2250 1980 κατατεμεῖν
2279 1929 2369 1982 μέρη

1345 1993 1499 2046 Χριστοῦ
1519 1992 1560 2031 τὸ
1579 1995 1696 2043 σῶμα.
1715 1993 1840 2030 Ταῦτα
1864 1990 1901 2030 δὲ
1927 1993 1989 2030 οὐκ
2014 1990 2157 2034 ἐκείνοις
2179 1991 2276 2044 ἔλεγε
2298 1991 2368 2042 μό·-

1343 2068 1419 2102 νον,
1439 2053 1529 2092 ἀλλὰ
1546 2053 1605 2092 καὶ
1620 2052 1754 2096 τούτοις
1778 2055 1855 2103 μετ’
1873 2052 2023 2095 ἐκείνους
2041 2051 2088 2090 τὰ
2106 2051 2195 2090 αυτὰ
2210 2054 2369 2092 νοσοῦσιν

1343 2115 1507 2160 ἐκείνοις·
1527 2115 1585 2159 οὓς
1612 2115 1721 2163 ἡδέως
1740 2114 1850 2166 ἔγωγε
1871 2114 1912 2152 ἂν
1933 2113 2099 2165 ἐροίμην,
2126 2113 2162 2151 τί
2180 2113 2269 2152 ποτέ
2294 2116 2370 2152 ἐστι

1343 2177 1485 2230 πάσχα,
1507 2177 1542 2215 τί
1557 2177 1643 2216 ποτέ
1665 2178 1741 2215 ἐστι
1755 2175 2064 2228 ιτεσσαρειιιοιιϊή·
2082 2175 2143 2214 καὶ
2170 2174 2204 2213 τί
2235 2174 2300 2226 μὲν
2328 2174 2369 2215 τὸ

1344 2238 1536 2277 Ἰουδαϊκὸν
1549 2268 1559 2287 ,
1573 2238 1609 2277 τί
1629 2237 1665 2276 δὲ
1680 2237 1720 2275 τὸ
1733 2241 1905 2288 ἡμέτερον
1915 2252 1924 2261 ·
1938 2237 1999 2275 καὶ
2016 2236 2108 2280 τίνος
2122 2235 2238 2276 ἕνεκεν
2257 2238 2370 2276 ἐκεῖνο

1344 2299 1408 2350 μὲν
1428 2299 1521 2344 ἅπαξ
1535 2304 1596 2338 τοῦ
1610 2300 1766 2338 ἐνιαυτοῦ
1788 2297 1917 2341 παντὸς
1932 2297 2091 2349 ἐγένετο,
2112 2301 2216 2337 τοῦτο
2231 2297 2267 2336 δὲ
2287 2300 2366 2337 καθ’

1343 2361 1494 2408 ἑκάστην
1508 2363 1660 2399 τελεῖται
1677 2359 1833 2404 σύναξιν·
1852 2358 1887 2397 τί
1907 2358 2068 2411 βούλεται
2089 2358 2133 2398 τὰ
2153 2359 2289 2410 ἄζυμα·
2307 2359 2369 2398 καὶ

1342 2423 1445 2475 ἕτερα
1473 2424 1594 2475 πολλῷ
1611 2422 1757 2460 πλείονα
1783 2421 1916 2460 τούτων
1936 2422 1985 2464 εἷς
2001 2419 2111 2467 αὐτὴν
2139 2420 2268 2466 ταύτην
2285 2435 2368 2460 συν·

1341 2486 1508 2523 τελοῦντα
1525 2483 1589 2531 τὴν
1604 2483 1779 2522 ὑπόθεσιν.
1794 2482 1863 2522 Καὶ
1876 2481 1955 2520 τότε
1973 2481 2013 2519 ἃν
2030 2481 2158 2532 ἔγνωτε
2177 2484 2294 2525 καλῶς
2307 2483 2369 2520 αὖ·

1341 2549 1411 2584 τῶν
1429 2545 1492 2593 τὴν
1513 2546 1655 2597 ἄκαιρον
1673 2543 1886 2597 φιλονεικίαν
1900 2570 1910 2588 ,
1929 2543 1962 2582 οἳ
1983 2543 2072 2594 μηδὲ
2102 2542 2205 2594 λόγον
2219 2543 2302 2595 περὶ
2316 2536 2366 2581 ὧν

1341 2611 1499 2647 ποιοῦσιν
1519 2608 1709 2645 ἀποδοῦναι
1725 2603 1948 2655 δυνάμενοι,”’
1959 2605 2119 2657 καθάπερ
2134 2603 2299 2642 ἁπάντων
2310 2604 2366 2643 ὄν·

1340 2686 1396 2714 τες
1415 2669 1606 2721 σοριῖιτεροι
1619 2698 1628 2715 ,
1650 2668 1727 2707 οὔτε
1746 2669 1830 2719 παρ’
1857 2665 1983 2719 ἐτέρων
2005 2665 2258 2716 μανθάνουσιν,
2277 2665 2367 2718 ὅπερ

1341 2731 1494 2784 ἐσχάτης
1506 2731 1578 2769 ἐστὶ
1595 2728 1849 2780 καταγνώσεως
1862 2727 1952 2778 μήτε
1967 2725 2091 2769 αὐτοὺς
2107 2726 2234 2765 εἰδέναι
2245 2756 2256 2774 ,
2275 2727 2366 2778 μήτε

1341 2799 1411 2835 τοῖς
1427 2789 1713 2841 ἐπιτεταγμένοις
1730 2789 1873 2827 ἕπεσθαι
1885 2818 1894 2835 ,
1911 2788 1990 2827 ἀλλ’
2007 2788 2129 2831 ἁπλῶς
2148 2787 2265 2840 ἀλόγῳ
2283 2802 2366 2827 συν-

1341 2853 1441 2904 ηθείᾳ
1460 2852 1504 2890 τὰ
1523 2853 1600 2890 καθ’
1619 2849 1759 2892 ἑαυτοὺς
1780 2849 2047 2901 ἐπιτρέψαντες,
2065 2848 2156 2887 κατὰ
2181 2848 2365 2902 βαράθρων

1340 2915 1499 2968 φέρονται
1516 2913 1574 2951 καὶ
1591 2914 1768 2965 κρημνῶν,

1091 3476 1234 3506 ,τηου-η.
1255 3462 1330 3502 [διε
1350 3470 1437 3494 tecte.
1456 3465 1532 3494 bar.
1551 3463 1669 3494 itanu.
1690 3474 1794 3505 ιιινιεχ.
1814 3471 1951 3492 *arr-anm
1980 3457 1987 3497 1
