<?xml version="1.0" encoding="UTF-8"?>
<!DOCTYPE html PUBLIC "-//W3C//DTD XHTML 1.0 Transitional//EN"
    "http://www.w3.org/TR/xhtml1/DTD/xhtml1-transitional.dtd">
<html xmlns="http://www.w3.org/1999/xhtml" xml:lang="en" lang="en">
 <head>
  <title>
</title>
<meta http-equiv="Content-Type" content="text/html;charset=utf-8" />
  <meta name='ocr-system' content='tesseract 3.04.00' />
  <meta name='ocr-capabilities' content='ocr_page ocr_carea ocr_par ocr_line ocrx_word'/>
</head>
<body>
  <div class='ocr_page' id='page_1' title='image "./operaomniaquaeex01johnuoft/operaomniaquaeex01johnuoft_0115.png"; bbox 0 0 2549 3825; ppageno 0'>
   <div class='ocr_carea' id='block_1_1' title="bbox 706 279 1475 311">
    <p class='ocr_par' dir='ltr' id='par_1_1' title="bbox 706 279 1475 311">
     <span class='ocr_line' id='line_1_1' title="bbox 706 279 1475 311; baseline 0.003 -2"><span class='ocrx_word' id='word_1_1' title='bbox 706 279 933 309; x_wconf 79' lang='lat' dir='ltr'>ADVERSUS</span> <span class='ocrx_word' id='word_1_2' title='bbox 969 279 1145 309; x_wconf 70' lang='lat' dir='ltr'>OPPL&#39;GN</span> <span class='ocrx_word' id='word_1_3' title='bbox 1154 280 1325 310; x_wconf 70' lang='lat' dir='ltr'>ATORES</span> <span class='ocrx_word' id='word_1_4' title='bbox 1361 282 1475 311; x_wconf 69' lang='lat' dir='ltr'>VlTJi.</span> 
     </span>
    </p>
   </div>
   <div class='ocr_carea' id='block_1_2' title="bbox 268 359 1291 776">
    <p class='ocr_par' dir='ltr' id='par_1_2' title="bbox 268 359 1291 776">
     <span class='ocr_line' id='line_1_2' title="bbox 273 359 1291 411; baseline -0.004 -9"><span class='ocrx_word' id='word_1_5' title='bbox 273 361 519 402; x_wconf 65' lang='grc' dir='ltr'>*ἐπακούσεται</span> <span class='ocrx_word' id='word_1_6' title='bbox 537 363 555 398; x_wconf 81' lang='grc' dir='ltr'>ὁ</span> <span class='ocrx_word' id='word_1_7' title='bbox 575 362 609 398; x_wconf 84' lang='grc' dir='ltr'>ἐν</span> <span class='ocrx_word' id='word_1_8' title='bbox 629 361 776 410; x_wconf 86' lang='grc' dir='ltr'>δύναμει</span> <span class='ocrx_word' id='word_1_9' title='bbox 795 359 856 408; x_wconf 84' lang='grc' dir='ltr'>ὢν,</span> <span class='ocrx_word' id='word_1_10' title='bbox 874 360 932 397; x_wconf 80' lang='grc' dir='ltr'>καὶ</span> <span class='ocrx_word' id='word_1_11' title='bbox 950 362 985 398; x_wconf 83' lang='grc' dir='ltr'>ἐν</span> <span class='ocrx_word' id='word_1_12' title='bbox 1004 367 1075 403; x_wconf 84' lang='grc' dir='ltr'>τοῖς</span> <span class='ocrx_word' id='word_1_13' title='bbox 1100 361 1291 411; x_wconf 77' lang='grc' dir='ltr'>βασιλείοις</span> 
     </span>
     <span class='ocr_line' id='line_1_3' title="bbox 272 420 1289 474; baseline 0 -14"><span class='ocrx_word' id='word_1_14' title='bbox 272 421 518 474; x_wconf 75' lang='grc' dir='ltr'>στρεφόμενος,</span> <span class='ocrx_word' id='word_1_15' title='bbox 537 423 588 473; x_wconf 82' lang='grc' dir='ltr'>τῷ</span> <span class='ocrx_word' id='word_1_16' title='bbox 616 420 824 458; x_wconf 80' lang='grc' dir='ltr'>πλουτοῦντι</span> <span class='ocrx_word' id='word_1_17' title='bbox 850 437 924 467; x_wconf 94' lang='grc' dir='ltr'>σοι,</span> <span class='ocrx_word' id='word_1_18' title='bbox 944 421 1004 459; x_wconf 83' lang='grc' dir='ltr'>καὶ</span> <span class='ocrx_word' id='word_1_19' title='bbox 1030 422 1066 459; x_wconf 81' lang='grc' dir='ltr'>δν</span> <span class='ocrx_word' id='word_1_20' title='bbox 1099 422 1289 460; x_wconf 74' lang='grc' dir='ltr'>ὑποπτεύει</span> 
     </span>
     <span class='ocr_line' id='line_1_4' title="bbox 271 479 1288 533; baseline 0 -15"><span class='ocrx_word' id='word_1_21' title='bbox 271 481 371 518; x_wconf 81' lang='grc' dir='ltr'>ἕνεκα</span> <span class='ocrx_word' id='word_1_22' title='bbox 399 480 594 531; x_wconf 84' lang='grc' dir='ltr'>χρημάτων</span> <span class='ocrx_word' id='word_1_23' title='bbox 608 511 618 528; x_wconf 90' lang='grc'>,</span> <span class='ocrx_word' id='word_1_24' title='bbox 637 480 751 519; x_wconf 86' lang='grc' dir='ltr'>πολλὰ</span> <span class='ocrx_word' id='word_1_25' title='bbox 766 479 935 522; x_wconf 79' lang='grc' dir='ltr'>πολλάκις</span> <span class='ocrx_word' id='word_1_26' title='bbox 962 486 1073 518; x_wconf 79' lang='grc' dir='ltr'>ποιεῖν</span> <span class='ocrx_word' id='word_1_27' title='bbox 1091 480 1113 527; x_wconf 82' lang='grc' dir='ltr'>ἢ</span> <span class='ocrx_word' id='word_1_28' title='bbox 1135 484 1184 533; x_wconf 80' lang='grc' dir='ltr'>τῷ</span> <span class='ocrx_word' id='word_1_29' title='bbox 1205 481 1288 530; x_wconf 85' lang='grc' dir='ltr'>μίαν</span> 
     </span>
     <span class='ocr_line' id='line_1_5' title="bbox 269 540 1289 592; baseline 0 -13"><span class='ocrx_word' id='word_1_30' title='bbox 269 541 385 592; x_wconf 82' lang='grc' dir='ltr'>ἔχοντι</span> <span class='ocrx_word' id='word_1_31' title='bbox 402 544 471 579; x_wconf 86' lang='grc' dir='ltr'>τῶν</span> <span class='ocrx_word' id='word_1_32' title='bbox 487 541 734 592; x_wconf 80' lang='grc' dir='ltr'>ἐπιταγμάτων</span> <span class='ocrx_word' id='word_1_33' title='bbox 748 540 997 588; x_wconf 81' lang='grc' dir='ltr'>ὑπόθεσιν,τὴν</span> <span class='ocrx_word' id='word_1_34' title='bbox 1008 544 1055 584; x_wconf 85' lang='grc' dir='ltr'>εἷς</span> <span class='ocrx_word' id='word_1_35' title='bbox 1073 541 1150 585; x_wconf 80' lang='grc' dir='ltr'>τοὺς</span> <span class='ocrx_word' id='word_1_36' title='bbox 1165 542 1289 585; x_wconf 80' lang='grc' dir='ltr'>ἄλλους</span> 
     </span>
     <span class='ocr_line' id='line_1_6' title="bbox 269 598 1287 655; baseline 0.001 -16"><span class='ocrx_word' id='word_1_37' title='bbox 269 601 653 654; x_wconf 72' lang='grc' dir='ltr'>φιλανθρωπίαν;’1“ίνα</span> <span class='ocrx_word' id='word_1_38' title='bbox 667 601 811 653; x_wconf 82' lang='grc' dir='ltr'>τιμήσει</span> <span class='ocrx_word' id='word_1_39' title='bbox 827 602 886 639; x_wconf 85' lang='grc' dir='ltr'>καὶ</span> <span class='ocrx_word' id='word_1_40' title='bbox 905 603 1136 652; x_wconf 80' lang='grc' dir='ltr'>θαυμάσεται,</span> <span class='ocrx_word' id='word_1_41' title='bbox 1149 603 1230 655; x_wconf 84' lang='grc' dir='ltr'>περὶ</span> <span class='ocrx_word' id='word_1_42' title='bbox 1249 598 1287 640; x_wconf 67' lang='grc' dir='ltr'>οἷο</span> 
     </span>
     <span class='ocr_line' id='line_1_7' title="bbox 270 661 1288 710; baseline 0.002 -12"><span class='ocrx_word' id='word_1_43' title='bbox 270 661 378 709; x_wconf 80' lang='grc' dir='ltr'>μηδὲν</span> <span class='ocrx_word' id='word_1_44' title='bbox 397 662 559 700; x_wconf 79' lang='grc' dir='ltr'>ταπεινὸν</span> <span class='ocrx_word' id='word_1_45' title='bbox 577 665 792 701; x_wconf 80' lang='grc' dir='ltr'>ὑποπτεῦσαι</span> <span class='ocrx_word' id='word_1_46' title='bbox 806 661 937 700; x_wconf 81' lang='grc' dir='ltr'>δύναιτ’</span> <span class='ocrx_word' id='word_1_47' title='bbox 958 662 1011 710; x_wconf 82' lang='grc' dir='ltr'>ἂν,</span> <span class='ocrx_word' id='word_1_48' title='bbox 1030 663 1052 709; x_wconf 83' lang='grc' dir='ltr'>ἢ</span> <span class='ocrx_word' id='word_1_49' title='bbox 1072 663 1129 700; x_wconf 76' lang='grc' dir='ltr'>τὸν</span> <span class='ocrx_word' id='word_1_50' title='bbox 1145 663 1288 701; x_wconf 79' lang='grc' dir='ltr'>καὶτῶν</span> 
     </span>
     <span class='ocr_line' id='line_1_8' title="bbox 268 717 1284 776; baseline 0 -15"><span class='ocrx_word' id='word_1_51' title='bbox 268 725 410 762; x_wconf 79' lang='grc' dir='ltr'>οἰκετῶν</span> <span class='ocrx_word' id='word_1_52' title='bbox 433 723 675 775; x_wconf 86' lang='grc' dir='ltr'>ταπεινότερον</span> <span class='ocrx_word' id='word_1_53' title='bbox 699 717 786 761; x_wconf 68' lang='grc' dir='ltr'>εἶναι</span> <span class='ocrx_word' id='word_1_54' title='bbox 813 723 1036 773; x_wconf 84' lang='grc' dir='ltr'>νομιζόμενον</span> <span class='ocrx_word' id='word_1_55' title='bbox 1055 726 1125 760; x_wconf 83' lang='grc' dir='ltr'>τῶν</span> <span class='ocrx_word' id='word_1_56' title='bbox 1157 725 1284 776; x_wconf 64' lang='grc' dir='ltr'>αὐτοῦς</span> 
     </span>
    </p>
   </div>
   <div class='ocr_carea' id='block_1_3' title="bbox 1151 783 1283 832">
    <p class='ocr_par' dir='ltr' id='par_1_3' title="bbox 1151 783 1283 832">
     <span class='ocr_line' id='line_1_9' title="bbox 1151 783 1283 832; baseline 0.008 -10"><span class='ocrx_word' id='word_1_57' title='bbox 1151 783 1167 805; x_wconf 72' lang='lat'>‘¹</span> <span class='ocrx_word' id='word_1_58' title='bbox 1186 785 1256 823; x_wconf 81' lang='grc' dir='ltr'>δέοι</span> <span class='ocrx_word' id='word_1_59' title='bbox 1274 816 1283 832; x_wconf 93' lang='grc'>,</span> 
     </span>
    </p>
   </div>
   <div class='ocr_carea' id='block_1_4' title="bbox 265 783 1286 896">
    <p class='ocr_par' dir='ltr' id='par_1_4' title="bbox 265 783 1286 896">
     <span class='ocr_line' id='line_1_10' title="bbox 267 783 1134 836; baseline 0 -14"><span class='ocrx_word' id='word_1_60' title='bbox 267 783 436 834; x_wconf 85' lang='grc' dir='ltr'>Καθάπερ</span> <span class='ocrx_word' id='word_1_61' title='bbox 455 783 524 836; x_wconf 80' lang='grc' dir='ltr'>γὰρ</span> <span class='ocrx_word' id='word_1_62' title='bbox 548 786 583 821; x_wconf 82' lang='grc' dir='ltr'>ἓν</span> <span class='ocrx_word' id='word_1_63' title='bbox 602 784 784 836; x_wconf 85' lang='grc' dir='ltr'>χρήμασιν</span> <span class='ocrx_word' id='word_1_64' title='bbox 799 813 808 831; x_wconf 93' lang='grc'>,</span> <span class='ocrx_word' id='word_1_65' title='bbox 830 783 912 821; x_wconf 78' lang='grc' dir='ltr'>ὅταν</span> <span class='ocrx_word' id='word_1_66' title='bbox 935 784 1134 822; x_wconf 84' lang='grc' dir='ltr'>ἀναλίσκειν</span> 
     </span>
     <span class='ocr_line' id='line_1_11' title="bbox 265 842 1286 896; baseline 0.001 -14"><span class='ocrx_word' id='word_1_67' title='bbox 265 843 407 887; x_wconf 82' lang='grc' dir='ltr'>ἐκείνοις</span> <span class='ocrx_word' id='word_1_68' title='bbox 425 844 636 884; x_wconf 83' lang='grc' dir='ltr'>ὑπακούουσι</span> <span class='ocrx_word' id='word_1_69' title='bbox 652 847 803 896; x_wconf 84' lang='grc' dir='ltr'>μᾶλλον,</span> <span class='ocrx_word' id='word_1_70' title='bbox 826 842 917 882; x_wconf 79' lang='grc' dir='ltr'>οὕτω</span> <span class='ocrx_word' id='word_1_71' title='bbox 936 844 995 882; x_wconf 89' lang='grc' dir='ltr'>καὶ</span> <span class='ocrx_word' id='word_1_72' title='bbox 1013 847 1208 896; x_wconf 71' lang='grc' dir='ltr'>προστῆναι</span> <span class='ocrx_word' id='word_1_73' title='bbox 1225 861 1286 883; x_wconf 76' lang='grc' dir='ltr'>κε-</span> 
     </span>
    </p>
   </div>
   <div class='ocr_carea' id='block_1_5' title="bbox 264 905 434 944">
    <p class='ocr_par' dir='ltr' id='par_1_5' title="bbox 264 905 434 944">
     <span class='ocr_line' id='line_1_12' title="bbox 264 905 434 944; baseline -0.012 -1"><span class='ocrx_word' id='word_1_74' title='bbox 264 905 434 944; x_wconf 82' lang='grc' dir='ltr'>λεύουσιν.</span> 
     </span>
    </p>
   </div>
   <div class='ocr_carea' id='block_1_6' title="bbox 250 1221 1290 3288">
    <p class='ocr_par' dir='ltr' id='par_1_6' title="bbox 250 1221 1290 3288">
     <span class='ocr_line' id='line_1_13' title="bbox 316 1221 1287 1277; baseline 0 -15"><span class='ocrx_word' id='word_1_75' title='bbox 316 1225 361 1262; x_wconf 84' lang='grc' dir='ltr'>Εἷ</span> <span class='ocrx_word' id='word_1_76' title='bbox 383 1224 419 1262; x_wconf 79' lang='grc' dir='ltr'>δὲ</span> <span class='ocrx_word' id='word_1_77' title='bbox 441 1221 585 1275; x_wconf 84' lang='grc' dir='ltr'>βούλει,</span> <span class='ocrx_word' id='word_1_78' title='bbox 620 1225 728 1275; x_wconf 82' lang='grc' dir='ltr'>μηδὲν</span> <span class='ocrx_word' id='word_1_79' title='bbox 759 1226 803 1263; x_wconf 82' lang='grc' dir='ltr'>δι’</span> <span class='ocrx_word' id='word_1_80' title='bbox 834 1224 962 1277; x_wconf 84' lang='grc' dir='ltr'>ἑτέρων</span> <span class='ocrx_word' id='word_1_81' title='bbox 999 1224 1157 1273; x_wconf 87' lang='grc' dir='ltr'>ἀνυέτω,</span> <span class='ocrx_word' id='word_1_82' title='bbox 1195 1223 1287 1262; x_wconf 82' lang='grc' dir='ltr'>ἀλλὰ</span> 
     </span>
     <span class='ocr_line' id='line_1_14' title="bbox 263 1285 1287 1337; baseline 0 -14"><span class='ocrx_word' id='word_1_83' title='bbox 263 1286 308 1323; x_wconf 82' lang='grc' dir='ltr'>δι’</span> <span class='ocrx_word' id='word_1_84' title='bbox 332 1289 456 1324; x_wconf 78' lang='grc' dir='ltr'>ἑαυτοῦ</span> <span class='ocrx_word' id='word_1_85' title='bbox 478 1301 485 1310; x_wconf 91' lang='grc'><em>·</em></span> <span class='ocrx_word' id='word_1_86' title='bbox 502 1287 562 1324; x_wconf 84' lang='grc' dir='ltr'>καὶ</span> <span class='ocrx_word' id='word_1_87' title='bbox 575 1287 632 1325; x_wconf 86' lang='grc' dir='ltr'>τὸν</span> <span class='ocrx_word' id='word_1_88' title='bbox 659 1289 778 1329; x_wconf 81' lang='grc' dir='ltr'>κακῶς</span> <span class='ocrx_word' id='word_1_89' title='bbox 796 1286 952 1324; x_wconf 83' lang='grc' dir='ltr'>παθόντα</span> <span class='ocrx_word' id='word_1_90' title='bbox 979 1286 1040 1323; x_wconf 85' lang='grc' dir='ltr'>καὶ</span> <span class='ocrx_word' id='word_1_91' title='bbox 1061 1285 1147 1337; x_wconf 77' lang='grc' dir='ltr'>πρὸς</span> <span class='ocrx_word' id='word_1_92' title='bbox 1166 1289 1287 1323; x_wconf 75' lang='grc' dir='ltr'>τοῦτον</span> 
     </span>
     <span class='ocr_line' id='line_1_15' title="bbox 263 1345 1286 1398; baseline 0.001 -15"><span class='ocrx_word' id='word_1_93' title='bbox 263 1346 449 1397; x_wconf 81' lang='grc' dir='ltr'>ἀγάγωμεν</span> <span class='ocrx_word' id='word_1_94' title='bbox 480 1347 541 1384; x_wconf 82' lang='grc' dir='ltr'>καὶ</span> <span class='ocrx_word' id='word_1_95' title='bbox 568 1347 654 1398; x_wconf 84' lang='grc' dir='ltr'>πρὸς</span> <span class='ocrx_word' id='word_1_96' title='bbox 679 1346 718 1384; x_wconf 80' lang='grc' dir='ltr'>σὲ</span> <span class='ocrx_word' id='word_1_97' title='bbox 738 1376 747 1393; x_wconf 91' lang='grc'>,</span> <span class='ocrx_word' id='word_1_98' title='bbox 779 1348 911 1397; x_wconf 76' lang='grc' dir='ltr'>μᾶλλον</span> <span class='ocrx_word' id='word_1_99' title='bbox 944 1345 979 1385; x_wconf 79' lang='grc' dir='ltr'>δὲ</span> <span class='ocrx_word' id='word_1_100' title='bbox 998 1350 1012 1366; x_wconf 67' lang='lat'><strong>²</strong></span> <span class='ocrx_word' id='word_1_101' title='bbox 1040 1346 1088 1395; x_wconf 81' lang='grc' dir='ltr'>μὴ</span> <span class='ocrx_word' id='word_1_102' title='bbox 1109 1346 1195 1397; x_wconf 79' lang='grc' dir='ltr'>πρὸς</span> <span class='ocrx_word' id='word_1_103' title='bbox 1226 1345 1286 1394; x_wconf 81' lang='grc' dir='ltr'>σὲ,</span> 
     </span>
     <span class='ocr_line' id='line_1_16' title="bbox 263 1400 1289 1460; baseline 0 -16"><span class='ocrx_word' id='word_1_104' title='bbox 263 1407 354 1444; x_wconf 79' lang='grc' dir='ltr'>ἀλλὰ</span> <span class='ocrx_word' id='word_1_105' title='bbox 383 1408 468 1460; x_wconf 82' lang='grc' dir='ltr'>πρὸς</span> <span class='ocrx_word' id='word_1_106' title='bbox 500 1408 601 1446; x_wconf 78' lang='grc' dir='ltr'>αὐτὸν</span> <span class='ocrx_word' id='word_1_107' title='bbox 621 1407 677 1445; x_wconf 82' lang='grc' dir='ltr'>τὸν</span> <span class='ocrx_word' id='word_1_108' title='bbox 701 1407 930 1458; x_wconf 83' lang='grc' dir='ltr'>βασιλεύοντα</span> <span class='ocrx_word' id='word_1_109' title='bbox 951 1423 959 1430; x_wconf 92' lang='grc'><em>·</em></span> <span class='ocrx_word' id='word_1_110' title='bbox 988 1400 1062 1445; x_wconf 75' lang='grc' dir='ltr'>εἷτα</span> <span class='ocrx_word' id='word_1_111' title='bbox 1083 1406 1212 1456; x_wconf 87' lang='grc' dir='ltr'>ἴδωμεν</span> <span class='ocrx_word' id='word_1_112' title='bbox 1236 1406 1289 1450; x_wconf 92' lang='grc' dir='ltr'>τίς</span> 
     </span>
     <span class='ocr_line' id='line_1_17' title="bbox 264 1467 1290 1520; baseline 0.001 -16"><span class='ocrx_word' id='word_1_113' title='bbox 264 1469 396 1517; x_wconf 84' lang='grc' dir='ltr'>μᾶλλον</span> <span class='ocrx_word' id='word_1_114' title='bbox 426 1472 618 1519; x_wconf 67' lang='grc' dir='ltr'>προνοῆσαι</span> <span class='ocrx_word' id='word_1_115' title='bbox 655 1467 840 1514; x_wconf 84' lang='grc' dir='ltr'>δυνήσεται</span> <span class='ocrx_word' id='word_1_116' title='bbox 870 1467 1006 1507; x_wconf 88' lang='grc' dir='ltr'>τούτου.</span> <span class='ocrx_word' id='word_1_117' title='bbox 1043 1467 1114 1505; x_wconf 79' lang='grc' dir='ltr'>Καὶ</span> <span class='ocrx_word' id='word_1_118' title='bbox 1152 1469 1290 1520; x_wconf 74' lang='grc' dir='ltr'>πρῶτος</span> 
     </span>
     <span class='ocr_line' id='line_1_18' title="bbox 263 1525 1288 1579; baseline 0 -14"><span class='ocrx_word' id='word_1_119' title='bbox 263 1528 400 1579; x_wconf 80' lang='grc' dir='ltr'>ἀγέσθω</span> <span class='ocrx_word' id='word_1_120' title='bbox 424 1532 493 1566; x_wconf 87' lang='grc' dir='ltr'>τῶν</span> <span class='ocrx_word' id='word_1_121' title='bbox 516 1530 629 1567; x_wconf 83' lang='grc' dir='ltr'>ἄλλων</span> <span class='ocrx_word' id='word_1_122' title='bbox 645 1532 662 1567; x_wconf 84' lang='grc' dir='ltr'>ὃ</span> <span class='ocrx_word' id='word_1_123' title='bbox 683 1525 694 1549; x_wconf 69' lang='lat' dir='ltr'>f</span> <span class='ocrx_word' id='word_1_124' title='bbox 712 1529 852 1566; x_wconf 83' lang='grc' dir='ltr'>πάντων</span> <span class='ocrx_word' id='word_1_125' title='bbox 888 1528 1069 1566; x_wconf 76' lang='grc' dir='ltr'>δεινότατα</span> <span class='ocrx_word' id='word_1_126' title='bbox 1095 1528 1288 1572; x_wconf 86' lang='grc' dir='ltr'>πεπονθώς.</span> 
     </span>
     <span class='ocr_line' id='line_1_19' title="bbox 261 1588 1290 1640; baseline 0.001 -15"><span class='ocrx_word' id='word_1_127' title='bbox 261 1588 381 1626; x_wconf 81' lang='grc' dir='ltr'>Ἔστω</span> <span class='ocrx_word' id='word_1_128' title='bbox 400 1589 467 1640; x_wconf 89' lang='grc' dir='ltr'>γάρ</span> <span class='ocrx_word' id='word_1_129' title='bbox 482 1605 533 1632; x_wconf 86' lang='grc' dir='ltr'>τις</span> <span class='ocrx_word' id='word_1_130' title='bbox 548 1590 620 1628; x_wconf 71' lang='grc' dir='ltr'>υἱὸν</span> <span class='ocrx_word' id='word_1_131' title='bbox 640 1590 730 1640; x_wconf 77' lang='grc' dir='ltr'>ἔχων</span> <span class='ocrx_word' id='word_1_132' title='bbox 750 1592 918 1639; x_wconf 78' lang='grc' dir='ltr'>μονογενῆ</span> <span class='ocrx_word' id='word_1_133' title='bbox 934 1619 943 1636; x_wconf 86' lang='grc'>,</span> <span class='ocrx_word' id='word_1_134' title='bbox 964 1589 1022 1627; x_wconf 85' lang='grc' dir='ltr'>καὶ</span> <span class='ocrx_word' id='word_1_135' title='bbox 1051 1590 1086 1626; x_wconf 79' lang='grc' dir='ltr'>ἐν</span> <span class='ocrx_word' id='word_1_136' title='bbox 1109 1590 1206 1640; x_wconf 79' lang='grc' dir='ltr'>ἀκμῇ</span> <span class='ocrx_word' id='word_1_137' title='bbox 1227 1592 1290 1635; x_wconf 74' lang='grc' dir='ltr'>τῆς</span> 
     </span>
     <span class='ocr_line' id='line_1_20' title="bbox 261 1649 1289 1702; baseline 0 -16"><span class='ocrx_word' id='word_1_138' title='bbox 261 1650 354 1700; x_wconf 83' lang='grc' dir='ltr'>ὥρας</span> <span class='ocrx_word' id='word_1_139' title='bbox 369 1649 470 1688; x_wconf 78' lang='grc' dir='ltr'>αὐτὸν</span> <span class='ocrx_word' id='word_1_140' title='bbox 486 1649 708 1688; x_wconf 62' lang='grc' dir='ltr'>ἀποὸαλέτω.</span> <span class='ocrx_word' id='word_1_141' title='bbox 727 1651 859 1688; x_wconf 80' lang='grc' dir='ltr'>Τοῦτον</span> <span class='ocrx_word' id='word_1_142' title='bbox 874 1649 953 1688; x_wconf 84' lang='grc' dir='ltr'>οὔτε</span> <span class='ocrx_word' id='word_1_143' title='bbox 973 1650 1106 1702; x_wconf 78' lang='grc' dir='ltr'>ἅρχων,</span> <span class='ocrx_word' id='word_1_144' title='bbox 1122 1649 1200 1686; x_wconf 87' lang='grc' dir='ltr'>οὔτε</span> <span class='ocrx_word' id='word_1_145' title='bbox 1221 1651 1289 1700; x_wconf 82' lang='grc' dir='ltr'>βα-</span> 
     </span>
     <span class='ocr_line' id='line_1_21' title="bbox 261 1709 1288 1762; baseline 0.002 -16"><span class='ocrx_word' id='word_1_146' title='bbox 261 1709 392 1756; x_wconf 76' lang='grc' dir='ltr'>σιλεὺς,</span> <span class='ocrx_word' id='word_1_147' title='bbox 428 1710 506 1748; x_wconf 87' lang='grc' dir='ltr'>οὔτε</span> <span class='ocrx_word' id='word_1_148' title='bbox 522 1710 625 1753; x_wconf 86' lang='grc' dir='ltr'>ἄλλος</span> <span class='ocrx_word' id='word_1_149' title='bbox 644 1727 696 1753; x_wconf 87' lang='grc' dir='ltr'>τις</span> <span class='ocrx_word' id='word_1_150' title='bbox 713 1712 895 1762; x_wconf 69' lang='grc' dir='ltr'>ὠφελῆσαι</span> <span class='ocrx_word' id='word_1_151' title='bbox 913 1710 1121 1757; x_wconf 80' lang='grc' dir='ltr'>δυνήσεται,</span> <span class='ocrx_word' id='word_1_152' title='bbox 1143 1709 1227 1759; x_wconf 84' lang='grc' dir='ltr'>μήτι</span> <span class='ocrx_word' id='word_1_153' title='bbox 1248 1726 1288 1762; x_wconf 91' lang='grc' dir='ltr'>γε</span> 
     </span>
     <span class='ocr_line' id='line_1_22' title="bbox 260 1766 1287 1823; baseline 0.002 -15"><span class='ocrx_word' id='word_1_154' title='bbox 260 1771 303 1809; x_wconf 86' lang='grc' dir='ltr'>σύ</span> <span class='ocrx_word' id='word_1_155' title='bbox 318 1785 324 1792; x_wconf 93' lang='grc'>·</span> <span class='ocrx_word' id='word_1_156' title='bbox 343 1771 439 1809; x_wconf 80' lang='grc' dir='ltr'>οὐδὲν</span> <span class='ocrx_word' id='word_1_157' title='bbox 455 1774 524 1823; x_wconf 89' lang='grc' dir='ltr'>γὰρ</span> <span class='ocrx_word' id='word_1_158' title='bbox 538 1773 630 1823; x_wconf 80' lang='grc' dir='ltr'>αὐτῷ</span> <span class='ocrx_word' id='word_1_159' title='bbox 642 1772 763 1815; x_wconf 80' lang='grc' dir='ltr'>δώσεις</span> <span class='ocrx_word' id='word_1_160' title='bbox 778 1775 931 1810; x_wconf 77' lang='grc' dir='ltr'>τοιοῦτον</span> <span class='ocrx_word' id='word_1_161' title='bbox 941 1802 950 1819; x_wconf 95' lang='grc'>,</span> <span class='ocrx_word' id='word_1_162' title='bbox 965 1766 1035 1810; x_wconf 65' lang='grc' dir='ltr'>οἷον</span> <span class='ocrx_word' id='word_1_163' title='bbox 1050 1771 1287 1810; x_wconf 81' lang='grc' dir='ltr'>ἀπολώλεκεν.</span> 
     </span>
     <span class='ocr_line' id='line_1_23' title="bbox 260 1831 1284 1884; baseline 0.001 -14"><span class='ocrx_word' id='word_1_164' title='bbox 260 1831 348 1870; x_wconf 82' lang='grc' dir='ltr'>Ἐὰν</span> <span class='ocrx_word' id='word_1_165' title='bbox 359 1832 394 1869; x_wconf 83' lang='grc' dir='ltr'>δὲ</span> <span class='ocrx_word' id='word_1_166' title='bbox 409 1832 493 1884; x_wconf 84' lang='grc' dir='ltr'>πρὸς</span> <span class='ocrx_word' id='word_1_167' title='bbox 504 1832 562 1870; x_wconf 78' lang='grc' dir='ltr'>τὸν</span> <span class='ocrx_word' id='word_1_168' title='bbox 574 1833 646 1871; x_wconf 83' lang='grc' dir='ltr'>υἱὸν</span> <span class='ocrx_word' id='word_1_169' title='bbox 659 1833 794 1884; x_wconf 81' lang='grc' dir='ltr'>ἀγάγῃς</span> <span class='ocrx_word' id='word_1_170' title='bbox 803 1832 860 1870; x_wconf 85' lang='grc' dir='ltr'>τὸν</span> <span class='ocrx_word' id='word_1_171' title='bbox 872 1833 944 1880; x_wconf 82' lang='grc' dir='ltr'>σὸν,</span> <span class='ocrx_word' id='word_1_172' title='bbox 954 1834 1093 1883; x_wconf 81' lang='grc' dir='ltr'>πρῶτον</span> <span class='ocrx_word' id='word_1_173' title='bbox 1106 1833 1168 1882; x_wconf 85' lang='grc' dir='ltr'>μὲν</span> <span class='ocrx_word' id='word_1_174' title='bbox 1182 1833 1284 1872; x_wconf 76' lang='grc' dir='ltr'>αὐτὸν</span> 
     </span>
     <span class='ocr_line' id='line_1_24' title="bbox 261 1891 1285 1946; baseline 0.001 -16"><span class='ocrx_word' id='word_1_175' title='bbox 261 1891 332 1931; x_wconf 86' lang='grc' dir='ltr'>ἀπό</span> <span class='ocrx_word' id='word_1_176' title='bbox 345 1908 383 1930; x_wconf 91' lang='grc' dir='ltr'>τε</span> <span class='ocrx_word' id='word_1_177' title='bbox 401 1896 462 1940; x_wconf 72' lang='grc' dir='ltr'>τῆς</span> <span class='ocrx_word' id='word_1_178' title='bbox 480 1894 608 1945; x_wconf 75' lang='grc' dir='ltr'>ὄψεως,</span> <span class='ocrx_word' id='word_1_179' title='bbox 631 1893 700 1932; x_wconf 88' lang='grc' dir='ltr'>ἀπό</span> <span class='ocrx_word' id='word_1_180' title='bbox 717 1909 755 1931; x_wconf 89' lang='grc' dir='ltr'>τε</span> <span class='ocrx_word' id='word_1_181' title='bbox 773 1896 833 1932; x_wconf 81' lang='grc' dir='ltr'>τοῦ</span> <span class='ocrx_word' id='word_1_182' title='bbox 855 1893 1054 1946; x_wconf 81' lang='grc' dir='ltr'>σχήματος,</span> <span class='ocrx_word' id='word_1_183' title='bbox 1075 1893 1145 1932; x_wconf 89' lang='grc' dir='ltr'>ἀπό</span> <span class='ocrx_word' id='word_1_184' title='bbox 1164 1909 1202 1931; x_wconf 90' lang='grc' dir='ltr'>τε</span> <span class='ocrx_word' id='word_1_185' title='bbox 1222 1896 1285 1940; x_wconf 77' lang='grc' dir='ltr'>τῆς</span> 
     </span>
     <span class='ocr_line' id='line_1_25' title="bbox 259 1954 1283 2008; baseline 0.001 -16"><span class='ocrx_word' id='word_1_186' title='bbox 259 1954 426 2001; x_wconf 83' lang='grc' dir='ltr'>οἰκήσεως</span> <span class='ocrx_word' id='word_1_187' title='bbox 445 1954 634 2001; x_wconf 76' lang='grc' dir='ltr'>ἀναστήσει</span> <span class='ocrx_word' id='word_1_188' title='bbox 656 1955 791 2008; x_wconf 81' lang='grc' dir='ltr'>ταχέως</span> <span class='ocrx_word' id='word_1_189' title='bbox 806 1984 816 2003; x_wconf 84' lang='grc'>,</span> <span class='ocrx_word' id='word_1_190' title='bbox 836 1955 896 1993; x_wconf 84' lang='grc' dir='ltr'>καὶ</span> <span class='ocrx_word' id='word_1_191' title='bbox 917 1954 1031 1993; x_wconf 88' lang='grc' dir='ltr'>πείσει</span> <span class='ocrx_word' id='word_1_192' title='bbox 1054 1954 1161 2005; x_wconf 78' lang='grc' dir='ltr'>μηδὲν</span> <span class='ocrx_word' id='word_1_193' title='bbox 1180 1959 1283 2005; x_wconf 76' lang='grc' dir='ltr'>ἡγεῖ-</span> 
     </span>
     <span class='ocr_line' id='line_1_26' title="bbox 260 2015 1282 2068; baseline 0.001 -14"><span class='ocrx_word' id='word_1_194' title='bbox 260 2019 340 2054; x_wconf 88' lang='grc' dir='ltr'>σθαι</span> <span class='ocrx_word' id='word_1_195' title='bbox 358 2015 401 2054; x_wconf 85' lang='grc' dir='ltr'>τὰ</span> <span class='ocrx_word' id='word_1_196' title='bbox 433 2015 635 2068; x_wconf 84' lang='grc' dir='ltr'>ἀνθρώπινα</span> <span class='ocrx_word' id='word_1_197' title='bbox 653 2032 660 2039; x_wconf 93' lang='grc'><strong><em>·</em></strong></span> <span class='ocrx_word' id='word_1_198' title='bbox 683 2016 806 2054; x_wconf 85' lang='grc' dir='ltr'>ἔπειτα</span> <span class='ocrx_word' id='word_1_199' title='bbox 834 2016 868 2055; x_wconf 81' lang='grc' dir='ltr'>δὲ</span> <span class='ocrx_word' id='word_1_200' title='bbox 888 2016 948 2054; x_wconf 87' lang='grc' dir='ltr'>καὶ</span> <span class='ocrx_word' id='word_1_201' title='bbox 976 2015 1091 2068; x_wconf 88' lang='grc' dir='ltr'>λόγοις</span> <span class='ocrx_word' id='word_1_202' title='bbox 1113 2016 1282 2055; x_wconf 76' lang='grc' dir='ltr'>ἀπελάσει</span> 
     </span>
     <span class='ocr_line' id='line_1_27' title="bbox 258 2077 1279 2129; baseline 0.002 -15"><span class='ocrx_word' id='word_1_203' title='bbox 258 2077 298 2115; x_wconf 84' lang='grc' dir='ltr'>τὸ</span> <span class='ocrx_word' id='word_1_204' title='bbox 318 2077 415 2129; x_wconf 80' lang='grc' dir='ltr'>νέφος</span> <span class='ocrx_word' id='word_1_205' title='bbox 438 2077 600 2120; x_wconf 81' lang='grc' dir='ltr'>εὐκόλως.</span> <span class='ocrx_word' id='word_1_206' title='bbox 633 2077 717 2116; x_wconf 79' lang='grc' dir='ltr'>Ἀπὸ</span> <span class='ocrx_word' id='word_1_207' title='bbox 736 2078 772 2116; x_wconf 79' lang='grc' dir='ltr'>δὲ</span> <span class='ocrx_word' id='word_1_208' title='bbox 794 2081 857 2125; x_wconf 74' lang='grc' dir='ltr'>τῆς</span> <span class='ocrx_word' id='word_1_209' title='bbox 878 2080 941 2124; x_wconf 65' lang='grc' dir='ltr'>σῆς</span> <span class='ocrx_word' id='word_1_210' title='bbox 960 2077 1072 2121; x_wconf 87' lang='grc' dir='ltr'>οἰκίας</span> <span class='ocrx_word' id='word_1_211' title='bbox 1097 2077 1156 2115; x_wconf 86' lang='grc' dir='ltr'>καὶ</span> <span class='ocrx_word' id='word_1_212' title='bbox 1175 2078 1279 2116; x_wconf 81' lang='grc' dir='ltr'>πλέον</span> 
     </span>
     <span class='ocr_line' id='line_1_28' title="bbox 258 2137 1278 2192; baseline 0.001 -17"><span class='ocrx_word' id='word_1_213' title='bbox 258 2137 325 2182; x_wconf 77' lang='grc' dir='ltr'>ἕξει</span> <span class='ocrx_word' id='word_1_214' title='bbox 341 2138 381 2177; x_wconf 81' lang='grc' dir='ltr'>τὸ</span> <span class='ocrx_word' id='word_1_215' title='bbox 393 2138 513 2182; x_wconf 79' lang='grc' dir='ltr'>πένθος</span> <span class='ocrx_word' id='word_1_216' title='bbox 533 2140 672 2183; x_wconf 82' lang='grc' dir='ltr'>ἐκεῖνος.</span> <span class='ocrx_word' id='word_1_217' title='bbox 685 2138 801 2178; x_wconf 63' lang='grc' dir='ltr'>’Ὀταν</span> <span class='ocrx_word' id='word_1_218' title='bbox 818 2139 885 2192; x_wconf 81' lang='grc' dir='ltr'>γὰρ</span> <span class='ocrx_word' id='word_1_219' title='bbox 902 2139 959 2191; x_wconf 82' lang='grc' dir='ltr'>ἴδῃ</span> <span class='ocrx_word' id='word_1_220' title='bbox 974 2138 1103 2186; x_wconf 81' lang='grc' dir='ltr'>ταύτην</span> <span class='ocrx_word' id='word_1_221' title='bbox 1122 2139 1278 2191; x_wconf 78' lang='grc' dir='ltr'>καθαρὰν</span> 
     </span>
     <span class='ocr_line' id='line_1_29' title="bbox 258 2193 1279 2253; baseline 0.001 -16"><span class='ocrx_word' id='word_1_222' title='bbox 258 2193 362 2237; x_wconf 54' lang='lat' dir='ltr'>&lt;fiam</span> <span class='ocrx_word' id='word_1_223' title='bbox 383 2202 520 2247; x_wconf 81' lang='grc' dir='ltr'>κακῶν,</span> <span class='ocrx_word' id='word_1_224' title='bbox 543 2200 603 2238; x_wconf 83' lang='grc' dir='ltr'>καὶ</span> <span class='ocrx_word' id='word_1_225' title='bbox 630 2202 763 2246; x_wconf 78' lang='grc' dir='ltr'>πολλῆς</span> <span class='ocrx_word' id='word_1_226' title='bbox 789 2200 978 2253; x_wconf 80' lang='grc' dir='ltr'>εὐπραγίας</span> <span class='ocrx_word' id='word_1_227' title='bbox 996 2200 1193 2250; x_wconf 85' lang='grc' dir='ltr'>γέμουσαν,</span> <span class='ocrx_word' id='word_1_228' title='bbox 1219 2200 1279 2238; x_wconf 80' lang='grc' dir='ltr'>καὶ</span> 
     </span>
     <span class='ocr_line' id='line_1_30' title="bbox 257 2259 1276 2312; baseline 0.002 -15"><span class='ocrx_word' id='word_1_229' title='bbox 257 2259 471 2312; x_wconf 86' lang='grc' dir='ltr'>κληρονόμον</span> <span class='ocrx_word' id='word_1_230' title='bbox 496 2260 656 2312; x_wconf 77' lang='grc' dir='ltr'>ἔχουσαν,</span> <span class='ocrx_word' id='word_1_231' title='bbox 678 2263 809 2310; x_wconf 81' lang='grc' dir='ltr'>μᾶλλον</span> <span class='ocrx_word' id='word_1_232' title='bbox 828 2261 1094 2307; x_wconf 88' lang='grc' dir='ltr'>κατακαήσεται</span> <span class='ocrx_word' id='word_1_233' title='bbox 1115 2275 1123 2282; x_wconf 87' lang='grc'><em>·</em></span> <span class='ocrx_word' id='word_1_234' title='bbox 1147 2262 1276 2299; x_wconf 85' lang='grc' dir='ltr'>ἐκεῖθεν</span> 
     </span>
     <span class='ocr_line' id='line_1_31' title="bbox 258 2320 1277 2376; baseline 0.004 -18"><span class='ocrx_word' id='word_1_235' title='bbox 258 2320 293 2359; x_wconf 79' lang='grc' dir='ltr'>δὲ</span> <span class='ocrx_word' id='word_1_236' title='bbox 311 2321 531 2374; x_wconf 76' lang='grc' dir='ltr'>ἡμερώτερος</span> <span class='ocrx_word' id='word_1_237' title='bbox 551 2321 649 2360; x_wconf 84' lang='grc' dir='ltr'>ἔσται</span> <span class='ocrx_word' id='word_1_238' title='bbox 671 2322 731 2360; x_wconf 84' lang='grc' dir='ltr'>καὶ</span> <span class='ocrx_word' id='word_1_239' title='bbox 755 2322 1042 2374; x_wconf 63' lang='grc' dir='ltr'>φιλοσοφώτερος.</span> <span class='ocrx_word' id='word_1_240' title='bbox 1067 2322 1183 2374; x_wconf 45' lang='grc' dir='ltr'>(Ορῶν</span> <span class='ocrx_word' id='word_1_241' title='bbox 1209 2323 1277 2376; x_wconf 80' lang='grc' dir='ltr'>γὰρ</span> 
     </span>
     <span class='ocr_line' id='line_1_32' title="bbox 257 2382 1275 2436; baseline 0.005 -18"><span class='ocrx_word' id='word_1_242' title='bbox 257 2382 427 2428; x_wconf 82' lang='grc' dir='ltr'>τοσαύτης</span> <span class='ocrx_word' id='word_1_243' title='bbox 462 2382 524 2432; x_wconf 82' lang='grc' dir='ltr'>μὲν</span> <span class='ocrx_word' id='word_1_244' title='bbox 548 2382 666 2425; x_wconf 83' lang='grc' dir='ltr'>οὐσίας</span> <span class='ocrx_word' id='word_1_245' title='bbox 700 2385 922 2436; x_wconf 80' lang='grc' dir='ltr'>ὑπερορῶντα</span> <span class='ocrx_word' id='word_1_246' title='bbox 946 2384 1004 2421; x_wconf 76' lang='grc' dir='ltr'>τὸν</span> <span class='ocrx_word' id='word_1_247' title='bbox 1029 2384 1087 2421; x_wconf 86' lang='grc' dir='ltr'>σὸν</span> <span class='ocrx_word' id='word_1_248' title='bbox 1107 2384 1199 2431; x_wconf 78' lang='grc' dir='ltr'>υἱὸν,</span> <span class='ocrx_word' id='word_1_249' title='bbox 1221 2400 1275 2423; x_wconf 87' lang='grc' dir='ltr'>το-</span> 
     </span>
     <span class='ocr_line' id='line_1_33' title="bbox 257 2441 1276 2496; baseline 0.002 -17"><span class='ocrx_word' id='word_1_250' title='bbox 257 2441 386 2488; x_wconf 90' lang='grc' dir='ltr'>σαύτης</span> <span class='ocrx_word' id='word_1_251' title='bbox 408 2441 443 2480; x_wconf 81' lang='grc' dir='ltr'>δὲ</span> <span class='ocrx_word' id='word_1_252' title='bbox 475 2442 574 2490; x_wconf 81' lang='grc' dir='ltr'>δόξης</span> <span class='ocrx_word' id='word_1_253' title='bbox 602 2446 661 2480; x_wconf 87' lang='grc' dir='ltr'>καὶ</span> <span class='ocrx_word' id='word_1_254' title='bbox 687 2443 954 2496; x_wconf 81' lang='grc' dir='ltr'>λαμπρότητος,</span> <span class='ocrx_word' id='word_1_255' title='bbox 973 2446 1035 2482; x_wconf 80' lang='grc' dir='ltr'>οὐκ</span> <span class='ocrx_word' id='word_1_256' title='bbox 1056 2443 1203 2494; x_wconf 81' lang='grc' dir='ltr'>ἀλγήσει</span> <span class='ocrx_word' id='word_1_257' title='bbox 1225 2447 1276 2496; x_wconf 82' lang='grc' dir='ltr'>τῷ</span> 
     </span>
     <span class='ocr_line' id='line_1_34' title="bbox 253 2504 1276 2557; baseline 0.004 -17"><span class='ocrx_word' id='word_1_258' title='bbox 253 2504 499 2550; x_wconf 84' lang='grc' dir='ltr'>τελευτήσαντι</span> <span class='ocrx_word' id='word_1_259' title='bbox 527 2508 703 2542; x_wconf 66' lang='grc' dir='ltr'>τοσοῦτον.</span> <span class='ocrx_word' id='word_1_260' title='bbox 736 2506 818 2548; x_wconf 83' lang='grc' dir='ltr'>Πῶς</span> <span class='ocrx_word' id='word_1_261' title='bbox 844 2505 913 2557; x_wconf 74' lang='grc' dir='ltr'>γὰρ</span> <span class='ocrx_word' id='word_1_262' title='bbox 941 2505 1042 2543; x_wconf 80' lang='grc' dir='ltr'>αὐτὸν</span> <span class='ocrx_word' id='word_1_263' title='bbox 1071 2505 1209 2552; x_wconf 80' lang='grc' dir='ltr'>δήξεται</span> <span class='ocrx_word' id='word_1_264' title='bbox 1237 2507 1276 2545; x_wconf 85' lang='grc' dir='ltr'>τὸ</span> 
     </span>
     <span class='ocr_line' id='line_1_35' title="bbox 257 2564 1274 2618; baseline 0.003 -16"><span class='ocrx_word' id='word_1_265' title='bbox 257 2564 389 2615; x_wconf 82' lang='grc' dir='ltr'>μηδένα</span> <span class='ocrx_word' id='word_1_266' title='bbox 417 2565 631 2618; x_wconf 84' lang='grc' dir='ltr'>κληρονόμον</span> <span class='ocrx_word' id='word_1_267' title='bbox 650 2566 743 2617; x_wconf 74' lang='grc' dir='ltr'>ἔχειν</span> <span class='ocrx_word' id='word_1_268' title='bbox 767 2569 835 2604; x_wconf 83' lang='grc' dir='ltr'>τῶν</span> <span class='ocrx_word' id='word_1_269' title='bbox 859 2570 985 2613; x_wconf 79' lang='grc' dir='ltr'>αὑτοῦ,</span> <span class='ocrx_word' id='word_1_270' title='bbox 1011 2566 1093 2605; x_wconf 83' lang='grc' dir='ltr'>ὅταν</span> <span class='ocrx_word' id='word_1_271' title='bbox 1114 2567 1168 2618; x_wconf 78' lang='grc' dir='ltr'>ἴδῃ</span> <span class='ocrx_word' id='word_1_272' title='bbox 1190 2567 1274 2605; x_wconf 88' lang='grc' dir='ltr'>τού-</span> 
     </span>
     <span class='ocr_line' id='line_1_36' title="bbox 255 2626 1276 2681; baseline 0.002 -17"><span class='ocrx_word' id='word_1_273' title='bbox 255 2642 322 2664; x_wconf 85' lang='grc' dir='ltr'>των</span> <span class='ocrx_word' id='word_1_274' title='bbox 342 2626 484 2665; x_wconf 85' lang='grc' dir='ltr'>πάντων</span> <span class='ocrx_word' id='word_1_275' title='bbox 515 2631 799 2680; x_wconf 76' lang='grc' dir='ltr'>καταφρονοῦντα</span> <span class='ocrx_word' id='word_1_276' title='bbox 826 2628 961 2680; x_wconf 72' lang='grc' dir='ltr'>ἕτερον,</span> <span class='ocrx_word' id='word_1_277' title='bbox 996 2628 1064 2666; x_wconf 74' lang='grc' dir='ltr'>Καὶ</span> <span class='ocrx_word' id='word_1_278' title='bbox 1094 2627 1172 2671; x_wconf 72' lang='grc' dir='ltr'>τοὺς</span> <span class='ocrx_word' id='word_1_279' title='bbox 1196 2629 1276 2681; x_wconf 80' lang='grc' dir='ltr'>περὶ</span> 
     </span>
     <span class='ocr_line' id='line_1_37' title="bbox 254 2687 1275 2741; baseline 0.002 -17"><span class='ocrx_word' id='word_1_280' title='bbox 254 2687 455 2739; x_wconf 66' lang='grc' dir='ltr'>φιλοσοφίας</span> <span class='ocrx_word' id='word_1_281' title='bbox 470 2687 504 2726; x_wconf 79' lang='grc' dir='ltr'>δὲ</span> <span class='ocrx_word' id='word_1_282' title='bbox 524 2688 644 2738; x_wconf 81' lang='grc' dir='ltr'>λόγους</span> <span class='ocrx_word' id='word_1_283' title='bbox 660 2688 891 2740; x_wconf 78' lang='grc' dir='ltr'>εὐκολώτερον</span> <span class='ocrx_word' id='word_1_284' title='bbox 915 2689 998 2741; x_wconf 88' lang='grc' dir='ltr'>παρ’</span> <span class='ocrx_word' id='word_1_285' title='bbox 1017 2688 1147 2727; x_wconf 78' lang='grc' dir='ltr'>ἐκείνου</span> <span class='ocrx_word' id='word_1_286' title='bbox 1171 2690 1275 2727; x_wconf 86' lang='grc' dir='ltr'>ἀκού-</span> 
     </span>
     <span class='ocr_line' id='line_1_38' title="bbox 254 2748 1274 2802; baseline 0.001 -16"><span class='ocrx_word' id='word_1_287' title='bbox 254 2763 352 2786; x_wconf 85' lang='grc' dir='ltr'>σεται</span> <span class='ocrx_word' id='word_1_288' title='bbox 382 2754 453 2793; x_wconf 88' lang='grc' dir='ltr'>τοῖς</span> <span class='ocrx_word' id='word_1_289' title='bbox 485 2748 596 2802; x_wconf 84' lang='grc' dir='ltr'>ἔργοις</span> <span class='ocrx_word' id='word_1_290' title='bbox 627 2750 911 2797; x_wconf 84' lang='grc' dir='ltr'>ἐπαληθεύοντος.</span> <span class='ocrx_word' id='word_1_291' title='bbox 953 2749 1002 2788; x_wconf 79' lang='grc' dir='ltr'>Σὺ</span> <span class='ocrx_word' id='word_1_292' title='bbox 1033 2749 1067 2788; x_wconf 82' lang='grc' dir='ltr'>δὲ</span> <span class='ocrx_word' id='word_1_293' title='bbox 1098 2751 1138 2787; x_wconf 85' lang='grc' dir='ltr'>ἂν</span> <span class='ocrx_word' id='word_1_294' title='bbox 1169 2757 1274 2801; x_wconf 79' lang='grc' dir='ltr'>χᾶναι</span> 
     </span>
     <span class='ocr_line' id='line_1_39' title="bbox 253 2809 1274 2861; baseline 0.002 -14"><span class='ocrx_word' id='word_1_295' title='bbox 253 2809 431 2861; x_wconf 83' lang='grc' dir='ltr'>τολμήσῃς</span> <span class='ocrx_word' id='word_1_296' title='bbox 450 2809 572 2861; x_wconf 88' lang='grc' dir='ltr'>μόνον,</span> <span class='ocrx_word' id='word_1_297' title='bbox 592 2810 650 2848; x_wconf 71' lang='grc' dir='ltr'>καὶ</span> <span class='ocrx_word' id='word_1_298' title='bbox 671 2811 820 2860; x_wconf 80' lang='grc' dir='ltr'>ἀθυμίας</span> <span class='ocrx_word' id='word_1_299' title='bbox 842 2811 944 2849; x_wconf 78' lang='grc' dir='ltr'>αὐτὸν</span> <span class='ocrx_word' id='word_1_300' title='bbox 973 2810 1165 2861; x_wconf 81' lang='grc' dir='ltr'>ἐμπλήσεις</span> <span class='ocrx_word' id='word_1_301' title='bbox 1184 2813 1274 2849; x_wconf 88' lang='grc' dir='ltr'>πολ-</span> 
     </span>
     <span class='ocr_line' id='line_1_40' title="bbox 252 2870 1271 2924; baseline 0.005 -17"><span class='ocrx_word' id='word_1_302' title='bbox 252 2871 315 2916; x_wconf 79' lang='grc' dir='ltr'>λῆς</span> <span class='ocrx_word' id='word_1_303' title='bbox 328 2899 337 2916; x_wconf 90' lang='grc'>,</span> <span class='ocrx_word' id='word_1_304' title='bbox 354 2870 414 2908; x_wconf 87' lang='grc' dir='ltr'>ἅτε</span> <span class='ocrx_word' id='word_1_305' title='bbox 433 2873 487 2910; x_wconf 86' lang='grc' dir='ltr'>ἐπ’</span> <span class='ocrx_word' id='word_1_306' title='bbox 507 2871 700 2923; x_wconf 86' lang='grc' dir='ltr'>ἀλλοτρίοις</span> <span class='ocrx_word' id='word_1_307' title='bbox 718 2874 913 2924; x_wconf 76' lang='grc' dir='ltr'>φιλοσοφῶν</span> <span class='ocrx_word' id='word_1_308' title='bbox 932 2878 1051 2915; x_wconf 83' lang='grc' dir='ltr'>κακοῖς</span> <span class='ocrx_word' id='word_1_309' title='bbox 1070 2885 1077 2893; x_wconf 86' lang='grc'><em>·</em></span> <span class='ocrx_word' id='word_1_310' title='bbox 1094 2874 1220 2914; x_wconf 84' lang='grc' dir='ltr'>ἐκεῖνος</span> <span class='ocrx_word' id='word_1_311' title='bbox 1236 2873 1271 2912; x_wconf 80' lang='grc' dir='ltr'>δὲ</span> 
     </span>
     <span class='ocr_line' id='line_1_41' title="bbox 253 2931 1272 2985; baseline 0.002 -17"><span class='ocrx_word' id='word_1_312' title='bbox 253 2932 354 2970; x_wconf 78' lang='grc' dir='ltr'>αὐτὸν</span> <span class='ocrx_word' id='word_1_313' title='bbox 372 2931 430 2969; x_wconf 79' lang='grc' dir='ltr'>διὰ</span> <span class='ocrx_word' id='word_1_314' title='bbox 449 2935 515 2970; x_wconf 83' lang='grc' dir='ltr'>τῶν</span> <span class='ocrx_word' id='word_1_315' title='bbox 536 2932 754 2984; x_wconf 82' lang='grc' dir='ltr'>πραγμάτων</span> <span class='ocrx_word' id='word_1_316' title='bbox 775 2933 946 2971; x_wconf 79' lang='grc' dir='ltr'>διδάσκων</span> <span class='ocrx_word' id='word_1_317' title='bbox 963 2963 972 2979; x_wconf 90' lang='grc'>,</span> <span class='ocrx_word' id='word_1_318' title='bbox 992 2933 1104 2971; x_wconf 86' lang='grc' dir='ltr'>πείσει</span> <span class='ocrx_word' id='word_1_319' title='bbox 1127 2934 1272 2985; x_wconf 74' lang='grc' dir='ltr'>ῥαδίως,</span> 
     </span>
     <span class='ocr_line' id='line_1_42' title="bbox 252 2991 1270 3047; baseline 0.002 -17"><span class='ocrx_word' id='word_1_320' title='bbox 252 2991 304 3030; x_wconf 76' lang='grc' dir='ltr'>ὅτι</span> <span class='ocrx_word' id='word_1_321' title='bbox 323 2993 418 3030; x_wconf 79' lang='grc' dir='ltr'>οὐδεν</span> <span class='ocrx_word' id='word_1_322' title='bbox 440 2992 546 3032; x_wconf 79' lang='grc' dir='ltr'>ὕπνου</span> <span class='ocrx_word' id='word_1_323' title='bbox 559 2993 663 3032; x_wconf 85' lang='grc' dir='ltr'>πλέον</span> <span class='ocrx_word' id='word_1_324' title='bbox 682 2997 699 3032; x_wconf 82' lang='grc' dir='ltr'>δ</span> <span class='ocrx_word' id='word_1_325' title='bbox 719 2994 862 3037; x_wconf 83' lang='grc' dir='ltr'>θάνατος</span> <span class='ocrx_word' id='word_1_326' title='bbox 874 2994 946 3046; x_wconf 69' lang='grc' dir='ltr'>ἔχει</span> <span class='ocrx_word' id='word_1_327' title='bbox 961 3008 968 3015; x_wconf 92' lang='grc'><strong><em>·</em></strong></span> <span class='ocrx_word' id='word_1_328' title='bbox 987 2996 1025 3032; x_wconf 83' lang='grc' dir='ltr'>οὐ</span> <span class='ocrx_word' id='word_1_329' title='bbox 1042 2994 1110 3047; x_wconf 77' lang='grc' dir='ltr'>γὰρ</span> <span class='ocrx_word' id='word_1_330' title='bbox 1124 2994 1270 3038; x_wconf 70' lang='grc' dir='ltr'>πολλοὺς</span> 
     </span>
     <span class='ocr_line' id='line_1_43' title="bbox 252 3053 1269 3108; baseline 0 -17"><span class='ocrx_word' id='word_1_331' title='bbox 252 3053 438 3104; x_wconf 85' lang='grc' dir='ltr'>ἀριθμήσει</span> <span class='ocrx_word' id='word_1_332' title='bbox 473 3054 628 3107; x_wconf 85' lang='grc' dir='ltr'>πατέρας</span> <span class='ocrx_word' id='word_1_333' title='bbox 672 3054 715 3092; x_wconf 78' lang='grc' dir='ltr'>τὰ</span> <span class='ocrx_word' id='word_1_334' title='bbox 752 3054 839 3093; x_wconf 79' lang='grc' dir='ltr'>αὐτὰ</span> <span class='ocrx_word' id='word_1_335' title='bbox 875 3055 1089 3098; x_wconf 83' lang='grc' dir='ltr'>πεπονθότας</span> <span class='ocrx_word' id='word_1_336' title='bbox 1129 3055 1269 3108; x_wconf 74' lang='grc' dir='ltr'>ἐκείνῳ,</span> 
     </span>
     <span class='ocr_line' id='line_1_44' title="bbox 250 3114 1270 3168; baseline 0.004 -17"><span class='ocrx_word' id='word_1_337' title='bbox 250 3115 327 3151; x_wconf 82' lang='grc' dir='ltr'>ἀλλ’</span> <span class='ocrx_word' id='word_1_338' title='bbox 360 3115 478 3153; x_wconf 83' lang='grc' dir='ltr'>ἑαυτὸν</span> <span class='ocrx_word' id='word_1_339' title='bbox 502 3114 602 3159; x_wconf 75' lang='grc' dir='ltr'>δείξει</span> <span class='ocrx_word' id='word_1_340' title='bbox 636 3114 714 3153; x_wconf 75' lang='grc' dir='ltr'>καθ’</span> <span class='ocrx_word' id='word_1_341' title='bbox 734 3115 884 3163; x_wconf 81' lang='grc' dir='ltr'>ἑκάστην</span> <span class='ocrx_word' id='word_1_342' title='bbox 904 3115 1039 3168; x_wconf 79' lang='grc' dir='ltr'>ἡμέραν</span> <span class='ocrx_word' id='word_1_343' title='bbox 1066 3119 1101 3154; x_wconf 81' lang='grc' dir='ltr'>ἐν</span> <span class='ocrx_word' id='word_1_344' title='bbox 1125 3119 1174 3168; x_wconf 74' lang='grc' dir='ltr'>τῷ</span> <span class='ocrx_word' id='word_1_345' title='bbox 1195 3116 1270 3156; x_wconf 76' lang='lat' dir='ltr'>‹st-&#39;i-</span> 
     </span>
     <span class='ocr_line' id='line_1_45' title="bbox 252 3173 1268 3227; baseline 0.003 -17"><span class='ocrx_word' id='word_1_346' title='bbox 252 3188 337 3222; x_wconf 87' lang='grc' dir='ltr'>ματι</span> <span class='ocrx_word' id='word_1_347' title='bbox 357 3174 555 3223; x_wconf 83' lang='grc' dir='ltr'>μελετῶντα</span> <span class='ocrx_word' id='word_1_348' title='bbox 574 3173 638 3221; x_wconf 85' lang='grc' dir='ltr'>τὴν</span> <span class='ocrx_word' id='word_1_349' title='bbox 653 3174 839 3223; x_wconf 81' lang='grc' dir='ltr'>τελευτὴν,</span> <span class='ocrx_word' id='word_1_350' title='bbox 859 3175 918 3213; x_wconf 80' lang='grc' dir='ltr'>καὶ</span> <span class='ocrx_word' id='word_1_351' title='bbox 937 3175 1022 3227; x_wconf 86' lang='grc' dir='ltr'>πρὸς</span> <span class='ocrx_word' id='word_1_352' title='bbox 1046 3175 1174 3222; x_wconf 81' lang='grc' dir='ltr'>ταύτην</span> <span class='ocrx_word' id='word_1_353' title='bbox 1195 3192 1268 3213; x_wconf 89' lang='grc' dir='ltr'>πα-</span> 
     </span>
     <span class='ocr_line' id='line_1_46' title="bbox 253 3233 1268 3288; baseline 0.002 -17"><span class='ocrx_word' id='word_1_354' title='bbox 253 3233 522 3284; x_wconf 83' lang='grc' dir='ltr'>ρεσκευασμένον</span> <span class='ocrx_word' id='word_1_355' title='bbox 544 3234 597 3273; x_wconf 76' lang='grc' dir='ltr'>ἀεὶ</span> <span class='ocrx_word' id='word_1_356' title='bbox 615 3264 624 3282; x_wconf 92' lang='grc'>,</span> <span class='ocrx_word' id='word_1_357' title='bbox 652 3235 710 3273; x_wconf 70' lang='grc' dir='ltr'>καὶ</span> <span class='ocrx_word' id='word_1_358' title='bbox 741 3234 818 3278; x_wconf 71' lang='grc' dir='ltr'>τοὺς</span> <span class='ocrx_word' id='word_1_359' title='bbox 846 3236 925 3288; x_wconf 75' lang='grc' dir='ltr'>περὶ</span> <span class='ocrx_word' id='word_1_360' title='bbox 952 3238 1014 3281; x_wconf 74' lang='grc' dir='ltr'>τῆς</span> <span class='ocrx_word' id='word_1_361' title='bbox 1046 3236 1268 3279; x_wconf 79' lang='grc' dir='ltr'>ἀναστάσεως</span> 
     </span>
    </p>
   </div>
   <div class='ocr_carea' id='block_1_7' title="bbox 294 3354 974 3504">
    <p class='ocr_par' dir='ltr' id='par_1_7' title="bbox 294 3354 974 3504">
     <span class='ocr_line' id='line_1_47' title="bbox 294 3354 974 3393; baseline 0.012 -9"><span class='ocrx_word' id='word_1_362' title='bbox 294 3364 308 3378; x_wconf 76' lang='lat'><em>⁰</em></span> <span class='ocrx_word' id='word_1_363' title='bbox 331 3354 391 3386; x_wconf 78' lang='lat' dir='ltr'>Alii</span> <span class='ocrx_word' id='word_1_364' title='bbox 407 3357 614 3391; x_wconf 64' lang='grc' dir='ltr'>ὑπακούσεται.</span> <span class='ocrx_word' id='word_1_365' title='bbox 635 3356 748 3389; x_wconf 76' lang='grc' dir='ltr'>ΜυτιἸ.</span> <span class='ocrx_word' id='word_1_366' title='bbox 767 3361 974 3393; x_wconf 66' lang='grc' dir='ltr'>ἐπακούσεται.</span> 
     </span>
     <span class='ocr_line' id='line_1_48' title="bbox 296 3406 476 3453; baseline 0.006 -16"><span class='ocrx_word' id='word_1_367' title='bbox 296 3406 312 3430; x_wconf 73' lang='lat'>⁴¹</span> <span class='ocrx_word' id='word_1_368' title='bbox 338 3407 397 3439; x_wconf 70' lang='lat' dir='ltr'>Atii</span> <span class='ocrx_word' id='word_1_369' title='bbox 416 3411 476 3453; x_wconf 71' lang='grc' dir='ltr'>δέῃ.</span> 
     </span>
     <span class='ocr_line' id='line_1_49' title="bbox 299 3458 688 3504; baseline 0.01 -15"><span class='ocrx_word' id='word_1_370' title='bbox 299 3464 310 3478; x_wconf 83' lang='grc'><em>·</em></span> <span class='ocrx_word' id='word_1_371' title='bbox 331 3460 389 3492; x_wconf 61' lang='grc' dir='ltr'>δἐι</span> <span class='ocrx_word' id='word_1_372' title='bbox 400 3458 432 3492; x_wconf 85' lang='lat' dir='ltr'>il.</span> <span class='ocrx_word' id='word_1_373' title='bbox 451 3468 482 3491; x_wconf 77' lang='lat' dir='ltr'>et</span> <span class='ocrx_word' id='word_1_374' title='bbox 501 3471 583 3493; x_wconf 78' lang='lat' dir='ltr'>nutu</span> <span class='ocrx_word' id='word_1_375' title='bbox 598 3464 688 3504; x_wconf 69' lang='grc' dir='ltr'>μηῦί.</span> 
     </span>
    </p>
   </div>
   <div class='ocr_carea' id='block_1_8' title="bbox 1513 270 2316 316">
    <p class='ocr_par' dir='ltr' id='par_1_8' title="bbox 1513 270 2316 316">
     <span class='ocr_line' id='line_1_50' title="bbox 1513 270 2316 316; baseline 0.005 -4"><span class='ocrx_word' id='word_1_376' title='bbox 1513 283 1712 313; x_wconf 60' lang='lat' dir='ltr'><strong>MONAST.</strong></span> <span class='ocrx_word' id='word_1_377' title='bbox 1752 284 1837 313; x_wconf 83' lang='grc' dir='ltr'>ι.ιΒ.</span> <span class='ocrx_word' id='word_1_378' title='bbox 1877 285 1923 313; x_wconf 90' lang='grc' dir='ltr'>ιι.</span> <span class='ocrx_word' id='word_1_379' title='bbox 2257 270 2316 316; x_wconf 82' lang='grc'>85</span> 
     </span>
    </p>
   </div>
   <div class='ocr_carea' id='block_1_9' title="bbox 1297 363 2318 3286">
    <p class='ocr_par' dir='ltr' id='par_1_9' title="bbox 1297 363 2318 3102">
     <span class='ocr_line' id='line_1_51' title="bbox 1365 363 2317 417; baseline 0.004 -17"><span class='ocrx_word' id='word_1_380' title='bbox 1365 363 1504 400; x_wconf 90' lang='lat' dir='ltr'>minum</span> <span class='ocrx_word' id='word_1_381' title='bbox 1528 377 1666 401; x_wconf 86' lang='lat' dir='ltr'>summa</span> <span class='ocrx_word' id='word_1_382' title='bbox 1687 378 1767 402; x_wconf 90' lang='lat' dir='ltr'>cum</span> <span class='ocrx_word' id='word_1_383' title='bbox 1784 365 1947 403; x_wconf 80' lang='lat' dir='ltr'>libertate</span> <span class='ocrx_word' id='word_1_384' title='bbox 1960 365 2105 416; x_wconf 80' lang='lat' dir='ltr'>regibus</span> <span class='ocrx_word' id='word_1_385' title='bbox 2120 367 2317 417; x_wconf 85' lang='lat' dir='ltr'>colloquuti</span> 
     </span>
     <span class='ocr_line' id='line_1_52' title="bbox 1364 425 2316 479; baseline 0.006 -19"><span class='ocrx_word' id='word_1_386' title='bbox 1364 433 1457 470; x_wconf 87' lang='lat' dir='ltr'>sunt,</span> <span class='ocrx_word' id='word_1_387' title='bbox 1480 433 1655 475; x_wconf 78' lang='lat' dir='ltr'>quotquot</span> <span class='ocrx_word' id='word_1_388' title='bbox 1684 425 1851 464; x_wconf 79' lang='lat' dir='ltr'>videlicet</span> <span class='ocrx_word' id='word_1_389' title='bbox 1871 440 1890 462; x_wconf 91' lang='lat' dir='ltr'>a</span> <span class='ocrx_word' id='word_1_390' title='bbox 1914 426 2145 465; x_wconf 75' lang='lat' dir='ltr'>saecularibus</span> <span class='ocrx_word' id='word_1_391' title='bbox 2166 429 2316 479; x_wconf 78' lang='lat' dir='ltr'>negotiis</span> 
     </span>
     <span class='ocr_line' id='line_1_53' title="bbox 1363 487 2314 535; baseline 0.006 -15"><span class='ocrx_word' id='word_1_392' title='bbox 1363 497 1399 520; x_wconf 88' lang='lat' dir='ltr'>se</span> <span class='ocrx_word' id='word_1_393' title='bbox 1418 494 1692 535; x_wconf 85' lang='lat' dir='ltr'>sequestrarunt.</span> <span class='ocrx_word' id='word_1_394' title='bbox 1716 487 1783 524; x_wconf 92' lang='lat' dir='ltr'>Cui</span> <span class='ocrx_word' id='word_1_395' title='bbox 1803 500 1886 524; x_wconf 74' lang='lat' dir='ltr'>vero</span> <span class='ocrx_word' id='word_1_396' title='bbox 1911 487 2051 525; x_wconf 82' lang='lat' dir='ltr'>facilius</span> <span class='ocrx_word' id='word_1_397' title='bbox 2070 487 2167 525; x_wconf 88' lang='lat' dir='ltr'>cedet</span> <span class='ocrx_word' id='word_1_398' title='bbox 2191 498 2224 526; x_wconf 81' lang='lat' dir='ltr'>et</span> <span class='ocrx_word' id='word_1_399' title='bbox 2243 490 2314 526; x_wconf 18' lang='lat' dir='ltr'>obi-</span> 
     </span>
     <span class='ocr_line' id='line_1_54' title="bbox 1363 546 2313 598; baseline 0.006 -17"><span class='ocrx_word' id='word_1_400' title='bbox 1363 546 1586 596; x_wconf 77' lang='lat' dir='ltr'>temperabit,</span> <span class='ocrx_word' id='word_1_401' title='bbox 1605 547 1665 597; x_wconf 88' lang='lat' dir='ltr'>qui</span> <span class='ocrx_word' id='word_1_402' title='bbox 1682 556 1731 584; x_wconf 89' lang='lat' dir='ltr'>est</span> <span class='ocrx_word' id='word_1_403' title='bbox 1750 547 1784 583; x_wconf 88' lang='lat' dir='ltr'>in</span> <span class='ocrx_word' id='word_1_404' title='bbox 1802 556 1972 598; x_wconf 76' lang='lat' dir='ltr'>potestate</span> <span class='ocrx_word' id='word_1_405' title='bbox 1991 549 2216 593; x_wconf 88' lang='lat' dir='ltr'>constitutus,</span> <span class='ocrx_word' id='word_1_406' title='bbox 2229 559 2260 587; x_wconf 89' lang='lat' dir='ltr'>et</span> <span class='ocrx_word' id='word_1_407' title='bbox 2278 550 2313 588; x_wconf 92' lang='lat' dir='ltr'>in</span> 
     </span>
     <span class='ocr_line' id='line_1_55' title="bbox 1363 605 2316 659; baseline 0.006 -17"><span class='ocrx_word' id='word_1_408' title='bbox 1363 605 1459 655; x_wconf 83' lang='lat' dir='ltr'>regia</span> <span class='ocrx_word' id='word_1_409' title='bbox 1482 607 1669 644; x_wconf 73' lang='lat' dir='ltr'>versatur?</span> <span class='ocrx_word' id='word_1_410' title='bbox 1697 607 1809 644; x_wconf 88' lang='lat' dir='ltr'>tibine</span> <span class='ocrx_word' id='word_1_411' title='bbox 1833 608 1894 657; x_wconf 85' lang='lat' dir='ltr'>qui</span> <span class='ocrx_word' id='word_1_412' title='bbox 1919 607 2019 645; x_wconf 75' lang='lat' dir='ltr'>dives</span> <span class='ocrx_word' id='word_1_413' title='bbox 2043 623 2099 654; x_wconf 89' lang='lat' dir='ltr'>es,</span> <span class='ocrx_word' id='word_1_414' title='bbox 2129 623 2235 659; x_wconf 88' lang='lat' dir='ltr'>quem</span> <span class='ocrx_word' id='word_1_415' title='bbox 2256 610 2316 648; x_wconf 89' lang='lat' dir='ltr'>ille</span> 
     </span>
     <span class='ocr_line' id='line_1_56' title="bbox 1363 666 2312 722; baseline 0.007 -21"><span class='ocrx_word' id='word_1_416' title='bbox 1363 666 1596 716; x_wconf 81' lang='lat' dir='ltr'>pecuniarum</span> <span class='ocrx_word' id='word_1_417' title='bbox 1617 681 1722 705; x_wconf 89' lang='lat' dir='ltr'>causa</span> <span class='ocrx_word' id='word_1_418' title='bbox 1741 667 1865 704; x_wconf 86' lang='lat' dir='ltr'>crebro</span> <span class='ocrx_word' id='word_1_419' title='bbox 1882 667 2037 719; x_wconf 84' lang='lat' dir='ltr'>plurima</span> <span class='ocrx_word' id='word_1_420' title='bbox 2067 669 2179 707; x_wconf 82' lang='lat' dir='ltr'>facere</span> <span class='ocrx_word' id='word_1_421' title='bbox 2198 671 2312 722; x_wconf 84' lang='lat' dir='ltr'>suspi-</span> 
     </span>
     <span class='ocr_line' id='line_1_57' title="bbox 1361 726 2314 779; baseline 0.005 -16"><span class='ocrx_word' id='word_1_422' title='bbox 1361 734 1488 775; x_wconf 55' lang='grc' dir='ltr'>σείων,</span> <span class='ocrx_word' id='word_1_423' title='bbox 1511 741 1554 764; x_wconf 89' lang='lat' dir='ltr'>an</span> <span class='ocrx_word' id='word_1_424' title='bbox 1570 727 1602 764; x_wconf 90' lang='lat' dir='ltr'>ei</span> <span class='ocrx_word' id='word_1_425' title='bbox 1622 727 1686 778; x_wconf 90' lang='lat' dir='ltr'>qui</span> <span class='ocrx_word' id='word_1_426' title='bbox 1700 741 1806 765; x_wconf 88' lang='lat' dir='ltr'>unam</span> <span class='ocrx_word' id='word_1_427' title='bbox 1821 726 1927 764; x_wconf 80' lang='lat' dir='ltr'>habet</span> <span class='ocrx_word' id='word_1_428' title='bbox 1941 728 2143 779; x_wconf 85' lang='lat' dir='ltr'>jussionum</span> <span class='ocrx_word' id='word_1_429' title='bbox 2159 744 2314 779; x_wconf 81' lang='lat' dir='ltr'>eausam,</span> 
     </span>
     <span class='ocr_line' id='line_1_58' title="bbox 1310 788 2311 838; baseline 0.006 -16"><span class='ocrx_word' id='word_1_430' title='bbox 1310 792 1336 822; x_wconf 90' lang='lat' dir='ltr'>D</span> <span class='ocrx_word' id='word_1_431' title='bbox 1363 800 1486 838; x_wconf 82' lang='lat' dir='ltr'><strong>nempe</strong></span> <span class='ocrx_word' id='word_1_432' title='bbox 1501 788 1759 826; x_wconf 80' lang='lat' dir='ltr'>humanitatem</span> <span class='ocrx_word' id='word_1_433' title='bbox 1776 802 1858 838; x_wconf 78' lang='lat' dir='ltr'>erga</span> <span class='ocrx_word' id='word_1_434' title='bbox 1877 788 1994 825; x_wconf 72' lang='lat' dir='ltr'>alios?</span> <span class='ocrx_word' id='word_1_435' title='bbox 2013 789 2129 834; x_wconf 79' lang='lat' dir='ltr'>Quem</span> <span class='ocrx_word' id='word_1_436' title='bbox 2154 789 2311 828; x_wconf 83' lang='lat' dir='ltr'>honora-</span> 
     </span>
     <span class='ocr_line' id='line_1_59' title="bbox 1360 846 2313 899; baseline 0.005 -16"><span class='ocrx_word' id='word_1_437' title='bbox 1360 846 1427 893; x_wconf 75' lang='lat' dir='ltr'>bit,</span> <span class='ocrx_word' id='word_1_438' title='bbox 1446 862 1551 897; x_wconf 87' lang='lat' dir='ltr'>quem</span> <span class='ocrx_word' id='word_1_439' title='bbox 1570 848 1831 886; x_wconf 73' lang='lat' dir='ltr'>admirabitur?</span> <span class='ocrx_word' id='word_1_440' title='bbox 1845 863 1972 886; x_wconf 86' lang='lat' dir='ltr'>eumne</span> <span class='ocrx_word' id='word_1_441' title='bbox 1988 849 2032 886; x_wconf 88' lang='lat' dir='ltr'>de</span> <span class='ocrx_word' id='word_1_442' title='bbox 2053 863 2123 899; x_wconf 92' lang='lat' dir='ltr'>quo</span> <span class='ocrx_word' id='word_1_443' title='bbox 2144 851 2234 888; x_wconf 84' lang='lat' dir='ltr'>nihil</span> <span class='ocrx_word' id='word_1_444' title='bbox 2250 853 2313 888; x_wconf 86' lang='lat' dir='ltr'>ab·</span> 
     </span>
     <span class='ocr_line' id='line_1_60' title="bbox 1355 907 2313 961; baseline 0.005 -17"><span class='ocrx_word' id='word_1_445' title='bbox 1355 907 1490 958; x_wconf 89' lang='lat' dir='ltr'>jectum</span> <span class='ocrx_word' id='word_1_446' title='bbox 1503 909 1675 958; x_wconf 85' lang='lat' dir='ltr'>suspicari</span> <span class='ocrx_word' id='word_1_447' title='bbox 1692 917 1867 960; x_wconf 85' lang='lat' dir='ltr'>potest‚an</span> <span class='ocrx_word' id='word_1_448' title='bbox 1885 923 1966 946; x_wconf 85' lang='lat' dir='ltr'>eum</span> <span class='ocrx_word' id='word_1_449' title='bbox 1983 924 2088 960; x_wconf 88' lang='lat' dir='ltr'>quem</span> <span class='ocrx_word' id='word_1_450' title='bbox 2101 911 2213 948; x_wconf 80' lang='lat' dir='ltr'>servis</span> <span class='ocrx_word' id='word_1_451' title='bbox 2225 926 2313 961; x_wconf 90' lang='lat' dir='ltr'>quo-</span> 
     </span>
     <span class='ocr_line' id='line_1_61' title="bbox 1360 968 2314 1022; baseline 0.005 -17"><span class='ocrx_word' id='word_1_452' title='bbox 1360 982 1429 1018; x_wconf 88' lang='lat' dir='ltr'>que</span> <span class='ocrx_word' id='word_1_453' title='bbox 1442 968 1516 1006; x_wconf 87' lang='lat' dir='ltr'>suis</span> <span class='ocrx_word' id='word_1_454' title='bbox 1532 969 1696 1007; x_wconf 80' lang='lat' dir='ltr'>viliorem</span> <span class='ocrx_word' id='word_1_455' title='bbox 1713 970 1934 1007; x_wconf 69' lang='lat' dir='ltr'>arbitratur?</span> <span class='ocrx_word' id='word_1_456' title='bbox 1951 970 2051 1008; x_wconf 85' lang='lat' dir='ltr'>Sicut</span> <span class='ocrx_word' id='word_1_457' title='bbox 2067 972 2158 1008; x_wconf 91' lang='lat' dir='ltr'>enim</span> <span class='ocrx_word' id='word_1_458' title='bbox 2176 973 2314 1022; x_wconf 87' lang='lat' dir='ltr'>quoties</span> 
     </span>
     <span class='ocr_line' id='line_1_62' title="bbox 1359 1029 2315 1086; baseline 0.005 -20"><span class='ocrx_word' id='word_1_459' title='bbox 1359 1029 1496 1080; x_wconf 82' lang='lat' dir='ltr'>aliquid</span> <span class='ocrx_word' id='word_1_460' title='bbox 1527 1031 1686 1082; x_wconf 84' lang='lat' dir='ltr'>pecuniae</span> <span class='ocrx_word' id='word_1_461' title='bbox 1717 1030 1996 1082; x_wconf 83' lang='lat' dir='ltr'>impendendum</span> <span class='ocrx_word' id='word_1_462' title='bbox 2013 1040 2083 1078; x_wconf 82' lang='lat' dir='ltr'>est,</span> <span class='ocrx_word' id='word_1_463' title='bbox 2104 1032 2177 1070; x_wconf 88' lang='lat' dir='ltr'>illis</span> <span class='ocrx_word' id='word_1_464' title='bbox 2196 1033 2315 1086; x_wconf 92' lang='lat' dir='ltr'>potius</span> 
     </span>
     <span class='ocr_line' id='line_1_63' title="bbox 1359 1089 2316 1144; baseline 0.005 -17"><span class='ocrx_word' id='word_1_465' title='bbox 1359 1089 1624 1142; x_wconf 82' lang='lat' dir='ltr'>obtemperant,</span> <span class='ocrx_word' id='word_1_466' title='bbox 1644 1091 1694 1130; x_wconf 78' lang='lat' dir='ltr'>ita</span> <span class='ocrx_word' id='word_1_467' title='bbox 1712 1091 1817 1129; x_wconf 87' lang='lat' dir='ltr'>etiam</span> <span class='ocrx_word' id='word_1_468' title='bbox 1847 1091 1984 1142; x_wconf 86' lang='lat' dir='ltr'>quoties</span> <span class='ocrx_word' id='word_1_469' title='bbox 2009 1093 2179 1144; x_wconf 83' lang='lat' dir='ltr'>jusserint</span> <span class='ocrx_word' id='word_1_470' title='bbox 2206 1094 2316 1132; x_wconf 83' lang='lat' dir='ltr'>alicui</span> 
     </span>
     <span class='ocr_line' id='line_1_64' title="bbox 1358 1152 1589 1204; baseline 0.004 -15"><span class='ocrx_word' id='word_1_471' title='bbox 1358 1152 1589 1204; x_wconf 77' lang='lat' dir='ltr'>patrocinari.</span> 
     </span>
     <span class='ocr_line' id='line_1_65' title="bbox 1414 1221 2317 1278; baseline 0.004 -18"><span class='ocrx_word' id='word_1_472' title='bbox 1414 1221 1451 1260; x_wconf 86' lang='lat'>8.</span> <span class='ocrx_word' id='word_1_473' title='bbox 1469 1222 1533 1262; x_wconf 87' lang='lat' dir='ltr'>Sin</span> <span class='ocrx_word' id='word_1_474' title='bbox 1551 1231 1667 1261; x_wconf 88' lang='lat' dir='ltr'>autem</span> <span class='ocrx_word' id='word_1_475' title='bbox 1683 1223 1851 1271; x_wconf 78' lang='lat' dir='ltr'>volueris,</span> <span class='ocrx_word' id='word_1_476' title='bbox 1870 1223 1961 1261; x_wconf 86' lang='lat' dir='ltr'>nihil</span> <span class='ocrx_word' id='word_1_477' title='bbox 1980 1224 2040 1262; x_wconf 90' lang='lat' dir='ltr'>ille</span> <span class='ocrx_word' id='word_1_478' title='bbox 2055 1239 2118 1276; x_wconf 87' lang='lat' dir='ltr'>per</span> <span class='ocrx_word' id='word_1_479' title='bbox 2131 1225 2220 1263; x_wconf 89' lang='lat' dir='ltr'>alios</span> <span class='ocrx_word' id='word_1_480' title='bbox 2233 1240 2317 1278; x_wconf 86' lang='lat' dir='ltr'>per-</span> 
     </span>
     <span class='ocr_line' id='line_1_66' title="bbox 1361 1281 2313 1336; baseline 0.006 -18"><span class='ocrx_word' id='word_1_481' title='bbox 1361 1281 1459 1319; x_wconf 87' lang='lat' dir='ltr'>ficiat</span> <span class='ocrx_word' id='word_1_482' title='bbox 1476 1283 1556 1328; x_wconf 87' lang='lat' dir='ltr'>,sed</span> <span class='ocrx_word' id='word_1_483' title='bbox 1568 1298 1631 1335; x_wconf 91' lang='lat' dir='ltr'>per</span> <span class='ocrx_word' id='word_1_484' title='bbox 1646 1284 1804 1336; x_wconf 89' lang='lat' dir='ltr'>seipsum</span> <span class='ocrx_word' id='word_1_485' title='bbox 1824 1284 1941 1322; x_wconf 84' lang='lat' dir='ltr'>omnia</span> <span class='ocrx_word' id='word_1_486' title='bbox 1956 1300 1967 1333; x_wconf 81' lang='lat'><em>3</em></span> <span class='ocrx_word' id='word_1_487' title='bbox 1985 1300 2226 1324; x_wconf 80' lang='lat' dir='ltr'>aerumuosum</span> <span class='ocrx_word' id='word_1_488' title='bbox 2247 1287 2313 1324; x_wconf 88' lang='lat' dir='ltr'>ali·</span> 
     </span>
     <span class='ocr_line' id='line_1_67' title="bbox 1361 1344 2315 1398; baseline 0.006 -19"><span class='ocrx_word' id='word_1_489' title='bbox 1361 1357 1466 1392; x_wconf 90' lang='lat' dir='ltr'>quem</span> <span class='ocrx_word' id='word_1_490' title='bbox 1480 1353 1514 1381; x_wconf 86' lang='lat' dir='ltr'>et</span> <span class='ocrx_word' id='word_1_491' title='bbox 1531 1344 1579 1381; x_wconf 91' lang='lat' dir='ltr'>ad</span> <span class='ocrx_word' id='word_1_492' title='bbox 1593 1344 1695 1382; x_wconf 89' lang='lat' dir='ltr'>illum</span> <span class='ocrx_word' id='word_1_493' title='bbox 1708 1344 1928 1382; x_wconf 84' lang='lat' dir='ltr'>adducamus</span> <span class='ocrx_word' id='word_1_494' title='bbox 1944 1355 1977 1382; x_wconf 90' lang='lat' dir='ltr'>et</span> <span class='ocrx_word' id='word_1_495' title='bbox 1991 1345 2033 1382; x_wconf 92' lang='lat' dir='ltr'>ad</span> <span class='ocrx_word' id='word_1_496' title='bbox 2050 1355 2094 1392; x_wconf 88' lang='lat' dir='ltr'>te,</span> <span class='ocrx_word' id='word_1_497' title='bbox 2110 1346 2182 1383; x_wconf 91' lang='lat' dir='ltr'>imo</span> <span class='ocrx_word' id='word_1_498' title='bbox 2198 1348 2315 1398; x_wconf 90' lang='lat' dir='ltr'>potius</span> 
     </span>
     <span class='ocr_line' id='line_1_68' title="bbox 1361 1403 2316 1457; baseline 0.006 -17"><span class='ocrx_word' id='word_1_499' title='bbox 1361 1417 1430 1440; x_wconf 92' lang='lat' dir='ltr'>non</span> <span class='ocrx_word' id='word_1_500' title='bbox 1449 1403 1497 1441; x_wconf 81' lang='lat' dir='ltr'>ad</span> <span class='ocrx_word' id='word_1_501' title='bbox 1516 1413 1563 1452; x_wconf 88' lang='lat' dir='ltr'>te,</span> <span class='ocrx_word' id='word_1_502' title='bbox 1578 1404 1639 1442; x_wconf 90' lang='lat' dir='ltr'>sed</span> <span class='ocrx_word' id='word_1_503' title='bbox 1660 1405 1706 1442; x_wconf 91' lang='lat' dir='ltr'>ad</span> <span class='ocrx_word' id='word_1_504' title='bbox 1722 1407 1840 1457; x_wconf 89' lang='lat' dir='ltr'>ipsum</span> <span class='ocrx_word' id='word_1_505' title='bbox 1862 1407 2116 1457; x_wconf 80' lang='lat' dir='ltr'>Imperatorem</span> <span class='ocrx_word' id='word_1_506' title='bbox 2136 1425 2142 1443; x_wconf 93' lang='lat'>:</span> <span class='ocrx_word' id='word_1_507' title='bbox 2164 1416 2238 1445; x_wconf 87' lang='lat' dir='ltr'>turn</span> <span class='ocrx_word' id='word_1_508' title='bbox 2254 1409 2316 1446; x_wconf 77' lang='lat' dir='ltr'>vi·</span> 
     </span>
     <span class='ocr_line' id='line_1_69' title="bbox 1361 1463 2318 1518; baseline 0.005 -18"><span class='ocrx_word' id='word_1_509' title='bbox 1361 1463 1508 1502; x_wconf 87' lang='lat' dir='ltr'>deamus</span> <span class='ocrx_word' id='word_1_510' title='bbox 1522 1474 1600 1503; x_wconf 91' lang='lat' dir='ltr'>nter</span> <span class='ocrx_word' id='word_1_511' title='bbox 1613 1466 1667 1503; x_wconf 91' lang='lat' dir='ltr'>illi</span> <span class='ocrx_word' id='word_1_512' title='bbox 1682 1466 1796 1517; x_wconf 81' lang='lat' dir='ltr'>magis</span> <span class='ocrx_word' id='word_1_513' title='bbox 1810 1466 1999 1518; x_wconf 73' lang='lat' dir='ltr'>providere</span> <span class='ocrx_word' id='word_1_514' title='bbox 2020 1468 2143 1518; x_wconf 84' lang='lat' dir='ltr'>possit.</span> <span class='ocrx_word' id='word_1_515' title='bbox 2156 1469 2318 1507; x_wconf 85' lang='lat' dir='ltr'>Primus.-</span> 
     </span>
     <span class='ocr_line' id='line_1_70' title="bbox 1362 1526 2317 1577; baseline 0.006 -16"><span class='ocrx_word' id='word_1_516' title='bbox 1362 1539 1430 1575; x_wconf 79' lang='lat' dir='ltr'>que</span> <span class='ocrx_word' id='word_1_517' title='bbox 1439 1534 1518 1563; x_wconf 85' lang='lat' dir='ltr'>ante</span> <span class='ocrx_word' id='word_1_518' title='bbox 1527 1526 1613 1564; x_wconf 85' lang='lat' dir='ltr'>alios</span> <span class='ocrx_word' id='word_1_519' title='bbox 1621 1526 1833 1572; x_wconf 85' lang='lat' dir='ltr'>adducatur,</span> <span class='ocrx_word' id='word_1_520' title='bbox 1845 1528 1908 1577; x_wconf 88' lang='lat' dir='ltr'>qui</span> <span class='ocrx_word' id='word_1_521' title='bbox 1919 1527 2145 1565; x_wconf 86' lang='lat' dir='ltr'>acerbissima</span> <span class='ocrx_word' id='word_1_522' title='bbox 2155 1530 2317 1568; x_wconf 88' lang='lat' dir='ltr'>omnium</span> 
     </span>
     <span class='ocr_line' id='line_1_71' title="bbox 1361 1587 2317 1639; baseline 0.006 -17"><span class='ocrx_word' id='word_1_523' title='bbox 1361 1599 1548 1637; x_wconf 87' lang='lat' dir='ltr'>perpessus</span> <span class='ocrx_word' id='word_1_524' title='bbox 1569 1587 1626 1624; x_wconf 87' lang='lat' dir='ltr'>sit.</span> <span class='ocrx_word' id='word_1_525' title='bbox 1656 1587 1708 1625; x_wconf 90' lang='lat' dir='ltr'>Sit</span> <span class='ocrx_word' id='word_1_526' title='bbox 1735 1587 1833 1624; x_wconf 76' lang='lat' dir='ltr'>verbi</span> <span class='ocrx_word' id='word_1_527' title='bbox 1856 1587 1968 1637; x_wconf 84' lang='lat' dir='ltr'>gratia</span> <span class='ocrx_word' id='word_1_528' title='bbox 1996 1588 2176 1639; x_wconf 82' lang='lat' dir='ltr'>quispiam</span> <span class='ocrx_word' id='word_1_529' title='bbox 2201 1590 2317 1629; x_wconf 80' lang='lat' dir='ltr'>filium</span> 
     </span>
     <span class='ocr_line' id='line_1_72' title="bbox 1362 1646 2317 1700; baseline 0.006 -18"><span class='ocrx_word' id='word_1_530' title='bbox 1362 1646 1496 1685; x_wconf 82' lang='lat' dir='ltr'>habens</span> <span class='ocrx_word' id='word_1_531' title='bbox 1515 1648 1677 1694; x_wconf 90' lang='lat' dir='ltr'>unicum,</span> <span class='ocrx_word' id='word_1_532' title='bbox 1693 1662 1798 1698; x_wconf 87' lang='lat' dir='ltr'>quem</span> <span class='ocrx_word' id='word_1_533' title='bbox 1817 1647 1852 1684; x_wconf 91' lang='lat' dir='ltr'>in</span> <span class='ocrx_word' id='word_1_534' title='bbox 1873 1648 1951 1700; x_wconf 86' lang='lat' dir='ltr'>ipso</span> <span class='ocrx_word' id='word_1_535' title='bbox 1970 1649 2080 1687; x_wconf 78' lang='lat' dir='ltr'>aetatis</span> <span class='ocrx_word' id='word_1_536' title='bbox 2102 1649 2189 1688; x_wconf 84' lang='lat' dir='ltr'>ssure</span> <span class='ocrx_word' id='word_1_537' title='bbox 2215 1653 2317 1689; x_wconf 84' lang='lat' dir='ltr'>amit-</span> 
     </span>
     <span class='ocr_line' id='line_1_73' title="bbox 1311 1708 2317 1761; baseline 0.004 -16"><span class='ocrx_word' id='word_1_538' title='bbox 1311 1721 1337 1752; x_wconf 80' lang='grc' dir='ltr'>Ε</span> <span class='ocrx_word' id='word_1_539' title='bbox 1363 1716 1424 1746; x_wconf 87' lang='lat' dir='ltr'>tat.</span> <span class='ocrx_word' id='word_1_540' title='bbox 1446 1708 1550 1745; x_wconf 91' lang='lat' dir='ltr'>Hunc</span> <span class='ocrx_word' id='word_1_541' title='bbox 1569 1722 1678 1759; x_wconf 86' lang='lat' dir='ltr'>neque</span> <span class='ocrx_word' id='word_1_542' title='bbox 1692 1710 1870 1760; x_wconf 82' lang='lat' dir='ltr'>princeps,</span> <span class='ocrx_word' id='word_1_543' title='bbox 1885 1723 1998 1759; x_wconf 87' lang='lat' dir='ltr'>neque</span> <span class='ocrx_word' id='word_1_544' title='bbox 2010 1723 2087 1757; x_wconf 81' lang='lat' dir='ltr'>rex,</span> <span class='ocrx_word' id='word_1_545' title='bbox 2101 1725 2214 1761; x_wconf 87' lang='lat' dir='ltr'>neque</span> <span class='ocrx_word' id='word_1_546' title='bbox 2225 1712 2317 1750; x_wconf 90' lang='lat' dir='ltr'>alius</span> 
     </span>
     <span class='ocr_line' id='line_1_74' title="bbox 1360 1768 2316 1820; baseline 0.005 -15"><span class='ocrx_word' id='word_1_547' title='bbox 1360 1768 1540 1820; x_wconf 90' lang='lat' dir='ltr'>quispiam</span> <span class='ocrx_word' id='word_1_548' title='bbox 1553 1769 1728 1806; x_wconf 82' lang='lat' dir='ltr'>consolari</span> <span class='ocrx_word' id='word_1_549' title='bbox 1743 1769 1883 1820; x_wconf 85' lang='lat' dir='ltr'>poterit,</span> <span class='ocrx_word' id='word_1_550' title='bbox 1897 1769 2028 1807; x_wconf 90' lang='lat' dir='ltr'>nedum</span> <span class='ocrx_word' id='word_1_551' title='bbox 2046 1780 2081 1808; x_wconf 93' lang='lat' dir='ltr'>tu</span> <span class='ocrx_word' id='word_1_552' title='bbox 2095 1788 2103 1807; x_wconf 74' lang='grc' dir='ltr'><strong><em>ε</em></strong></span> <span class='ocrx_word' id='word_1_553' title='bbox 2118 1771 2209 1809; x_wconf 90' lang='lat' dir='ltr'>nihil</span> <span class='ocrx_word' id='word_1_554' title='bbox 2219 1773 2316 1811; x_wconf 87' lang='lat' dir='ltr'>enim</span> 
     </span>
     <span class='ocr_line' id='line_1_75' title="bbox 1360 1829 2316 1881; baseline 0.006 -15"><span class='ocrx_word' id='word_1_555' title='bbox 1360 1830 1428 1867; x_wconf 86' lang='lat' dir='ltr'>tale</span> <span class='ocrx_word' id='word_1_556' title='bbox 1444 1830 1512 1881; x_wconf 87' lang='lat' dir='ltr'>ipsi</span> <span class='ocrx_word' id='word_1_557' title='bbox 1527 1829 1643 1878; x_wconf 88' lang='lat' dir='ltr'>dabis,</span> <span class='ocrx_word' id='word_1_558' title='bbox 1656 1830 1759 1880; x_wconf 85' lang='lat' dir='ltr'>quale</span> <span class='ocrx_word' id='word_1_559' title='bbox 1770 1831 1901 1868; x_wconf 87' lang='lat' dir='ltr'>amisit.</span> <span class='ocrx_word' id='word_1_560' title='bbox 1916 1834 1958 1868; x_wconf 74' lang='lat' dir='ltr'>At</span> <span class='ocrx_word' id='word_1_561' title='bbox 1976 1831 2005 1868; x_wconf 91' lang='lat' dir='ltr'>si</span> <span class='ocrx_word' id='word_1_562' title='bbox 2020 1831 2067 1870; x_wconf 88' lang='lat' dir='ltr'>ad</span> <span class='ocrx_word' id='word_1_563' title='bbox 2082 1832 2199 1871; x_wconf 83' lang='lat' dir='ltr'>filium</span> <span class='ocrx_word' id='word_1_564' title='bbox 2212 1843 2316 1872; x_wconf 86' lang='lat' dir='ltr'>tuum</span> 
     </span>
     <span class='ocr_line' id='line_1_76' title="bbox 1358 1890 2314 1944; baseline 0.006 -16"><span class='ocrx_word' id='word_1_565' title='bbox 1358 1890 1575 1938; x_wconf 70' lang='lat' dir='ltr'>adduxeris,</span> <span class='ocrx_word' id='word_1_566' title='bbox 1600 1891 1716 1943; x_wconf 86' lang='lat' dir='ltr'>primo</span> <span class='ocrx_word' id='word_1_567' title='bbox 1737 1891 1854 1943; x_wconf 83' lang='lat' dir='ltr'>ipsum</span> <span class='ocrx_word' id='word_1_568' title='bbox 1877 1906 1922 1929; x_wconf 76' lang='lat' dir='ltr'>cx</span> <span class='ocrx_word' id='word_1_569' title='bbox 1952 1903 2097 1944; x_wconf 83' lang='lat' dir='ltr'>aspectu</span> <span class='ocrx_word' id='word_1_570' title='bbox 2114 1925 2123 1941; x_wconf 86' lang='lat'><strong><em>‚</em></strong></span> <span class='ocrx_word' id='word_1_571' title='bbox 2144 1908 2188 1932; x_wconf 71' lang='lat' dir='ltr'>ex</span> <span class='ocrx_word' id='word_1_572' title='bbox 2208 1895 2314 1934; x_wconf 84' lang='lat' dir='ltr'>habi-</span> 
     </span>
     <span class='ocr_line' id='line_1_77' title="bbox 1356 1952 2313 2008; baseline 0.005 -19"><span class='ocrx_word' id='word_1_573' title='bbox 1356 1961 1415 1998; x_wconf 84' lang='lat' dir='ltr'>tu,</span> <span class='ocrx_word' id='word_1_574' title='bbox 1436 1967 1481 1990; x_wconf 81' lang='lat' dir='ltr'>ex</span> <span class='ocrx_word' id='word_1_575' title='bbox 1500 1952 1682 1990; x_wconf 88' lang='lat' dir='ltr'>domicilio</span> <span class='ocrx_word' id='word_1_576' title='bbox 1704 1953 1823 1990; x_wconf 86' lang='lat' dir='ltr'>statim</span> <span class='ocrx_word' id='word_1_577' title='bbox 1842 1953 1973 2004; x_wconf 83' lang='lat' dir='ltr'>eriget,</span> <span class='ocrx_word' id='word_1_578' title='bbox 1998 1955 2137 2006; x_wconf 84' lang='lat' dir='ltr'>ipsique</span> <span class='ocrx_word' id='word_1_579' title='bbox 2164 1971 2313 2008; x_wconf 80' lang='lat' dir='ltr'>persua·—</span> 
     </span>
     <span class='ocr_line' id='line_1_78' title="bbox 1356 2012 2312 2065; baseline 0.004 -14"><span class='ocrx_word' id='word_1_580' title='bbox 1356 2012 1455 2051; x_wconf 82' lang='lat' dir='ltr'>debit</span> <span class='ocrx_word' id='word_1_581' title='bbox 1472 2028 1536 2065; x_wconf 88' lang='lat' dir='ltr'>pro</span> <span class='ocrx_word' id='word_1_582' title='bbox 1555 2013 1668 2051; x_wconf 86' lang='lat' dir='ltr'>nihilo</span> <span class='ocrx_word' id='word_1_583' title='bbox 1685 2012 1814 2050; x_wconf 84' lang='lat' dir='ltr'>habere</span> <span class='ocrx_word' id='word_1_584' title='bbox 1830 2027 1884 2050; x_wconf 91' lang='lat' dir='ltr'>res</span> <span class='ocrx_word' id='word_1_585' title='bbox 1897 2013 2090 2063; x_wconf 81' lang='lat' dir='ltr'>humanas,</span> <span class='ocrx_word' id='word_1_586' title='bbox 2108 2025 2183 2053; x_wconf 89' lang='lat' dir='ltr'>tum</span> <span class='ocrx_word' id='word_1_587' title='bbox 2203 2019 2312 2055; x_wconf 85' lang='lat' dir='ltr'>orati-</span> 
     </span>
     <span class='ocr_line' id='line_1_79' title="bbox 1355 2074 2313 2127; baseline 0.005 -16"><span class='ocrx_word' id='word_1_588' title='bbox 1355 2087 1421 2111; x_wconf 91' lang='lat' dir='ltr'>one</span> <span class='ocrx_word' id='word_1_589' title='bbox 1437 2088 1576 2112; x_wconf 89' lang='lat' dir='ltr'>omnem</span> <span class='ocrx_word' id='word_1_590' title='bbox 1598 2076 1760 2112; x_wconf 88' lang='lat' dir='ltr'>moeroris</span> <span class='ocrx_word' id='word_1_591' title='bbox 1776 2074 1942 2112; x_wconf 86' lang='lat' dir='ltr'>nebulam</span> <span class='ocrx_word' id='word_1_592' title='bbox 1957 2075 2060 2113; x_wconf 88' lang='lat' dir='ltr'>facile</span> <span class='ocrx_word' id='word_1_593' title='bbox 2071 2077 2220 2127; x_wconf 79' lang='lat' dir='ltr'>fugabit.</span> <span class='ocrx_word' id='word_1_594' title='bbox 2233 2078 2313 2116; x_wconf 82' lang='lat' dir='ltr'>Tua</span> 
     </span>
     <span class='ocr_line' id='line_1_80' title="bbox 1354 2134 2311 2177; baseline 0.004 -5"><span class='ocrx_word' id='word_1_595' title='bbox 1354 2148 1438 2172; x_wconf 74' lang='lat' dir='ltr'>vero</span> <span class='ocrx_word' id='word_1_596' title='bbox 1451 2149 1494 2173; x_wconf 82' lang='lat' dir='ltr'>ex</span> <span class='ocrx_word' id='word_1_597' title='bbox 1505 2134 1615 2173; x_wconf 90' lang='lat' dir='ltr'>domo</span> <span class='ocrx_word' id='word_1_598' title='bbox 1626 2135 1763 2172; x_wconf 85' lang='lat' dir='ltr'>luctum</span> <span class='ocrx_word' id='word_1_599' title='bbox 1776 2134 1989 2173; x_wconf 87' lang='lat' dir='ltr'>acerbiorem</span> <span class='ocrx_word' id='word_1_600' title='bbox 2005 2136 2066 2174; x_wconf 87' lang='lat' dir='ltr'>ille</span> <span class='ocrx_word' id='word_1_601' title='bbox 2077 2138 2311 2177; x_wconf 86' lang='lat' dir='ltr'>referet.Cum</span> 
     </span>
     <span class='ocr_line' id='line_1_81' title="bbox 1354 2197 2312 2251; baseline 0.004 -17"><span class='ocrx_word' id='word_1_602' title='bbox 1354 2197 1449 2234; x_wconf 90' lang='lat' dir='ltr'>enim</span> <span class='ocrx_word' id='word_1_603' title='bbox 1463 2197 1594 2235; x_wconf 87' lang='lat' dir='ltr'>viderit</span> <span class='ocrx_word' id='word_1_604' title='bbox 1608 2211 1685 2235; x_wconf 89' lang='lat' dir='ltr'>eam</span> <span class='ocrx_word' id='word_1_605' title='bbox 1700 2197 1802 2234; x_wconf 82' lang='lat' dir='ltr'>malis</span> <span class='ocrx_word' id='word_1_606' title='bbox 1819 2197 1985 2235; x_wconf 89' lang='lat' dir='ltr'>omnibus</span> <span class='ocrx_word' id='word_1_607' title='bbox 2001 2208 2199 2251; x_wconf 82' lang='lat' dir='ltr'>expertem,</span> <span class='ocrx_word' id='word_1_608' title='bbox 2218 2200 2312 2238; x_wconf 86' lang='lat' dir='ltr'>mul·</span> 
     </span>
     <span class='ocr_line' id='line_1_82' title="bbox 1354 2258 2311 2314; baseline 0.004 -18"><span class='ocrx_word' id='word_1_609' title='bbox 1354 2266 1387 2295; x_wconf 85' lang='lat' dir='ltr'>ta</span> <span class='ocrx_word' id='word_1_610' title='bbox 1409 2258 1575 2296; x_wconf 84' lang='lat' dir='ltr'>felicitate</span> <span class='ocrx_word' id='word_1_611' title='bbox 1601 2259 1785 2304; x_wconf 86' lang='lat' dir='ltr'>refertam,</span> <span class='ocrx_word' id='word_1_612' title='bbox 1807 2258 1938 2296; x_wconf 86' lang='lat' dir='ltr'>herede</span> <span class='ocrx_word' id='word_1_613' title='bbox 1971 2270 2160 2312; x_wconf 72' lang='lat' dir='ltr'>przeseute‚</span> <span class='ocrx_word' id='word_1_614' title='bbox 2184 2262 2311 2314; x_wconf 84' lang='lat' dir='ltr'>majori</span> 
     </span>
     <span class='ocr_line' id='line_1_83' title="bbox 1352 2319 2311 2372; baseline 0.006 -16"><span class='ocrx_word' id='word_1_615' title='bbox 1352 2319 1452 2357; x_wconf 89' lang='lat' dir='ltr'>luctu</span> <span class='ocrx_word' id='word_1_616' title='bbox 1469 2320 1644 2358; x_wconf 69' lang='lat' dir='ltr'>aestuabit.</span> <span class='ocrx_word' id='word_1_617' title='bbox 1665 2320 1795 2358; x_wconf 85' lang='lat' dir='ltr'>Contra</span> <span class='ocrx_word' id='word_1_618' title='bbox 1813 2334 1898 2358; x_wconf 82' lang='lat' dir='ltr'>vero</span> <span class='ocrx_word' id='word_1_619' title='bbox 1918 2320 2002 2358; x_wconf 86' lang='lat' dir='ltr'>inde</span> <span class='ocrx_word' id='word_1_620' title='bbox 2017 2322 2170 2372; x_wconf 82' lang='lat' dir='ltr'>quietior</span> <span class='ocrx_word' id='word_1_621' title='bbox 2185 2322 2311 2362; x_wconf 74' lang='lat' dir='ltr'>evadet</span> 
     </span>
     <span class='ocr_line' id='line_1_84' title="bbox 1353 2380 2308 2432; baseline 0.007 -16"><span class='ocrx_word' id='word_1_622' title='bbox 1353 2380 1658 2432; x_wconf 70' lang='lat' dir='ltr'>philosophiaque</span> <span class='ocrx_word' id='word_1_623' title='bbox 1684 2380 1940 2432; x_wconf 81' lang='lat' dir='ltr'>propinquior:</span> <span class='ocrx_word' id='word_1_624' title='bbox 1962 2395 2044 2419; x_wconf 85' lang='lat' dir='ltr'>cum</span> <span class='ocrx_word' id='word_1_625' title='bbox 2064 2383 2194 2422; x_wconf 80' lang='lat' dir='ltr'>viderit</span> <span class='ocrx_word' id='word_1_626' title='bbox 2214 2386 2308 2423; x_wconf 83' lang='lat' dir='ltr'>enim</span> 
     </span>
     <span class='ocr_line' id='line_1_85' title="bbox 1351 2441 2305 2496; baseline 0.004 -18"><span class='ocrx_word' id='word_1_627' title='bbox 1351 2441 1465 2478; x_wconf 85' lang='lat' dir='ltr'>lilium</span> <span class='ocrx_word' id='word_1_628' title='bbox 1487 2450 1589 2478; x_wconf 89' lang='lat' dir='ltr'>tuum</span> <span class='ocrx_word' id='word_1_629' title='bbox 1609 2450 1724 2478; x_wconf 85' lang='lat' dir='ltr'>tantas</span> <span class='ocrx_word' id='word_1_630' title='bbox 1742 2455 1824 2493; x_wconf 87' lang='lat' dir='ltr'>opes</span> <span class='ocrx_word' id='word_1_631' title='bbox 1843 2441 2046 2494; x_wconf 79' lang='lat' dir='ltr'>despicere,</span> <span class='ocrx_word' id='word_1_632' title='bbox 2071 2454 2203 2481; x_wconf 79' lang='lat' dir='ltr'>tantam</span> <span class='ocrx_word' id='word_1_633' title='bbox 2224 2446 2305 2496; x_wconf 80' lang='lat' dir='ltr'>glo-</span> 
     </span>
     <span class='ocr_line' id='line_1_86' title="bbox 1351 2502 2308 2553; baseline 0.005 -14"><span class='ocrx_word' id='word_1_634' title='bbox 1351 2502 1442 2540; x_wconf 85' lang='lat' dir='ltr'>riam</span> <span class='ocrx_word' id='word_1_635' title='bbox 1474 2511 1681 2552; x_wconf 84' lang='lat' dir='ltr'>tantumque</span> <span class='ocrx_word' id='word_1_636' title='bbox 1698 2502 1921 2553; x_wconf 85' lang='lat' dir='ltr'>splendorem</span> <span class='ocrx_word' id='word_1_637' title='bbox 1939 2533 1947 2546; x_wconf 94' lang='lat'>,</span> <span class='ocrx_word' id='word_1_638' title='bbox 1971 2503 2090 2542; x_wconf 87' lang='lat' dir='ltr'>minus</span> <span class='ocrx_word' id='word_1_639' title='bbox 2108 2505 2245 2544; x_wconf 81' lang='lat' dir='ltr'>dolebit</span> <span class='ocrx_word' id='word_1_640' title='bbox 2263 2507 2308 2544; x_wconf 85' lang='lat' dir='ltr'>de</span> 
     </span>
     <span class='ocr_line' id='line_1_87' title="bbox 1352 2561 2307 2617; baseline 0.006 -18"><span class='ocrx_word' id='word_1_641' title='bbox 1352 2572 1464 2600; x_wconf 80' lang='lat' dir='ltr'>inorte</span> <span class='ocrx_word' id='word_1_642' title='bbox 1483 2562 1561 2599; x_wconf 81' lang='lat' dir='ltr'>lilii.</span> <span class='ocrx_word' id='word_1_643' title='bbox 1584 2562 1656 2607; x_wconf 83' lang='lat' dir='ltr'>Qui</span> <span class='ocrx_word' id='word_1_644' title='bbox 1681 2562 1774 2599; x_wconf 72' lang='lat' dir='ltr'>enim</span> <span class='ocrx_word' id='word_1_645' title='bbox 1794 2561 2003 2600; x_wconf 81' lang='lat' dir='ltr'>discruciari</span> <span class='ocrx_word' id='word_1_646' title='bbox 2031 2566 2182 2616; x_wconf 76' lang='lat' dir='ltr'>poterit,</span> <span class='ocrx_word' id='word_1_647' title='bbox 2211 2567 2307 2617; x_wconf 86' lang='lat' dir='ltr'>quod</span> 
     </span>
     <span class='ocr_line' id='line_1_88' title="bbox 1351 2621 2306 2678; baseline 0.006 -18"><span class='ocrx_word' id='word_1_648' title='bbox 1351 2623 1526 2661; x_wconf 79' lang='lat' dir='ltr'>bonorum</span> <span class='ocrx_word' id='word_1_649' title='bbox 1544 2621 1674 2660; x_wconf 83' lang='lat' dir='ltr'>herede</span> <span class='ocrx_word' id='word_1_650' title='bbox 1693 2631 1824 2669; x_wconf 77' lang='lat' dir='ltr'>carcat,</span> <span class='ocrx_word' id='word_1_651' title='bbox 1844 2636 1925 2660; x_wconf 83' lang='lat' dir='ltr'>cum</span> <span class='ocrx_word' id='word_1_652' title='bbox 1947 2623 2079 2662; x_wconf 79' lang='lat' dir='ltr'>viderit</span> <span class='ocrx_word' id='word_1_653' title='bbox 2096 2626 2209 2664; x_wconf 83' lang='lat' dir='ltr'>alium</span> <span class='ocrx_word' id='word_1_654' title='bbox 2231 2629 2306 2678; x_wconf 64' lang='lat' dir='ltr'>haee</span> 
     </span>
     <span class='ocr_line' id='line_1_89' title="bbox 1350 2683 2305 2740; baseline 0.007 -19"><span class='ocrx_word' id='word_1_655' title='bbox 1350 2684 1469 2722; x_wconf 87' lang='lat' dir='ltr'>omnia</span> <span class='ocrx_word' id='word_1_656' title='bbox 1489 2683 1738 2721; x_wconf 65' lang='lat' dir='ltr'>contemnere?</span> <span class='ocrx_word' id='word_1_657' title='bbox 1772 2683 1925 2721; x_wconf 73' lang='lat' dir='ltr'>Facilius</span> <span class='ocrx_word' id='word_1_658' title='bbox 1956 2684 2038 2723; x_wconf 85' lang='lat' dir='ltr'>item</span> <span class='ocrx_word' id='word_1_659' title='bbox 2070 2686 2305 2740; x_wconf 72' lang='lat' dir='ltr'>philosophia·</span> 
     </span>
     <span class='ocr_line' id='line_1_90' title="bbox 1351 2744 2303 2800; baseline 0.006 -17"><span class='ocrx_word' id='word_1_660' title='bbox 1351 2746 1455 2784; x_wconf 74' lang='lat' dir='ltr'>verba</span> <span class='ocrx_word' id='word_1_661' title='bbox 1480 2746 1664 2783; x_wconf 71' lang='lat' dir='ltr'>facientem</span> <span class='ocrx_word' id='word_1_662' title='bbox 1694 2744 1813 2782; x_wconf 77' lang='lat' dir='ltr'>:indict</span> <span class='ocrx_word' id='word_1_663' title='bbox 1835 2759 1937 2790; x_wconf 82' lang='lat' dir='ltr'>eum,</span> <span class='ocrx_word' id='word_1_664' title='bbox 1960 2748 2021 2797; x_wconf 89' lang='lat' dir='ltr'>qui</span> <span class='ocrx_word' id='word_1_665' title='bbox 2042 2748 2209 2800; x_wconf 82' lang='lat' dir='ltr'>operibus</span> <span class='ocrx_word' id='word_1_666' title='bbox 2229 2765 2303 2789; x_wconf 87' lang='lat' dir='ltr'>ser-</span> 
     </span>
     <span class='ocr_line' id='line_1_91' title="bbox 1349 2804 2302 2848; baseline 0.006 -6"><span class='ocrx_word' id='word_1_667' title='bbox 1349 2806 1444 2842; x_wconf 82' lang='lat' dir='ltr'>moni</span> <span class='ocrx_word' id='word_1_668' title='bbox 1465 2804 1571 2842; x_wconf 85' lang='lat' dir='ltr'>lideiu</span> <span class='ocrx_word' id='word_1_669' title='bbox 1593 2804 1687 2841; x_wconf 75' lang='lat' dir='ltr'>facit.</span> <span class='ocrx_word' id='word_1_670' title='bbox 1719 2805 1775 2841; x_wconf 81' lang='grc' dir='ltr'>Τιι</span> <span class='ocrx_word' id='word_1_671' title='bbox 1796 2818 1880 2841; x_wconf 64' lang='lat' dir='ltr'>vero</span> <span class='ocrx_word' id='word_1_672' title='bbox 1901 2804 1930 2842; x_wconf 86' lang='lat' dir='ltr'>si</span> <span class='ocrx_word' id='word_1_673' title='bbox 1952 2806 2007 2843; x_wconf 81' lang='lat' dir='ltr'>vel</span> <span class='ocrx_word' id='word_1_674' title='bbox 2041 2806 2179 2846; x_wconf 78' lang='lat' dir='ltr'>hiscere</span> <span class='ocrx_word' id='word_1_675' title='bbox 2195 2824 2302 2848; x_wconf 76' lang='lat' dir='ltr'>ausus</span> 
     </span>
     <span class='ocr_line' id='line_1_92' title="bbox 1348 2865 2301 2923; baseline 0.006 -19"><span class='ocrx_word' id='word_1_676' title='bbox 1348 2867 1474 2911; x_wconf 81' lang='lat' dir='ltr'>fucris,</span> <span class='ocrx_word' id='word_1_677' title='bbox 1492 2880 1571 2903; x_wconf 83' lang='lat' dir='ltr'>cuin</span> <span class='ocrx_word' id='word_1_678' title='bbox 1597 2879 1745 2902; x_wconf 78' lang='lat' dir='ltr'>inu-rure</span> <span class='ocrx_word' id='word_1_679' title='bbox 1765 2865 1898 2914; x_wconf 71' lang='lat' dir='ltr'>ingenti</span> <span class='ocrx_word' id='word_1_680' title='bbox 1919 2867 2084 2919; x_wconf 79' lang='lat' dir='ltr'>replebis.</span> <span class='ocrx_word' id='word_1_681' title='bbox 2106 2874 2301 2923; x_wconf 79' lang='lat' dir='ltr'>utputhui</span> 
     </span>
     <span class='ocr_line' id='line_1_93' title="bbox 1346 2926 2300 2984; baseline 0.003 -20"><span class='ocrx_word' id='word_1_682' title='bbox 1346 2927 1470 2964; x_wconf 79' lang='lat' dir='ltr'>alienis</span> <span class='ocrx_word' id='word_1_683' title='bbox 1485 2927 1518 2964; x_wconf 89' lang='lat' dir='ltr'>iu</span> <span class='ocrx_word' id='word_1_684' title='bbox 1538 2926 1639 2963; x_wconf 63' lang='lat' dir='ltr'>matis</span> <span class='ocrx_word' id='word_1_685' title='bbox 1656 2926 1928 2977; x_wconf 76' lang='lat' dir='ltr'>philosopheris.</span> <span class='ocrx_word' id='word_1_686' title='bbox 1947 2932 1992 2965; x_wconf 76' lang='lat' dir='ltr'>At</span> <span class='ocrx_word' id='word_1_687' title='bbox 2007 2928 2081 2972; x_wconf 74' lang='lat' dir='ltr'>ille,</span> <span class='ocrx_word' id='word_1_688' title='bbox 2095 2930 2197 2968; x_wconf 80' lang='lat' dir='ltr'>rebus</span> <span class='ocrx_word' id='word_1_689' title='bbox 2215 2932 2300 2984; x_wconf 73' lang='lat' dir='ltr'>ipsis</span> 
     </span>
     <span class='ocr_line' id='line_1_94' title="bbox 1346 2986 2300 3040; baseline 0.008 -16"><span class='ocrx_word' id='word_1_690' title='bbox 1346 3003 1426 3025; x_wconf 83' lang='lat' dir='ltr'>euui</span> <span class='ocrx_word' id='word_1_691' title='bbox 1453 2987 1616 3025; x_wconf 74' lang='lat' dir='ltr'>erudit-us</span> <span class='ocrx_word' id='word_1_692' title='bbox 1630 3015 1638 3026; x_wconf 80' lang='grc'><strong>.</strong></span> <span class='ocrx_word' id='word_1_693' title='bbox 1658 2986 1757 3023; x_wconf 85' lang='lat' dir='ltr'>nullo</span> <span class='ocrx_word' id='word_1_694' title='bbox 1779 2989 1917 3037; x_wconf 75' lang='lat' dir='ltr'>negotio</span> <span class='ocrx_word' id='word_1_695' title='bbox 1936 2990 2162 3040; x_wconf 77' lang='lat' dir='ltr'>persuadebit</span> <span class='ocrx_word' id='word_1_696' title='bbox 2176 3023 2186 3036; x_wconf 85' lang='grc'>,</span> <span class='ocrx_word' id='word_1_697' title='bbox 2210 2994 2300 3032; x_wconf 88' lang='lat' dir='ltr'>nihil</span> 
     </span>
     <span class='ocr_line' id='line_1_95' title="bbox 1297 3049 2297 3102; baseline 0.006 -16"><span class='ocrx_word' id='word_1_698' title='bbox 1297 3062 1318 3091; x_wconf 75' lang='grc' dir='ltr'>ιι</span> <span class='ocrx_word' id='word_1_699' title='bbox 1344 3049 1459 3092; x_wconf 79' lang='lat' dir='ltr'>aliud,</span> <span class='ocrx_word' id='word_1_700' title='bbox 1479 3062 1584 3099; x_wconf 72' lang='lat' dir='ltr'>qiuuu</span> <span class='ocrx_word' id='word_1_701' title='bbox 1604 3061 1767 3084; x_wconf 63' lang='lat' dir='ltr'>&gt;inuuunt</span> <span class='ocrx_word' id='word_1_702' title='bbox 1793 3061 1867 3084; x_wconf 70' lang='lat' dir='ltr'>esse</span> <span class='ocrx_word' id='word_1_703' title='bbox 1885 3058 2053 3087; x_wconf 81' lang='lat' dir='ltr'>mortem:</span> <span class='ocrx_word' id='word_1_704' title='bbox 2075 3066 2188 3102; x_wconf 76' lang='lat' dir='ltr'>neque</span> <span class='ocrx_word' id='word_1_705' title='bbox 2205 3054 2297 3093; x_wconf 85' lang='lat' dir='ltr'>euim</span> 
     </span>
    </p>

    <p class='ocr_par' dir='ltr' id='par_1_10' title="bbox 1345 3107 2296 3164">
     <span class='ocr_line' id='line_1_96' title="bbox 1345 3107 2296 3164; baseline 0.007 -17"><span class='ocrx_word' id='word_1_706' title='bbox 1345 3112 1422 3163; x_wconf 76' lang='lat' dir='ltr'>plui</span> <span class='ocrx_word' id='word_1_707' title='bbox 1433 3107 1750 3147; x_wconf 67' lang='lat' dir='ltr'>iuiusenumerabit</span> <span class='ocrx_word' id='word_1_708' title='bbox 1767 3117 1882 3159; x_wconf 74' lang='lat' dir='ltr'>patri-s</span> <span class='ocrx_word' id='word_1_709' title='bbox 1892 3109 2013 3148; x_wconf 75' lang='lat' dir='ltr'>eadem</span> <span class='ocrx_word' id='word_1_710' title='bbox 2029 3126 2223 3164; x_wconf 56' lang='lat' dir='ltr'>perpessus,</span> <span class='ocrx_word' id='word_1_711' title='bbox 2237 3115 2296 3154; x_wconf 78' lang='lat' dir='ltr'>sed</span> 
     </span>
    </p>

    <p class='ocr_par' dir='ltr' id='par_1_11' title="bbox 1344 3168 2297 3223">
     <span class='ocr_line' id='line_1_97' title="bbox 1344 3168 2297 3223; baseline 0.006 -15"><span class='ocrx_word' id='word_1_712' title='bbox 1344 3172 1500 3223; x_wconf 64' lang='lat' dir='ltr'>‚st-ipsum</span> <span class='ocrx_word' id='word_1_713' title='bbox 1518 3168 1674 3206; x_wconf 59' lang='lat' dir='ltr'>osu-nitet</span> <span class='ocrx_word' id='word_1_714' title='bbox 1695 3168 1854 3218; x_wconf 71' lang='lat' dir='ltr'>quintidic</span> <span class='ocrx_word' id='word_1_715' title='bbox 1881 3170 1915 3207; x_wconf 87' lang='lat' dir='ltr'>in</span> <span class='ocrx_word' id='word_1_716' title='bbox 1939 3185 2084 3223; x_wconf 77' lang='lat' dir='ltr'>corpore</span> <span class='ocrx_word' id='word_1_717' title='bbox 2114 3173 2159 3211; x_wconf 82' lang='lat' dir='ltr'>de</span> <span class='ocrx_word' id='word_1_718' title='bbox 2186 3186 2297 3213; x_wconf 79' lang='lat' dir='ltr'>morte</span> 
     </span>
    </p>

    <p class='ocr_par' dir='ltr' id='par_1_12' title="bbox 1346 3229 2295 3286">
     <span class='ocr_line' id='line_1_98' title="bbox 1346 3229 2295 3286; baseline 0.005 -15"><span class='ocrx_word' id='word_1_719' title='bbox 1346 3233 1587 3278; x_wconf 66' lang='lat' dir='ltr'>meditanti-iu,</span> <span class='ocrx_word' id='word_1_720' title='bbox 1610 3240 1642 3268; x_wconf 79' lang='lat' dir='ltr'>et</span> <span class='ocrx_word' id='word_1_721' title='bbox 1662 3230 1706 3268; x_wconf 65' lang='lat' dir='ltr'>aid</span> <span class='ocrx_word' id='word_1_722' title='bbox 1724 3229 1847 3268; x_wconf 61' lang='lat' dir='ltr'>caulem</span> <span class='ocrx_word' id='word_1_723' title='bbox 1868 3246 2006 3285; x_wconf 76' lang='lat' dir='ltr'>semper</span> <span class='ocrx_word' id='word_1_724' title='bbox 2025 3245 2188 3286; x_wconf 62' lang='lat' dir='ltr'>palatum</span> <span class='ocrx_word' id='word_1_725' title='bbox 2208 3254 2215 3274; x_wconf 93' lang='lat'>:</span> <span class='ocrx_word' id='word_1_726' title='bbox 2238 3248 2295 3275; x_wconf 78' lang='lat' dir='ltr'>at-</span> 
     </span>
    </p>
   </div>
   <div class='ocr_carea' id='block_1_10' title="bbox 1335 3353 2294 3399">
    <p class='ocr_par' dir='ltr' id='par_1_13' title="bbox 1335 3353 2294 3399">
     <span class='ocr_line' id='line_1_99' title="bbox 1335 3353 2294 3399; baseline 0.01 -16"><span class='ocrx_word' id='word_1_727' title='bbox 1335 3361 1342 3380; x_wconf 76' lang='lat' dir='ltr'>t</span> <span class='ocrx_word' id='word_1_728' title='bbox 1373 3356 1444 3386; x_wconf 77' lang='lat' dir='ltr'>Duo</span> <span class='ocrx_word' id='word_1_729' title='bbox 1475 3355 1549 3385; x_wconf 50' lang='lat' dir='ltr'>Mss.</span> <span class='ocrx_word' id='word_1_730' title='bbox 1571 3361 1667 3389; x_wconf 59' lang='grc' dir='ltr'>πάνυ</span> <span class='ocrx_word' id='word_1_731' title='bbox 1693 3355 1762 3387; x_wconf 71' lang='grc' dir='ltr'>δαν.</span> <span class='ocrx_word' id='word_1_732' title='bbox 1797 3353 1889 3387; x_wconf 70' lang='lat' dir='ltr'>lustu</span> <span class='ocrx_word' id='word_1_733' title='bbox 1919 3354 2018 3388; x_wconf 69' lang='lat' dir='ltr'>iidem</span> <span class='ocrx_word' id='word_1_734' title='bbox 2042 3361 2200 3399; x_wconf 55' lang='grc' dir='ltr'>βασιλεὺς,</span> <span class='ocrx_word' id='word_1_735' title='bbox 2228 3365 2294 3393; x_wconf 66' lang='lat' dir='ltr'>osan</span> 
     </span>
    </p>
   </div>
   <div class='ocr_carea' id='block_1_11' title="bbox 1290 3410 1561 3451">
    <p class='ocr_par' dir='ltr' id='par_1_14' title="bbox 1290 3410 1561 3451">
     <span class='ocr_line' id='line_1_100' title="bbox 1290 3410 1561 3451; baseline -0.004 -10"><span class='ocrx_word' id='word_1_736' title='bbox 1290 3427 1308 3442; x_wconf 65' lang='lat' dir='ltr'>t:</span> <span class='ocrx_word' id='word_1_737' title='bbox 1321 3419 1378 3446; x_wconf 63' lang='grc' dir='ltr'>’λος</span> <span class='ocrx_word' id='word_1_738' title='bbox 1398 3410 1487 3444; x_wconf 54' lang='grc' dir='ltr'>οὖῦίιῇ</span> <span class='ocrx_word' id='word_1_739' title='bbox 1506 3413 1561 3451; x_wconf 58' lang='grc' dir='ltr'>(ὄιν.</span> 
     </span>
    </p>
   </div>
   <div class='ocr_carea' id='block_1_12' title="bbox 2324 2347 2516 2582">
    <p class='ocr_par' dir='ltr' id='par_1_15' title="bbox 2324 2347 2516 2582">
     <span class='ocr_line' id='line_1_101' title="bbox 2346 2347 2515 2384; baseline 0.006 -10"><span class='ocrx_word' id='word_1_740' title='bbox 2346 2347 2406 2384; x_wconf 79' lang='lat' dir='ltr'>Qui</span> <span class='ocrx_word' id='word_1_741' title='bbox 2423 2355 2515 2376; x_wconf 74' lang='lat' dir='ltr'>tem--</span> 
     </span>
     <span class='ocr_line' id='line_1_102' title="bbox 2328 2399 2492 2418; baseline 0.018 -3"><span class='ocrx_word' id='word_1_742' title='bbox 2328 2399 2363 2415; x_wconf 66' lang='lat' dir='ltr'>ua</span> <span class='ocrx_word' id='word_1_743' title='bbox 2395 2401 2492 2418; x_wconf 68' lang='lat' dir='ltr'>ouini-i</span> 
     </span>
     <span class='ocr_line' id='line_1_103' title="bbox 2325 2434 2510 2466; baseline 0.016 -10"><span class='ocrx_word' id='word_1_744' title='bbox 2325 2434 2446 2466; x_wconf 76' lang='lat' dir='ltr'>speruit.</span> <span class='ocrx_word' id='word_1_745' title='bbox 2467 2434 2510 2459; x_wconf 78' lang='lat' dir='ltr'>lu-</span> 
     </span>
     <span class='ocr_line' id='line_1_104' title="bbox 2325 2474 2516 2507; baseline 0.005 -10"><span class='ocrx_word' id='word_1_746' title='bbox 2325 2479 2423 2507; x_wconf 63' lang='lat' dir='ltr'>gentes</span> <span class='ocrx_word' id='word_1_747' title='bbox 2444 2474 2516 2500; x_wconf 69' lang='lat' dir='ltr'>saci-</span> 
     </span>
     <span class='ocr_line' id='line_1_105' title="bbox 2325 2514 2512 2542; baseline 0.011 -2"><span class='ocrx_word' id='word_1_748' title='bbox 2325 2514 2379 2539; x_wconf 71' lang='lat' dir='ltr'>lius</span> <span class='ocrx_word' id='word_1_749' title='bbox 2409 2525 2512 2542; x_wconf 69' lang='lat' dir='ltr'>cousu-</span> 
     </span>
     <span class='ocr_line' id='line_1_106' title="bbox 2324 2554 2411 2582; baseline 0.023 -2"><span class='ocrx_word' id='word_1_750' title='bbox 2324 2554 2411 2582; x_wconf 55' lang='lat' dir='ltr'>latur.</span> 
     </span>
    </p>
   </div>
  </div>
 </body>
</html>
