2549 3825
934 296 992 325 DE
1026 294 1205 324 LAZARO
1240 293 1401 324 CONClO
1437 294 1466 323 1.

167 380 349 433 ἀμφότερα
363 385 473 418 ταῦτα
493 378 797 430 συνεδεδραμήκει.
812 378 905 416 Ἀλλ’
921 378 1012 430 ἔχεις
1033 379 1091 427 μοί
1109 393 1186 415 τινα

167 451 275 488 εἰπεῖν
297 450 356 488 καὶ
380 452 416 488 ἐν
438 448 617 502 ἀρρωστία
636 448 718 486 ὄντα
736 447 798 486 καὶ
816 449 852 485 ἐν
884 448 999 499 πενία.
1014 447 1106 486 Ἀλλ’
1123 447 1186 484 οὐκ

168 520 203 556 ἐν
225 518 355 572 ἐρημία
373 519 538 570 τοσαύτῃ.
552 519 597 556 Εἰ
616 517 684 570 γὰρ
702 517 765 556 καὶ
779 515 827 567 μὴ
845 519 929 569 παρ’
951 519 1076 554 ἑαυτοῦ
1096 516 1186 566 μηδὲ

168 588 301 626 οἴκοθεν
313 617 322 634 ,
339 589 416 626 ἀλλ’
434 588 502 626 ὑπὸ
522 590 592 625 τῶν
615 587 775 639 ὁρώντων
801 588 970 624 ἐλεεῖσθαι
990 585 1126 624 δύναιτο
1146 584 1186 622 ἂν

170 661 217 701 εἷς
235 658 275 696 τὸ
299 657 403 707 μέσον
430 656 676 707 προκείμενος·
693 656 804 708 τούτῳ
829 656 864 694 δὲ
886 655 931 694 τὰ
950 655 1188 707 προειρημένα

172 726 266 764 δεινὰ
288 726 520 778 χαλεπώτερα
547 725 656 764 ἐποίει
675 725 829 776 γίνεσθαι
851 728 920 762 τῶν
942 723 1189 777 προστησομέ-

170 810 238 832 νων
258 798 280 840 ἡ
298 795 438 846 ἐρημία·
460 796 519 833 καὶ
543 795 648 841 αὐτὴν
668 794 798 840 ταύτην
815 793 921 831 πάλιν
938 792 1189 845 χαλεπωτέραν

171 862 281 902 ἐποίει
301 864 482 914 φαίνεσθαι
510 864 550 902 τὸ
569 865 603 902 ἓν
623 864 756 901 πυλῶνι
774 865 909 900 κεῖσθαι
930 866 990 899 τοῦ
1009 862 1189 899 πλουσίου.

171 934 217 971 Εἴ
240 933 302 983 μὲν
326 933 392 986 γὰρ
413 933 470 972 ἐπὶ
487 935 550 978 τῆς
574 932 705 983 ἐρήμου
723 931 783 968 καὶ
802 934 863 976 τῆς
883 930 1047 977 ἀοικήτου
1067 930 1191 979 κείμε-

172 1018 247 1050 νος,
276 1004 373 1041 ταῦτ’
400 1002 534 1053 ἔπασχε
562 1001 622 1039 καὶ
647 1006 882 1052 παρεωρᾶτο,
914 1001 976 1037 οὐκ
1006 999 1046 1036 ἂν
1084 998 1192 1042 οὕτως

171 1071 322 1122 ἤλγησε·
341 1071 382 1108 τὸ
402 1069 469 1121 γὰρ
490 1068 623 1119 μηδένα
647 1073 812 1121 παρεῖναι
840 1068 899 1106 καὶ
918 1068 1048 1106 ἄκοντα
1077 1069 1190 1120 φέρε-,ν

171 1139 287 1178 ἔπειθε
308 1138 379 1177 3τὰ
406 1138 662 1189 συμὸαίνοντα·
691 1138 730 1176 τὸ
757 1137 793 1175 δὲ
824 1141 858 1176 ἓν
891 1138 987 1190 μέσῳ
1019 1138 1191 1177 τοσούτων

171 1207 330 1258 κείμενον
361 1207 578 1258 μεθυόντων,
597 1207 881 1259 εὐημερούντων,
915 1208 1012 1261 παρὰ
1046 1209 1194 1258 μηδενὸς

173 1276 262 1326 μηδὲ
274 1279 337 1322 τ’ἧς
351 1278 523 1329 τυχούσης
544 1277 744 1327 ἐπιμελείας
760 1276 961 1329 τυγχάνειν,
983 1277 1192 1329 δριμυτέραν

173 1346 284 1384 ἐποίει
306 1348 376 1384 τῶν
403 1347 530 1384 ὀδυνῶν
561 1346 716 1397 γίνεσθαι
747 1346 812 1392 τὴν
838 1346 1016 1394 αἴσθησιν,
1037 1346 1098 1384 καὶ
1130 1346 1194 1392 τὴν

175 1415 326 1467 ἀθυμίαν
352 1415 484 1460 ἐξέκαιε
503 1418 648 1466 μᾶλλον.
662 1418 716 1455 Οὐ
735 1415 802 1468 γὰρ
822 1416 929 1460 οὕτως
949 1416 1106 1454 ἀπόντων
1127 1420 1195 1455 τῶν

177 1484 419 1535 βοηθούντων,
446 1487 492 1529 ὡς
517 1485 698 1536 παρόντων
732 1485 794 1536 μὲν
806 1516 816 1534 ,
848 1488 910 1524 οὔκ
943 1486 1128 1524 ἐθελόντων
1161 1486 1196 1525 δὲ

177 1554 290 1606 ὀρέξαι
318 1559 439 1607 χεῖρα,
459 1555 642 1593 δάκνεσθαι
673 1554 878 1606 πεφύκαμεν
912 1557 948 1593 ἐν
973 1562 1049 1599 ταῖς
1068 1572 1197 1607 συμφο-

180 1630 266 1676 ραῖς·
277 1625 363 1678 ὅπερ
382 1619 438 1663 οὖν
457 1628 615 1669 κάκεῖνος
632 1625 710 1663 τότε
729 1625 893 1677 ἔπασχεν.
910 1626 1033 1670 Οὐδεὶς
1053 1626 1120 1679 γὰρ
1137 1621 1178 1673 ἦν
1190 1657 1201 1674 ,

177 1695 242 1746 οὐχ
258 1697 277 1732 ὃ
289 1695 383 1746 λόγῳ
399 1696 614 1747 παρακαλῶν
624 1725 635 1745 ,
651 1698 719 1748 οὐχ
733 1697 751 1733 ὁ
766 1695 857 1748 ἔργῳ
873 1695 1197 1747 παραμυθούμενος,

177 1765 216 1801 οὐ
243 1763 362 1815 φίλος,
391 1764 428 1801 οὗ
447 1762 591 1815 γείτων,
613 1766 651 1802 οὐ
676 1763 862 1815 συγγενὴς,
885 1764 922 1800 οὐ
949 1767 1018 1802 τῶν
1035 1763 1196 1816 ὁρώντων

177 1832 301 1882 οὐδεὶς,
316 1832 432 1880 πάσης
451 1835 513 1880 τῆς
537 1836 596 1872 τοῦ
617 1833 784 1873 πλουσίου
803 1833 1057 1886 διεφθαρμένης
1073 1832 1196 1877 οἰκίας.

230 2885 311 2924 Ἔτι
342 2886 428 2938 πρὸς
458 2886 591 2929 τούτοις
619 2885 740 2938 ἑτέραν
771 2887 866 2937 αὐτῷ
889 2884 1091 2937 προσθήκην
1119 2884 1198 2921 ὀδύ-

180 2961 239 2993 νης
271 2946 419 2984 ἐνεποίει
455 2946 496 2984 τὸ
525 2946 584 2984 καὶ
609 2946 725 2998 ἕτερον
752 2947 989 2998 εὐπραγοῦντα
1016 2949 1119 2997 ὁρᾷν·
1141 2945 1201 2982 οὐκ

180 3006 300 3053 ἐπειδὴ
329 3007 501 3059 βάσκανος
518 3001 560 3054 ἦν
581 3008 639 3046 καὶ
666 3007 834 3060 πονηρὸς,
853 3007 929 3043 ἀλλ’
950 3007 1070 3052 ἐπειδὴ
1091 3005 1203 3055 πεφύ-

180 3081 291 3117 καμεν
311 3067 461 3111 ἅπαντες
482 3069 516 3105 ἐν
536 3073 612 3111 ταῖς
633 3068 759 3119 ἑτέρων
781 3067 980 3118 εὐημερίαις
997 3066 1201 3118 ἀκριῧέστε-

183 3142 240 3179 ρον
267 3127 329 3171 τὰς
362 3127 492 3171 οἰκείας
519 3129 799 3179 καταμανθάνειν
824 3129 1018 3180 συμφοράς.
1051 3127 1135 3164 'tint
1167 3126 1200 3163 δὲ

182 3190 242 3226 τοῦ
259 3188 426 3227 πλουσίου
440 3188 499 3226 καὶ
522 3192 637 3238 μεῖζον
655 3192 789 3242 προσῆν
807 3190 899 3240 αὐτῷ
916 3188 1031 3238 ἕτερον
1051 3187 1089 3224 τὸ
1104 3187 1203 3224 δυνά-

187 3262 286 3297 μενον
309 3247 412 3286 αὖτὸν
434 3250 562 3287 δακεῖν.
576 3252 630 3287 Οὐ
643 3251 711 3302 γὰρ
725 3250 767 3296 δὴ
789 3250 889 3298 μόνον
910 3255 984 3291 ταῖς
1004 3247 1204 3299 εὐημερίαις

186 3314 260 3351 ταῖς
276 3309 405 3347 ἐκείνου
423 3310 614 3361 συγκρίνων
633 3311 698 3358 τὴν
719 3313 843 3348 ἑαυτοῦ
868 3310 1104 3361 δυσπραγίαν,
1127 3310 1203 3360 μεί-

236 3442 250 3457 ·
271 3431 374 3466 savit.
394 3433 426 3465 iu
449 3444 551 3475 uinrg.
581 3441 618 3468 τὰ
637 3440 864 3477 συμπίπτοντα,
885 3433 1011 3477 aliquot
1033 3434 1108 3466 Mas.
1131 3442 1165 3468 n·-
1187 3449 1237 3475 sq·

2120 277 2210 321 883

1264 375 1387 414 videns
1405 375 1551 427 quidem
1572 388 1631 413 eos
1651 383 1892 422 accurrentes,
1911 382 2136 425 nequaquam
2157 384 2211 412 ta-

1198 488 1212 495 ·
1261 451 1342 475 men
1362 437 1483 474 valens
1509 436 1687 488 depellere
1704 450 1713 473 ε
1732 449 1844 486 usque
1871 435 1960 473 adeo
1979 435 2033 473 illi
2051 435 2212 473 membra

1203 487 1244 553 ’ἲ
1260 507 1359 535 erant
1370 497 1499 545 soluta,
1512 512 1623 548 usque
1632 497 1718 535 adeo
1731 506 1829 534 erant
1838 497 1990 534 arefacta
2002 496 2140 542 morbo,
2151 511 2215 535 us-

1259 572 1328 609 que
1342 558 1428 596 adeo
1444 569 1626 596 consumta
1640 567 1737 596 erant
1751 558 1956 598 afflictione.
1976 557 2092 597 Vides
2107 558 2215 595 vehe-

1261 628 1396 657 menter
1405 633 1583 670 supraque
1596 619 1743 657 modum
1756 628 1789 657 et
1802 627 2046 671 paupertatem
2065 628 2098 657 et
2123 619 2215 657 vale·

1261 679 1422 717 tudinem
1454 689 1719 730 oppugnantem
1750 693 1878 730 corpus
1905 679 2031 716 illius?
2058 679 2164 728 Quod
2184 680 2214 718 si

1261 739 1392 776 horum
1411 739 1691 789 unumquodque
1719 753 1782 791 per
1801 753 1837 777 se
1861 739 2085 777 intolerabile
2113 750 2164 778 est
2181 751 2214 778 et

1263 800 1432 838 acerbum
1445 829 1455 846 ‚
1474 814 1556 836 cum
1571 800 1677 837 simul
1698 800 1961 850 conglomerata
1980 800 2129 845 fuerint,
2154 815 2216 838 an-

1265 877 1334 900 non
1355 862 1501 900 adamas
1519 863 1699 915 quispiam
1717 864 1822 900 fuerit
1851 863 1913 912 qui
1942 863 2017 901 haec
2038 864 2186 917 perferat
2199 864 2216 899 3¹

1265 924 1375 960 Multi
1400 924 1601 974 frequenter
1626 923 1791 961 laborant
1818 923 1966 960 adversa
1992 923 2218 968 valetudine,

1267 993 1434 1022 caeterum
1454 997 1524 1021 non
1543 992 1647 1034 egent
1664 983 1709 1021 iis
1731 997 1810 1034 quae
1829 983 1876 1021 ad
1891 985 2028 1021 victum
2057 993 2139 1021 sunt
2158 998 2220 1021 ne-

1267 1045 1440 1094 cessaria;
1458 1044 1519 1082 alii
1539 1045 1740 1096 paupertati
1761 1053 1929 1082 extremae
1949 1052 2031 1081 sunt
2052 1044 2219 1088 obnoxii,

1265 1120 1390 1144 verum
1416 1106 1605 1158 potiuntur
1623 1105 1715 1143 bona
1735 1105 1959 1151 valetudine,
1981 1105 2031 1144 sic
2052 1114 2091 1143 ut
2109 1105 2220 1144 altera

1266 1181 1322 1205 res
1334 1167 1480 1205 alterius
1493 1168 1538 1205 sit
1553 1167 1719 1205 solatium
1732 1182 1739 1203 :
1756 1166 1842 1204 huic
1855 1180 1939 1204 vero
1951 1167 2057 1205 ambo
2073 1181 2220 1205 concute

1268 1229 1394 1266 rebant
1414 1227 1522 1268 mala.
1547 1230 1592 1266 At
1609 1237 1707 1280 potes
1727 1227 1818 1266 mihi
1837 1228 2022 1265 nominare
2040 1228 2217 1279 aliquem,

1268 1289 1378 1328 simul
1407 1299 1442 1328 et
1458 1289 1618 1327 adversae
1647 1289 1845 1328 valetudini
1879 1298 1913 1327 et
1939 1289 2143 1342 paupertati
2160 1289 2222 1327 oh·

1269 1351 1432 1389 noxium.
1478 1350 1551 1389 Sed
1586 1364 1658 1388 non
1684 1364 1795 1401 usque
1823 1350 1911 1388 adeo
1949 1349 2149 1388 desolatum
2180 1365 2221 1388 ac

1269 1410 1493 1450 destitutum.
1510 1413 1602 1450 Nam
1619 1411 1680 1449 ille
1694 1411 1840 1462 quidem
1855 1425 2073 1462 quamquam
2090 1425 2160 1449 non
2176 1426 2222 1450 ex

1271 1486 1343 1510 sese
1360 1487 1470 1524 neque
1484 1487 1504 1510 a
1518 1472 1734 1520 domesticis,
1750 1482 1865 1510 tamen
1879 1473 1925 1510 ab
1953 1473 1997 1510 iis
2018 1473 2079 1523 qui
2099 1472 2223 1511 vident

1270 1532 1512 1571 misericordia
1533 1533 1637 1571 flexis
1652 1533 1834 1571 sublevari
1855 1542 1982 1585 potest,
2005 1535 2041 1571 in
2064 1534 2224 1572 medium

1270 1595 1449 1645 projectus
1466 1609 1473 1632 :
1490 1595 1576 1632 huic
1604 1609 1688 1633 vero
1717 1595 1896 1633 molestias
1914 1609 1991 1641 eas,
2015 1609 2102 1646 quas
2123 1606 2224 1634 antea

1271 1654 1432 1694 diximus
1445 1685 1456 1705 ‚
1492 1656 1709 1694 molestiores
1735 1655 1905 1694 reddebat
1939 1656 2037 1707 quod
2058 1666 2147 1695 esset
2179 1657 2226 1695 ab

1272 1716 1438 1754 omnibus
1469 1717 1628 1755 desertus
1645 1726 1701 1755 :et
1728 1717 1820 1755 hanc
1849 1718 1965 1770 ipsam
1998 1718 2224 1757 solitudinem

1271 1790 1414 1814 rursum
1431 1778 1668 1816 molestiorem
1698 1778 1850 1816 faciebat
1874 1778 1970 1829 quod
1989 1780 2026 1816 in
2046 1779 2225 1818 vestibulo

1271 1837 1396 1876 divitis
1409 1840 1555 1891 jaceret.
1579 1839 1723 1877 Etenim
1736 1839 1766 1877 si
1782 1839 1818 1877 in
1835 1848 1928 1877 terra
1942 1839 2079 1878 deserta
2095 1841 2226 1880 nullis-

1269 1912 1338 1949 que
1349 1899 1508 1937 habitata
1518 1900 1639 1952 jacens
1652 1899 1727 1937 haec
1741 1913 1864 1951 passus
1878 1900 2015 1950 fuisset,
2029 1901 2226 1953 neglectus-

1269 1974 1338 2011 que
1368 1961 1560 2012 jacuisset,
1595 1974 1663 1998 non
1696 1969 1833 1998 tantum
1866 1961 2038 1999 doluisset
2055 1978 2063 2002 :
2078 1976 2159 2000 nam
2195 1963 2225 2001 si

1269 2021 1390 2059 nullus
1405 2021 1515 2070 adsit,
1531 2021 1598 2059 hoc
1614 2021 1734 2073 ipsum
1748 2021 1855 2059 etiam
1869 2021 2003 2060 nolenti
2020 2023 2224 2074 persuadet,

1269 2091 1308 2120 ut
1326 2082 1416 2120 ferat
1433 2096 1512 2133 quae
1533 2081 1717 2120 accidunt.
1739 2083 1918 2120 Caeterum
1937 2083 2032 2133 quod
2051 2084 2087 2121 in
2107 2084 2228 2123 medio

1269 2153 1340 2180 tam
1370 2143 1566 2181 multorum
1582 2144 1704 2195 jacens
1717 2173 1728 2192 ,
1749 2143 1914 2181 ebrietati
1934 2143 2199 2196 indulgentium
2213 2175 2223 2190 ,

1270 2204 1426 2242 suaviter
1443 2204 1667 2254 viventium,
1685 2218 1703 2241 a
1721 2204 1863 2242 nemine
1879 2204 1937 2242 vel
1956 2205 2143 2257 vulgaiem
2166 2220 2227 2244 cu-

1271 2279 1346 2302 ram
1364 2264 1637 2313 nancisceretur,
1657 2264 1695 2303 id
1715 2264 1886 2302 reddebat
1902 2278 2044 2303 sensum
2059 2266 2227 2304 dolorum

1271 2326 1464 2377 acriorem,
1486 2325 1670 2376 magisque
1687 2326 1895 2363 incendebat
1913 2327 2022 2364 animi
2043 2328 2226 2378 aegritudi-

1272 2387 1450 2425 nem.Non
1465 2386 1559 2424 enim
1574 2386 1734 2437 perinde.
1751 2387 1779 2424 si
1794 2387 1910 2424 absint
1927 2388 1987 2438 qui
2005 2398 2226 2433 succurrant,

1273 2458 1377 2499 atque
1393 2447 1421 2484 si
1437 2447 1554 2484 absint
1570 2447 1733 2498 quidem,
1748 2447 1808 2484 sed
1826 2448 1937 2485 nolint
1954 2449 2137 2500 porrigere
2151 2464 2225 2486 nu-

1275 2523 1380 2554 num‚
1401 2507 1562 2545 mordere
1587 2508 1674 2544 solet
1701 2508 1859 2545 animum
1885 2508 1920 2546 in
1942 2508 2222 2547 calamitatibus.-

1275 2569 1372 2621 quod
1390 2568 1535 2618 quidem
1555 2577 1631 2606 tum
1652 2568 1735 2605 huic
1760 2569 1900 2606 accidit.
1922 2568 2051 2607 Nullus
2071 2580 2143 2608 erat
2164 2572 2225 2621 qui

1274 2631 1380 2668 dictis
1397 2629 1651 2671 consolaretur,
1672 2629 1794 2666 nullus
1811 2630 1871 2680 qui
1893 2630 1994 2667 sactis
2015 2631 2153 2669 afferret
2171 2647 2227 2668 so-

1277 2692 1423 2737 latium,
1439 2705 1507 2728 nou
1524 2690 1658 2728 amicus
1672 2719 1681 2736 ,
1702 2704 1769 2728 nou
1786 2691 1943 2737 vicinus,
1960 2705 2027 2728 nou
2043 2702 2226 2742 cognatus,

1277 2766 1345 2790 nou
1367 2751 1567 2790 videntium
1587 2752 1794 2802 quisquam:
1809 2751 1898 2790 adeo
1918 2762 1990 2790 erat
2013 2762 2083 2790 tota
2102 2752 2227 2792 divitis

1276 2822 1440 2864 corrupta
1459 2812 1605 2850 familia.

1226 2884 1250 2914 C
1331 2882 1394 2918 10.
1413 2880 1465 2918 Ad
1485 2880 1559 2917 haec
1573 2880 1679 2916 :iliam
1696 2879 1829 2916 doloris
1845 2880 2076 2918 :necess-ionem
2094 2880 2226 2932 adjun-

1277 2942 1394 2991 gebat,
1409 2942 1504 2992 qumi
1520 2942 1669 2979 alterum
1684 2940 1784 2978 illum
1801 2941 1835 2978 in
1854 2941 2019 2978 felin-itate
2033 2943 2228 2994 conspicie-

1278 3004 1352 3047 bat,
1371 3016 1438 3040 nou
1458 3002 1554 3053 quod
1574 3001 1719 3038 invidus
1734 3010 1820 3037 esset
1836 3016 1876 3038 ειι·
1896 3016 1974 3053 [ιι-,ιι
1986 3016 2040 3042 us,
2058 3002 2117 3040 sul
2134 3003 2228 3053 quttd

1278 3077 1399 3101 onim-s
1417 3064 1527 3100 soli-ut
1548 3062 1582 3099 iu
1599 3062 1751 3099 aliorum
1771 3063 2003 3114 prosperitate
2017 3064 2134 3101 arrius
2149 3078 2230 3102 suas

1279 3125 1406 3163 sentire
1424 3123 1653 3160 calamitates.
1676 3122 1715 3160 lu
1735 3121 1850 3160 divite
1868 3132 1984 3160 aute-in
2002 3132 2075 3162 erat
2092 3123 2230 3175 ahquid

1282 3186 1395 3236 majus
1429 3183 1472 3221 :ul
1506 3183 1601 3220 illius
1634 3182 1792 3219 auiuuuu
1824 3183 2118 3222 exulcerandum.
2154 3186 2230 3224 Nou

1280 3245 1373 3283 euim
1393 3243 1506 3281 solum
1524 3255 1622 3279 sinain
1642 3242 1754 3292 ipsius
1771 3241 2006 3279 calamitatem
2027 3255 2108 3279 runi
2128 3242 2231 3281 illius

1283 3304 1515 3360 prosperitate
1530 3303 1725 3348 must-rcus,
1748 3302 1947 3353 graviorem
1965 3302 2135 3342 reddebat
2155 3316 2233 3342 suo-

1247 3436 1353 3466 cavrx.

1961 3493 2020 3529 56.
