2549 3825
607 254 837 286 ADVERSUS
873 255 1050 285 OPPUGN
1060 255 1228 286 ATORES

182 356 300 393 Ι-’.οντες
318 338 465 391 σχολὴν,
488 338 547 375 καὶ
564 340 633 375 τῶν
663 340 696 376 ἐν
716 343 787 380 τοῖς
809 339 1066 388 Ὀλυμπιακοῖς
1086 340 1198 387 ἀγῶσι

180 399 411 452 παιδοτριὸῶν
444 397 688 450 συνεχέστερον
718 399 969 450 ἐπιφωνοῦντες
999 399 1116 442 αὐτοῖς
1134 398 1197 444 τήν

177 477 215 499 τε
247 463 286 498 ἐκ
312 464 373 506 τῆς
402 459 629 502 ἀπαιδευσίας
663 460 808 506 πενίαν,
844 459 903 497 καὶ
935 459 992 497 τὸν
1038 459 1108 497 ἀπὸ
1135 462 1198 505 τῆς

176 522 384 565 παιδεύσεως
417 523 586 568 πλοῦτον,
615 521 674 559 καὶ
707 521 822 559 πάντα
843 525 1021 565 ποιοῦντες
1047 520 1107 558 καὶ
1138 520 1198 558 λε’-

174 599 312 634 γοντες,
330 582 390 641 καὶ
409 583 452 619 δι’
475 583 604 620 ἑαυτῶν
618 611 629 630 ,
647 581 708 619 καὶ
731 582 774 619 δι’
804 581 939 629 ἄλλων,
960 581 1050 620 ὥστε
1075 580 1198 624 αὐτοὺς

173 646 219 686 εἷς
238 643 277 682 τὸ
306 642 403 686 τέλος
436 644 578 693 ἀγαγεῖν
609 645 671 687 τῆς
690 642 924 693 προκειμένης
944 644 1116 689 σπουδῆς,
1138 642 1197 680 καὶ

170 704 248 742 οὐδὲ
268 704 358 743 οὕτω
389 704 557 747 πολλάκις
583 703 850 755 περιγινόμεθα·
871 703 1010 754 τρόπων
1031 703 1066 741 δὲ
1088 703 1198 742 ἐπιεί-

172 781 291 812 κειαν,
322 765 381 802 καὶ
410 764 588 807 πολιτείας
612 763 757 815 ἀρίστης
787 763 968 816 ἀκρίὸειαν
999 763 1196 814 αὐτόματον

181 826 370 875 οἰησόμεθα
388 825 664 877 παραγενέσθαι,
684 825 744 863 καὶ
768 830 880 864 ταῦτα
899 825 1070 864 τοσούτων
1088 825 1196 864 ὄντων

180 890 248 925 τῶν
269 885 525 925 διακοπτόντων
545 887 673 934 oto-crim
695 887 763 925 Καὶ
779 886 813 924 τί
832 886 960 930 ταύτης
977 890 1038 933 τῆς
1055 887 1198 938 ἀλογίας

179 954 293 1001 χεῖρον
323 947 449 999 γένοιτ’
484 947 524 984 ἂν
537 977 546 995 ,
581 947 621 985 τὸ
654 946 715 997 μὲν
759 950 884 999 ῥᾷστον
919 946 1008 986 οὕτω
1043 947 1198 998 μεγάλης

181 1009 294 1054 ἀξιοῦν
314 1010 420 1059 τιμῆς
439 1007 499 1046 καὶ
525 1009 692 1055 σπουδῆς·
715 1010 761 1051 ὡς
783 1010 845 1046 οὐκ
871 1007 946 1046 ἐνὸν
967 1010 1097 1056 ταύτης
1116 1009 1198 1047 ἄνευ

182 1070 265 1108 αὐτὸ
280 1068 541 1121 κατορθωθῆναί
562 1084 662 1107 ποτε·
681 1068 698 1108 ὃ
723 1069 758 1107 δὲ
781 1070 900 1121 πολλῷ
928 1070 1198 1123 δυσχερέστερόν

181 1133 275 1175 ἐστι,
296 1134 395 1167 τοῦτο
427 1128 648 1168 καθεύδουσιν
675 1133 759 1180 ἡμῖν
788 1129 996 1181 ἐφίστασθαι
1025 1129 1199 1180 νομίζειν,

179 1191 336 1242 καθάπερ
354 1206 388 1228 τι
402 1194 469 1228 τῶν
488 1194 503 1211 ³
523 1190 663 1242 φαύλων
685 1190 744 1229 καὶ
766 1191 980 1241 οὐδαμινῶν;
1000 1190 1200 1243 Φιλοσοφία

179 1250 247 1303 γὰρ
273 1254 388 1303 ψυχῆς
411 1251 522 1302 λόγων
553 1251 768 1295 παιδεύσεως
799 1250 912 1303 τούτῳ
942 1252 1200 1306 δυσκολώτερόν

181 1313 220 1350 τέ
237 1313 310 1351 ἐστι
324 1311 383 1350 καὶ
399 1312 665 1366 ἐργωδέστερον,
681 1312 752 1365 ὅσῳ
765 1316 824 1350 τοῦ
839 1312 950 1363 λέγειν
964 1313 1003 1351 τὸ
1018 1312 1202 1365 πράττειν,

182 1373 241 1411 καὶ
260 1373 330 1425 ὅσῳ
351 1374 516 1426 ῥημάτων
536 1373 620 1426 ἔργα
637 1374 728 1413 ἐστὶν
749 1374 1003 1426 ἐπιπονώτερα.

1267 256 1379 286 viTAE
1416 255 1615 286 MONAST.
1654 255 1740 286 1⁴18.
1780 256 1843 285 ΙΙΙ.
2143 257 2219 285 111

1273 346 1414 378 nentur.
1437 336 1574 375 Deinde
1601 351 1683 375 cum
1698 337 1778 375 illos
1797 337 1983 375 literarum
2005 335 2133 376 studiis
2152 347 2231 376 tra-

1273 398 1355 435 dere
1372 399 1538 436 volumus
1553 429 1562 446 ,
1581 413 1649 436 non
1672 408 1811 436 tantum
1830 413 1870 437 ea
1889 413 1967 447 quae
1987 399 2072 437 huic
2087 399 2229 437 institu-

1244 501 1245 504 ,
1274 458 1360 495 tioni
1381 459 1521 495 officere
1540 468 1687 510 possunt
1707 459 1923 509 auferimus,
1944 459 2005 498 sed
2022 474 2098 510 quae
2114 460 2230 512 ipsam

1268 519 1398 570 juvare
1417 527 1564 570 possunt
1583 532 1816 570 apparamus3
1839 522 2050 572 paedagogos
2067 529 2100 558 et
2115 521 2232 572 magi-

1274 590 1364 618 stros
1392 579 1478 632 ipsis
1508 593 1762 630 procuramuS,
1789 581 1952 631 pecunias
1973 581 2229 632 expendimus,

1274 651 1379 691 atque
1398 655 1417 678 a
1439 641 1575 678 caeteris
1595 640 1702 678 rebus
1720 641 1834 678 otium
1853 651 2082 692 praestamus,
2102 657 2143 680 ac
2161 644 2236 681 fre·

1273 702 1454 752 quentius,
1466 716 1571 752 quam
1585 700 1790 753 paedotribae
1803 701 1837 738 in
1852 702 2056 754 Olympicis
2069 704 2232 741 certami-

1272 763 1382 800 nibus
1397 763 1641 808 vociferantes,
1659 771 1903 814 paupertatem
1917 776 2023 812 quam
2037 762 2233 814 imperitia,

1217 804 1250 870 Ἄ
1275 823 1422 863 divitias
1451 837 1538 874 quas
1569 823 1723 860 eruditio
1750 823 1852 860 affert
1881 823 2112 872 exhibemus,
2142 824 2234 870 nibil

1272 898 1341 922 non
1358 893 1500 935 agentes
1514 897 1554 921 ac
1568 883 1724 921 dicentes
1735 913 1746 933 ,
1765 892 1798 921 et
1812 892 1931 921 nostro
1946 893 1978 920 et
1995 883 2149 921 aliorum
2162 897 2235 921 ser-

1273 959 1390 992 mone,
1407 953 1445 983 ut
1460 958 1518 982 eos
1534 944 1578 982 ad
1593 945 1699 982 finem
1716 954 1821 982 tantae
1837 943 2088 982 sollicitudinis
2106 945 2235 997 perdu-

1273 1019 1409 1057 camus,
1421 1020 1534 1057 neque
1545 1006 1596 1043 sic
1608 1006 1731 1043 crebro
1746 1006 1818 1045 voti
1835 1014 2015 1057 compotes
2030 1006 2210 1043 efficimur
2224 1021 2231 1041 :

1276 1082 1418 1105 morum
1435 1081 1519 1106 vero
1534 1067 1772 1120 probitatem,
1792 1076 1825 1105 et
1838 1067 1993 1105 honestae
2010 1067 2094 1104 vitae
2111 1081 2234 1104 curam

1277 1129 1370 1166 ultro
1386 1128 1471 1180 ipsis
1485 1128 1719 1166 obventuram
1733 1128 1960 1179 putabimus,
1979 1142 2060 1166 cum
2074 1127 2236 1166 maxime

1276 1198 1327 1227 tot
1345 1198 1511 1240 tantaque
1527 1189 1616 1235 sint,
1634 1203 1711 1239 quae
1727 1189 1827 1226 illam
1844 1189 2071 1241 impediant?
2092 1188 2235 1240 Ecquid

1279 1250 1345 1288 hac
1363 1250 1582 1288 absurditate
1597 1250 1752 1288 deterius
1767 1250 1897 1300 fuerit,
1921 1250 1960 1288 id
1979 1249 2075 1300 quod
2095 1250 2235 1288 facilius

1277 1310 1374 1349 estin
1388 1324 1517 1362 magno
1528 1312 1642 1363 pretio
1654 1311 1799 1357 habere,
1814 1320 1885 1348 tam
1899 1311 2049 1348 sollicite
2060 1311 2233 1362 persequi,

1277 1373 1377 1422 quasi
1393 1387 1461 1410 non
1475 1373 1578 1410 liceat
1589 1372 1690 1410 aliud
1701 1373 1806 1410 aliter
1816 1372 1986 1424 adipisci,
2001 1372 2096 1423 quod
2112 1382 2234 1411 autem

1278 1433 1382 1484 longe
1399 1433 1585 1472 difficilius
1601 1443 1667 1481 est,
1689 1433 1756 1471 hoc
1774 1433 1876 1470 nobis
1891 1433 2151 1471 dormientibus
2170 1434 2234 1472 ob-

1279 1503 1469 1532 venturum
1489 1508 1563 1532 esse
1581 1503 1728 1546 putare,
1751 1494 1851 1544 quasi
1872 1493 2007 1544 aliquid
2029 1494 2110 1532 vilis
2130 1495 2234 1546 pretii

1277 1563 1311 1591 et
1330 1555 1433 1606 parvi
1462 1555 1660 1593 momenti?
1682 1554 1914 1606 Philosophia
1943 1555 2078 1607 quippe
2107 1555 2234 1592 animae

1278 1614 1460 1652 literarum
1489 1615 1709 1653 institutione
1734 1624 1831 1652 tanto
1850 1614 2036 1652 difficilior
2053 1624 2086 1652 et
2105 1629 2234 1667 opero-

1279 1675 1351 1712 sior
1368 1684 1440 1720 est‚
1458 1685 1592 1727 quanto
1611 1675 1796 1713 difficilius
1818 1685 1870 1713 est
1889 1676 2023 1723 facere,
2043 1689 2151 1726 quam
2171 1676 2234 1714 di-

1278 1749 1370 1784 ccre,
1391 1745 1425 1775 et
1444 1745 1575 1788 quanto
1599 1751 1709 1789 opera
1730 1746 1813 1774 sunt
1831 1737 2054 1775 sermonibus
2073 1738 2232 1776 laborio-

1278 1810 1380 1834 siora.

1328 1859 1365 1896 9.
1383 1857 1539 1908 Ecquid,
1558 1857 1709 1909 inquies,
1732 1857 1957 1909 philosophia
1973 1867 2005 1895 ct
2021 1859 2230 1897 accuratiori
2248 1870 2435 1908 Philosophia

179 1927 250 1966 τοῖς
270 1921 453 1974 ἡμετέροις
483 1921 605 1968 παισί;
624 1924 739 1960 Τοῦτο
765 1921 833 1974 γάρ
862 1925 958 1968 ἐστι,
983 1927 1084 1960 τοῦτο
1112 1924 1198 1976 ὅπερ
1275 1918 1496 1957 institutione
1515 1919 1600 1956 filiis
1620 1918 1750 1957 nostris
1764 1918 1884 1971 opus?
1902 1918 1999 1956 Illud
2015 1919 2121 1964 enim,
2139 1919 2231 1958 illud
2248 1922 2437 1981 {Khfflxl'sm

178 1984 293 2023 πάντα
321 1982 565 2028 ἀπολώλεκεν,
583 1983 637 2022 ὅτι
666 1990 815 2035 πρᾶγμα
844 1983 952 2027 οὕτως
984 1986 1196 2035 ἀναγκαῖον,
1223 2003 1247 2032 B
1274 1980 1418 2018 omnino
1448 1989 1499 2018 est
1523 1979 1617 2031 quod
1640 1980 1758 2017 omnia
1788 1979 1960 2031 perdidit,
1987 1979 2084 2030 quod
2110 1994 2164 2018 res
2184 1981 2231 2018 ita
2247 1976 2334 2032 quam
2354 2006 2405 2021 ne-

1274 2042 1467 2079 necessaria
1478 2072 1488 2091 ‚
1506 2056 1585 2093 quae
1602 2044 1712 2080 vitam
1727 2041 1905 2080 contineat
1920 2050 2096 2089 nostram,
2113 2056 2235 2094 super·
2250 2038 2370 2064 ⁰⁰⁵⁵²¹³³
2387 2037 2436 2064 ‘³³¹'

235 1860 303 1898 Καὶ
313 1859 348 1898 τί
362 1861 412 1898 δεῖ
426 1859 639 1913 φιλοσοφίας,
657 1861 754 1913 φησὶ,
769 1861 828 1898 καὶ
844 1860 1022 1905 πολιτείας
1036 1862 1198 1915 ἀκριὸοῦς

179 2045 237 2083 καὶ
255 2045 318 2092 τὴν
337 2044 512 2096 ’ἡμετέραν
533 2044 676 2097 συνέχον
697 2044 807 2092 ζωὴν,
835 2045 997 2096 περιττὸν
1025 2049 1111 2083 εἶναι
1139 2045 1199 2084 καὶ

178 2106 349 2158 πάρεργον
369 2107 473 2144 δοκεῖ.
506 2105 575 2143 Καὶ
607 2105 687 2157 περὶ
714 2108 818 2157 σῶμα
848 2105 909 2156 μὲν
930 2107 1108 2157 κάμνοντα
1139 2106 1197 2144 τὸν

178 2166 248 2205 υἱόν
277 2184 327 2212 τις
358 2166 438 2204 ἰδὼν
473 2168 536 2204 οὐκ
568 2166 607 2203 ἂν
642 2166 752 2205 εἴποι·
786 2166 820 2205 τί
849 2167 884 2205 δὲ
916 2170 1011 2220 αὐτῷ
1043 2171 1198 2220 καθαρᾶς

178 2225 309 2277 ὑγιείας
334 2226 386 2263 δεῖ
412 2225 471 2262 καὶ
500 2225 685 2276 ἀκριὸοῦς,
717 2225 806 2263 ἀλλὰ
828 2226 945 2264 πάντα
965 2226 1005 2263 ἂν
1023 2242 1196 2278 πραγμα-

177 2286 340 2325 τεύσαιτο
355 2285 442 2339 ὑπὲρ
467 2290 528 2324 τοῦ
545 2285 718 2333 τοσαύτην
740 2286 936 2337 ἐγγενέσθαι
949 2286 1012 2332 τὴν
1036 2286 1166 2330 εὐεξίαν
1182 2316 1194 2332 ,

178 2350 224 2390 ὡς
244 2347 369 2397 μηκέτι
384 2346 446 2394 τὴν
468 2346 565 2385 νόσον
584 2348 802 2384 ἐπανελθεῖν·
819 2350 882 2393 τῆς
901 2347 936 2385 δὲ
952 2349 1066 2399 ψυχῆς
1084 2350 1197 2400 ἀρρω-

179 2407 347 2454 στούσης,
367 2407 463 2446 οὐδὲν
483 2408 552 2445 δεῖν
576 2410 689 2450 αὐτοῖς
711 2407 896 2458 θεραπείας
913 2407 1018 2458 φασὶ,
1033 2408 1093 2446 καὶ
1113 2409 1196 2446 τολ-

179 2471 272 2518 μῶσι
290 2467 378 2518 μετὰ
392 2469 435 2506 τὰ
454 2468 596 2521 ῥήματα
610 2472 721 2506 ταῦτα
740 2468 894 2521 πατέρας
909 2471 1028 2506 καλεῖν
1045 2469 1195 2513 ἑαυτούς.

176 2529 224 2568 Τί
239 2524 316 2576 oiim
333 2529 613 2581 φιλοσοφήσομεν
639 2529 779 2573 πάντες,
799 2530 896 2580 φησὶ,
911 2529 971 2567 καὶ
987 2530 1030 2567 τὰ
1044 2534 1104 2568 τοῦ
1121 2529 1196 2580 βίου

177 2590 358 2642 οἰχήσεται
370 2606 379 2638 3
390 2591 443 2627 Οὐ
458 2589 497 2626 τὸ
513 2591 727 2641 φιλοσοφεῖν,
748 2583 776 2626 ὦ
795 2589 967 2641 βέλτιστε,
983 2590 1074 2628 ἀλλὰ
1091 2589 1130 2628 τὸ
1147 2590 1194 2640 μὴ

176 2655 277 2690 τοῦτο
306 2657 415 2690 ποιεῖν
447 2650 564 2689 πάντα
595 2650 755 2690 ἀπώλεσε
781 2652 840 2689 καὶ
873 2651 1056 2703 διέφθειρε.
1093 2651 1196 2695 Τίνες

176 2712 257 2764 γὰρ,
273 2713 347 2751 εἰπέ
365 2728 437 2762 μοι,
451 2716 494 2764 τῆ
509 2712 666 2764 παρούσῃ
682 2712 896 2750 καταστάσει
910 2712 1151 2763 λυμαίνονται,
1167 2716 1197 2751 οἱ

179 2773 327 2824 μετρίως
361 2775 485 2817 ζῶντες
514 2773 574 2811 καὶ
612 2775 773 2816 ἐπιεικῶς
786 2804 796 2821 ,
830 2774 852 2820 ἢ
887 2777 918 2812 οἱ
965 2774 1102 2818 καινοὺς
1139 2774 1197 2812 καὶ

177 2833 397 2884 παρανόμους
440 2835 654 2876 ἐπινοοῦντες
692 2836 822 2886 τροφῆς
863 2835 1033 2887 τρόπους;
1079 2839 1109 2874 οἱ
1155 2835 1197 2873 τὰ

177 2893 316 2931 πάντων
341 2893 592 2946 περιὸαλέσθαι
618 2896 880 2942 σπουδάζοντες,
908 2896 930 2942 ἢ
957 2899 987 2935 οἳ
1014 2902 1084 2940 τοῖς
1102 2892 1197 2935 οὖσιν

178 2954 385 3005 ἀρκούμενοι
401 2969 412 3003 3
431 2957 461 2993 οἱ
481 2955 662 3007 φάλαγγας
677 2958 818 2994 οἰκετῶν
843 2957 992 3009 ἔχοντες,
1009 2959 1067 2996 καὶ
1082 2959 1198 3008 σμήνη

176 3013 193 3035 ¹’
208 3016 364 3053 κολάκων
381 3016 626 3067 περιάγοντες,
650 3016 671 3063 ἢ
689 3019 720 3054 οἱ
744 3018 847 3068 μόνον
864 3019 1001 3065 οἰκέτην
1029 3019 1090 3057 ἕνα
1108 3023 1196 3057 ἀπο-

176 3079 265 3128 χρῆν
289 3079 403 3120 αὐτοῖς
418 3076 630 3127 νομίζοντες;
648 3082 659 3124 (
676 3078 772 3116 οὔπω
788 3079 855 3132 γὰρ
870 3079 933 3127 τὴν
949 3081 1060 3133 ἄκραν
1075 3081 1196 3132 τίθημι

177 3138 378 3188 φιλοσοφίαν
391 3168 399 3182 ,
418 3138 508 3176 ἀλλὰ
520 3139 582 3186 τὴν
594 3141 734 3182 πολλοῖς
760 3142 917 3191 ἐφικτήν·
933 3145 944 3188 )
961 3145 991 3180 οἱ
1006 3144 1197 3195 φιλάνθρω-

178 3212 237 3235 ποι
269 3199 327 3236 καὶ
366 3198 490 3251 ἥμεροι
525 3200 583 3237 καὶ
625 3200 674 3250 μὴ
714 3201 871 3252 δεόμενοι
904 3206 966 3249 τῆς
998 3203 1094 3255 παρὰ
1126 3208 1194 3241 τῶν

223 3376 235 3390 n
263 3366 332 3397 Ι)ιι(ι
350 3366 423 3397 Mas.
445 3370 637 3411 φιλοτάτων
653 3373 699 3400 ml
716 3372 822 3412 οὐδαμ.

225 3418 239 3440 ⁸³
264 3417 354 3448 Unus
381 3417 494 3449 (ΣιιιΙνι
522 3418 619 3450 hahet
638 3424 769 3453 καλάμην
797 3426 842 3454 mi
874 3429 1055 3466 amineae-su,
1074 3430 1103 3452 rt
1134 3422 1178 3451 sin·

1274 2102 1346 2140 flua
1365 2112 1399 2140 et
1418 2103 1530 2141 otiosa
1551 2117 1625 2141 esse
1642 2102 1818 2141 videatur.
1843 2103 1945 2140 Certe
1965 2103 1993 2140 si
2015 2103 2096 2154 quis
2118 2103 2234 2142 filium

1274 2163 1367 2201 mala
1400 2164 1559 2215 corporis
1590 2163 1796 2202 valetudine
1824 2163 2046 2201 laborantem
2081 2163 2235 2213 viderit,

1275 2238 1470 2274 numquam
1485 2224 1578 2263 dicet
1593 2242 1599 2262 :
1615 2224 1713 2271 Quid
1728 2225 1781 2262 illi
1797 2239 1886 2276 opus
1899 2224 1990 2262 bona
2005 2234 2037 2262 et
2052 2225 2155 2262 firma
2171 2240 2235 2263 va-

1274 2284 1460 2323 letudine?
1480 2285 1538 2323 scd
1560 2286 1678 2323 omnia
1697 2286 1876 2330 molietur,
1899 2294 1937 2322 ut
1953 2286 2044 2323 bona
2066 2286 2233 2325 valetudo

1273 2346 1321 2383 ita
1342 2346 1410 2398 ipsi
1432 2347 1648 2395 restituatur,
1667 2356 1705 2384 ut
1720 2347 1866 2384 morbus
1884 2355 2000 2398 postea
2020 2360 2088 2384 nou
2103 2347 2233 2387 redeat.

1275 2407 1403 2444 Anima
1418 2422 1501 2445 vcro
1513 2417 1720 2458 mgrotautc,
1732 2408 1822 2445 nihil
1834 2408 1933 2444 aiunt
1948 2408 2130 2445 curatione
2144 2422 2234 2460 opus

1273 2481 1364 2514 csse,
1388 2468 1511 2518 hisque
1531 2468 1677 2520 prolatis
1694 2468 1813 2506 verbis
1831 2479 1946 2519 patres
1967 2482 2002 2504 sc
2020 2481 2147 2505 vocare
2167 2483 2231 2506 au-

1274 2527 1368 2564 dent.
1402 2527 1503 2575 Quid
1531 2528 1667 2578 igitur?
1699 2528 1818 2570 aiuut;
1848 2527 2233 2578 philosophabiiuuruc

1273 2603 1407 2637 omues,
1420 2598 1452 2626 ct
1464 2590 1580 2626 omnia
1591 2603 1668 2639 quar
1679 2588 1723 2625 ad
1737 2589 1907 2626 szrculum
1919 2598 2075 2639 spectant
2089 2603 2231 2640 pessum

1273 2650 1407 2688 ibunt?
1433 2652 1509 2688 non
1531 2651 1578 2688 itu
1609 2663 1768 2701 prorsus,
1800 2649 1960 2686 virorum
1988 2650 2138 2701 optime.
2161 2664 2229 2688 non

1222 2727 1245 2756 (ἶ
1273 2712 1518 2765 philosophia,
1537 2712 1597 2749 sed
1618 2711 1851 2764 plnilosophim
1872 2711 1990 2762 iuopia
2008 2712 2124 2748 munia
2144 2726 2227 2763 per-

1276 2774 1371 2812 didit
1392 2784 1424 2812 ct
1446 2773 1618 2824 corrupit.
1646 2773 1801 2819 Quinam
1818 2802 1826 2815 .
1851 2786 1990 2821 (piasti,
2022 2782 2229 2823 przrsrutctn

1276 2850 1394 2872 reruni
1416 2844 1544 2872 statum
1566 2842 1798 2884 currumpunt
1813 2834 1829 2869 ἶ)
1852 2832 1949 2869 illim·
1967 2833 2029 2882 qni
2050 2833 2230 2870 moderate

1273 2909 1303 2934 et
1328 2897 1437 2948 probe
1459 2897 1582 2932 visunt
1597 2925 1605 2936 ,
1629 2908 1670 2930 ,ιιι
1692 2893 1752 2943 qui
1773 2907 1883 2931 novos
1903 2902 1935 2929 et
1957 2893 2097 2943 iniquos
2118 2909 2227 2931 exco-

1274 2960 1385 3008 gitant
1405 2956 1613 2995 deliciarum
1644 2954 1794 2991 rutulos?
1814 2954 1874 3004 qui
1902 2968 1954 2990 res
1975 2954 2135 2991 oiuuiuiu
2158 2955 2226 2991 sibi

1273 3016 1858 3065 assummu-1iitutitui·,au·piisuis
1873 3016 2025 3052 conteuti
2045 3015 2149 3052 suiul'
2164 3016 2223 3065 qui

1272 3081 1548 3118 ‹tutin-sucorum
1562 3078 1755 3128 plmlaugas
1770 3077 1910 3117 habt-ut.
1924 3086 1955 3112 ct
1969 3085 2224 3112 .·1.ss‹·ut.·ttoru¹u

1273 3155 1401 3178 cuneos
1419 3139 1688 3176 circumluit-unt
1703 3168 1710 3178 .
1731 3151 1774 3174 au
1791 3138 1849 3187 qui
1868 3152 1938 3174 ,κιϊι
1952 3151 2010 3174 ιιιιι
2029 3151 2137 3174 ιιιιιιιιι
2154 3137 2223 3174 sibi

1272 3203 1355 3240 satis
1369 3217 1442 3239 esst·
1458 3200 1722 3247 arbitranturl'k
1734 3198 1888 3236 uoudutu
1901 3199 2046 3236 vuimdi-
2058 3214 2222 3250 suprema

1221 3373 1278 3401 Sat
1291 3371 1321 3400 il.
1342 3370 1373 3401 in
1392 3371 1549 3409 niurgiuv.
