2513 3871
177 2667 249 2692 (len.
269 2673 293 2692 Ι.
315 2673 359 2693 ΙΙ.

363 240 452 296 704
785 246 823 276 s.
860 243 1045 275 ioannis
1081 240 1323 272 cunrsosr.

358 335 503 376 Etenim
523 346 582 372 eos
599 329 779 384 pellebant
795 326 971 375 universi,
990 339 1106 377 reges,
1119 323 1319 377 principes,

357 395 477 434 idiotae
496 424 506 442 ,
525 392 629 431 liberi
647 421 659 437 ‚
680 389 796 436 servi,
815 387 942 441 populi
961 416 971 434 ,
995 386 1157 424 civitates
1177 400 1185 422 :
1205 396 1320 434 neque

358 457 441 495 illos
462 464 615 501 tantum,
632 451 708 498 sed,
726 449 823 501 quod
843 448 990 500 gravius
1008 456 1098 493 erat,
1118 445 1321 498 neophytos

359 519 394 555 in
416 515 499 561 lide,
519 528 607 565 qnos
634 512 688 550 illi
710 510 959 549 instituebant.
986 509 1188 546 Commune
1216 519 1320 544 nam-

357 590 427 627 que
447 575 581 613 bellum
598 582 632 611 et
649 572 859 610 doctoribus
875 579 909 609 et
925 569 1120 622 discipulis
1139 567 1320 606 excitaba·

360 646 432 680 tur,
448 636 584 687 quippe
598 648 678 672 cum
698 633 841 671 doctina
863 632 924 670 illa
945 640 978 669 et
1001 629 1109 681 regiis
1128 628 1320 667 sanctioni·

360 698 428 736 bus
437 706 469 734 et
481 694 730 734 consuetudini
746 702 780 732 et
792 693 950 746 paternis
964 691 1125 729 moribus
1134 688 1321 728 adversari

362 757 556 796 videretur.
579 754 767 807 Siquidem
805 753 1039 792 hortabantur
1065 760 1104 789 ut
1137 751 1184 788 ab
1217 749 1323 788 idolis

360 818 572 857 absisterent
591 847 599 865 ,
618 831 698 855 aras
717 815 939 868 de÷picerent
954 843 963 859 ,
982 827 1070 864 quas
1086 822 1118 850 ct
1142 820 1261 865 patres
1287 819 1322 849 et

361 882 514 930 majores
529 877 853 923 eorumcoluerant,
863 875 910 913 ab
927 872 1323 926 impurisdogmatibus

364 941 555 984 resilirent.
573 939 734 979 riderent
753 937 1005 983 solemnitates,
1027 935 1246 973 initiationes
1261 947 1323 971 re-

363 1011 632 1053 spuerent,qua:
653 1000 741 1052 ipsis
763 999 919 1038 maxime
936 995 1117 1036 tremenda
1134 1005 1169 1034 et
1193 995 1322 1033 sormi-

363 1063 501 1102 debilia
529 1062 743 1101 videbantur
766 1075 861 1113 :pro
891 1059 1024 1111 quibus
1052 1057 1210 1096 animam
1238 1056 1326 1095 dare

364 1123 593 1167 maluissent,
612 1135 722 1173 quam
746 1121 892 1158 illorum
909 1119 1006 1158 dicta
1024 1119 1216 1157 admittere
1234 1126 1268 1155 et
1289 1117 1325 1155 in

364 1192 489 1221 natum
503 1197 548 1221 ex
562 1182 679 1220 Maria
697 1181 853 1229 credere,
881 1181 943 1231 qui
965 1179 1011 1218 ad
1030 1179 1196 1231 praesidis
1215 1178 1325 1216 tribu-

364 1245 424 1283 nal
448 1244 580 1282 ductus
601 1273 610 1290 ‚
633 1242 750 1295 sputis
773 1241 1042 1289 dehonestatus,
1068 1240 1327 1289 innumeraque

365 1317 504 1357 passus,
523 1301 740 1341 exsecranda
761 1310 874 1339 morte
901 1301 1050 1338 affectus
1064 1329 1073 1347 ,
1091 1298 1327 1350 sepultusque

366 1365 632 1403 resurrexisset.
653 1362 831 1413 Quodque
851 1361 1068 1413 stupendum
1088 1368 1174 1405 erat,
1189 1359 1327 1397 crucia·

367 1435 426 1464 tus
437 1426 605 1464 omnibus
619 1425 693 1463 noti
709 1433 823 1467 erant,
837 1423 977 1474 flagella
996 1435 1123 1474 nempe
1138 1450 1148 1468 ‚
1165 1419 1326 1473 colaphi,

367 1486 591 1525 contumelia:
610 1486 685 1524 oris
700 1494 806 1538 sputo
820 1484 1060 1533 dehonestati,
1078 1482 1206 1535 plagae,
1221 1495 1327 1528 crux,

367 1548 531 1585 cachinni
550 1545 849 1594 multi‚c0moedia
872 1545 1041 1583 omnibus
1061 1543 1199 1590 oblata,
1213 1543 1332 1596 sepul-

368 1619 447 1647 tura
469 1608 568 1660 quasi
581 1607 702 1659 gratiae
718 1607 860 1645 nomine
877 1607 1088 1659 impetrata3
1106 1604 1166 1643 sed
1185 1618 1263 1655 quae
1282 1604 1328 1641 ad

368 1669 661 1708 resurrectionem
681 1668 889 1721 spectabant
910 1681 979 1705 non
1001 1667 1086 1705 item
1109 1682 1116 1702 :
1138 1665 1211 1703 illis
1232 1666 1327 1702 enim

368 1729 456 1768 solis
469 1737 547 1781 post
561 1729 854 1768 resurrectionem
870 1725 1053 1778 apparuit.
1074 1728 1236 1762 Attamen
1255 1723 1329 1760 liaec

368 1790 519 1829 (licendo
539 1788 814 1842 persuadebant,
834 1797 868 1826 et
885 1787 936 1826 sic
955 1786 1154 1826 Ecclesiam
1174 1784 1331 1823 :edifica-

369 1852 468 1890 bant.
481 1853 562 1898 Quo
578 1859 680 1903 pacto
693 1859 811 1900 etqua
825 1848 986 1886 ratione?
997 1845 1328 1898 Virtutejubentis:

372 1913 448 1965 ipsc
466 1925 616 1963 namque
640 1913 735 1949 viam
761 1910 923 1963 parabat,
938 1909 1012 1961 ipse
1031 1909 1148 1946 omnia
1168 1908 1332 1946 diflicilia

371 1973 490 2011 facilia
507 1972 689 2010 reddebat.
703 1971 778 2010 Nisi
796 1970 890 2008 enim
901 1969 1024 2008 divina
1039 1968 1204 2021 quaedam
1216 1969 1332 2007 virtus

372 2034 447 2072 lia‘c
465 2041 713 2086 perpetrasset,
736 2046 779 2070 ne
799 2032 855 2069 vel
870 2030 1088 2084 principium
1105 2030 1251 2082 quidem
1269 2039 1332 2068 aut

372 2095 566 2134 exordium
587 2094 661 2131 lunc
682 2094 898 2131 habuissent.
915 2097 996 2141 Quo
1026 2093 1121 2130 enim
1157 2092 1193 2130 id
1225 2092 1332 2130 modo

373 2157 452 2194 ficri
472 2154 670 2209 potuisset?
691 2156 827 2193 Verum
843 2154 872 2191 is
892 2154 952 2204 qui
973 2153 1128 2199 dixerat,
1146 2155 1239 2191 Fiat
1255 2168 1332 2191 ειε-

373 2217 467 2261 lmn,
483 2226 515 2254 et
535 2230 625 2268 opus
637 2215 801 2253 exhibuit
816 2223 879 2261 tet,
893 2214 1075 2252 Fundetur
1091 2224 1196 2260 terra,
1208 2223 1241 2252 et
1255 2215 1331 2267 ejus

374 2278 609 2316 substantiam
628 2276 821 2329 produxi13
840 2286 886 2324 et,
906 2277 1038 2315 Luceat
1057 2277 1126 2322 sol,
1145 2285 1179 2314 et
1195 2286 1332 2314 astrum

374 2339 551 2384 ostendit3
575 2339 708 2390 quique
727 2338 846 2390 omnia
866 2338 978 2376 verbo
998 2347 1164 2391 operatus
1184 2347 1250 2384 est,
1274 2338 1334 2375 ille

374 2401 482 2438 etiam
504 2401 567 2438 lias
587 2400 762 2438 l·]cclcsias
776 2399 967 2451 plantavit.
990 2399 1037 2437 Et
1057 2400 1205 2438 verbum
1224 2399 1329 2446 illud,
1347 2391 1362 2414 ⁵

376 2461 596 2513 AEdificabo
614 2462 833 2499 Ecclesiam
847 2475 985 2509 meam,
1006 2461 1080 2499 baec
1101 2461 1220 2500 omnia
1241 2476 1335 2514 ope-

375 2533 489 2561 ratum
510 2532 572 2561 est.
604 2523 708 2561 Talia
726 2523 861 2575 quippe
886 2531 967 2560 sunt
997 2522 1102 2561 verba
1121 2523 1202 2571 Dei,
1227 2537 1334 2575 opera

376 2586 565 2630 exhibent,
588 2599 694 2637 opera
712 2585 890 2623 mirabilia
910 2594 1016 2635 atque
1033 2586 1223 2638 stupenda.
1242 2587 1334 2624 Nam

378 2646 682 2697 quemadmodum
698 2646 813 2691 dixit,
833 2648 1032 2685 Ger-minet
1054 2656 1158 2685 terra
1177 2648 1335 2685 herbam

365 2709 487 2758 ιῙ“ιιίιι“,
505 2717 539 2745 et
555 2707 671 2746 omnia
687 2721 770 2745 mox
791 2708 914 2745 hortus
929 2708 1038 2752 suere,
1050 2707 1167 2746 omnia
1181 2717 1337 2760 pratum,

379 2778 539 2819 teri-aque
559 2768 766 2806 mandatnm
782 2768 964 2820 excipiens
982 2769 1132 2807 infinitis
1143 2769 1339 2808 ornabatur

378 2829 527 2880 plantis:
543 2830 593 2867 sic
610 2839 641 2867 et
659 2844 766 2876 nunc,
778 2829 839 2867 ubi
857 2829 964 2875 dixit,
977 2831 1192 2884 ‘Ede'ficabo
1209 2831 1341 2869 Eccle-

379 2893 475 2927 siam
499 2905 634 2936 ineam,
652 2890 687 2929 id
708 2891 807 2928 nullo
824 2891 964 2941 negotio
978 2892 1110 2930 sactum
1131 2901 1182 2930 est
1202 2908 1212 2931 z
1233 2901 1339 2944 atque

380 2953 541 3002 tyrannis
560 2951 730 2990 adversus
744 2967 821 2990 eam
838 2952 976 2991 bellum
992 2954 1250 3000 excitantibus,
1273 2954 1339 2992 ini-

381 3012 503 3049 litibusr
533 3027 630 3050 arma
661 3015 910 3061 moventibus,
926 3015 1072 3067 populis
1105 3015 1216 3053 instar
1247 3015 1340 3066 ignis

381 3073 579 3110 furentibus
600 3102 609 3122 ‚
629 3073 840 3112 adversante
858 3075 1114 3115 consuetudine
1131 3106 1140 3124 ,
1162 3077 1341 3128 etiamque

384 3133 595 3179 rhetoribus,
616 3135 805 3186 sophistis,
820 3136 1012 3184 divitibus,
1035 3137 1180 3182 idiotis,
1202 3139 1339 3191 princi-

386 3193 512 3242 pibus;
531 3194 739 3242 ignoianwn
763 3197 1005 3235 vehementius
1038 3199 1188 3237 verbnm
1218 3200 1340 3252 spinas

384 3255 589 3297 consumsit,
605 3270 708 3303 agros
724 3259 906 3307 purgavit,
925 3259 1340 3311 prmdicaiionis‹10cir3·

387 3326 465 3378 iiain
487 3314 671 3352 sominavit
695 3334 700 3351 :
725 3318 868 3355 ardum
886 3333 929 3356 ex
951 3320 993 3356 iis
1022 3322 1082 3371 qui
1115 3321 1339 3360 crediderant

385 3372 445 3409 alii
457 3387 490 3409 in
506 3388 641 3412 carcere
657 3376 939 3423 habitan-nuntii
963 3381 996 3418 in
1012 3383 1180 3422 exsilium
1192 3383 1338 3422 abducti

386 3443 515 3476 essent,
533 3435 592 3471 alii
615 3438 772 3486 poc-mii«
807 3440 979 3487 mutetui,
998 3443 1057 3480 alii
1091 3445 1196 3482 occisi
1220 3475 1229 3490 ‚
1247 3455 1279 3483 ct
1305 3447 1338 3483 in

1365 237 1571 268 attentae.
1610 238 1968 269 CONSTANTmop.

1360 2429 1385 2456 A

1367 3218 1389 3248 ll

1365 2390 1395 2413 77

1396 319 1607 372 στρέφεσθαι
1642 319 1895 373 παρεσκεύασε.
1931 320 2001 360 Καὶ
2037 321 2106 373 γὰρ
2137 323 2267 367 πάντες
2301 323 2422 368 αὖτοὺς

1395 380 1546 427 ἤλαυνον
1559 410 1571 427 ,
1609 383 1764 432 βασιλεῖς
1777 410 1787 428 ,
1806 381 1971 433 ἄρχοντες
1985 410 1996 429 ,
2029 382 2167 421 ἰδιῶται
2182 412 2193 430 ,
2229 383 2421 437 ἐλεύθεροι,

1395 442 1528 490 δοῦλοι,
1544 443 1662 492 δῆμοι,
1681 442 1815 485 πόλεις·
1836 442 1897 480 καὶ
1917 443 1979 481 οὐκ
1994 442 2115 486 αὐτοὺς
2137 443 2255 494 μόνον,
2270 444 2362 484 ἀλλὰ
2381 446 2424 485 τὸ

1398 502 1440 546 δὴ
1456 501 1704 556 χαλεπώτερον
1722 532 1732 547 ,
1752 502 1830 546 τοὺς
1846 502 1898 541 ἔτι
1930 510 2114 554 νεοπαγεῖς
2145 507 2180 544 ἐν
2213 508 2258 552 τῆ
2282 505 2422 552 πίστει,

1396 564 1476 608 τοὺς
1501 565 1561 602 ὑπ’
1583 566 1696 603 αὐτῶν
1716 563 2011 616 κατηχουμένους.
2036 565 2159 608 Κοινὸς
2177 550 2248 619 γὰρ
2273 567 2425 616 πόλεμος

1397 626 1457 664 καὶ
1476 631 1546 668 τοῖς
1577 629 1750 676 μαθηταῖς
1770 625 1830 663 καὶ
1857 632 1929 669 τοῖς
1951 627 2174 671 διδασκάλοις
2195 627 2342 678 ἐγένετο,
2363 628 2426 668 ὅτι

1398 689 1460 732 τῆς
1480 686 1710 730 διδασκαλίας
1739 687 1948 730 ἀπεναντίας
1967 688 2027 726 καὶ
2048 687 2264 739 διατάγμασι
2284 689 2425 740 βασιλι-

1396 754 1471 792 κοῖς
1499 747 1558 786 καὶ
1593 746 1758 798 συνηθείᾳ
1778 747 1838 785 καὶ
1870 747 1964 785 ἔθεσι
1995 748 2170 800 πατρῴοις
2200 749 2423 800 φαινομένης.

1398 809 1585 861 Παρῇνουν
1603 808 1672 861 γὰρ
1693 807 1846 846 εἰδώλων
1865 807 2075 859 ἀπέχεσθαι,
2097 815 2328 862 καταφρονεῖν
2347 812 2424 862 βω·

1398 872 1474 920 μῶν
1490 901 1500 917 ,
1519 870 1574 913 οὓς
1594 872 1625 908 οἱ
1654 870 1805 922 πατέρες
1825 871 1939 909 αὐτῶν
1960 870 2020 908 καὶ
2049 872 2080 908 οῖ
2110 870 2276 922 πρόγονοι
2296 871 2425 916 πάντες

1397 932 1645 984 ἐθεράπευσαν,
1669 931 1881 982 ἀφίστασθαι
1895 934 1965 969 τῶν
1980 933 2144 984 μυσαρῶν
2161 931 2359 984 δογμάτων,
2367 947 2429 972 κα·

1398 994 1549 1046 ταγελᾷν
1569 995 1699 1043 ἑορτῶν
1715 1022 1726 1039 ,
1758 992 1940 1031 διαπτύειν
1972 992 2035 1035 τὰς
2063 993 2227 1037 τελετάς·
2247 994 2269 1032 ἃ
2290 1009 2425 1047 φρικω-

1399 1053 1551 1092 δέστατα
1569 1054 1680 1092 ἐδόκει
1711 1047 1801 1092 εἶναι
1830 1053 1973 1097 ἐκείνοις
2000 1053 2060 1092 καὶ
2091 1053 2339 1108 φοὸεριίντατα,
2367 1055 2427 1094 καὶ

1399 1114 1488 1167 ὑπὲρ
1505 1109 1552 1152 ὧν
1572 1114 1612 1152 ἂν
1631 1130 1678 1152 κα
1695 1114 1758 1161 τὴν
1775 1114 1892 1166 ψυχὴν
1913 1115 2129 1166 προήκαντο,
2147 1115 2171 1161 ἢ
2191 1118 2363 1165 αἱρεῖσθαι
2382 1114 2426 1154 τὰ

1400 1177 1485 1227 παρ’
1506 1178 1620 1214 αὐτῶν
1638 1176 1827 1227 λεγόμενα,
1842 1175 1902 1214 καὶ
1916 1175 2090 1215 πιστεύειν
2111 1179 2159 1220 εἶς
2177 1177 2235 1215 τὸν
2255 1177 2326 1216 inb
2340 1178 2426 1216 Μα-

1403 1237 1477 1287 ρίας
1494 1237 1681 1289 τεχθέντα,
1705 1237 1762 1275 τὸν
1788 1238 1823 1274 ἐν
1843 1239 2044 1287 ἡγεμονικῷ
2071 1237 2287 1290 δικαστηρίῳ
2305 1253 2427 1289 παρα-

1401 1297 1533 1335 στάντα
1546 1327 1556 1344 ,
1572 1297 1632 1335 τὸν
1648 1297 1891 1348 ἐμπτυσθέντα
1905 1328 1913 1339 ,
1930 1299 1989 1336 τὸν
2007 1296 2115 1350 μυρία
2132 1297 2288 1336 παθόντα
2316 1298 2428 1349 δεινὰ,

1400 1359 1458 1397 τὸν
1478 1359 1625 1398 θάνατον
1645 1360 1819 1412 ἐπάρατον
1833 1358 2086 1409 ὑπομείναντα,
2108 1359 2165 1398 τὸν
2182 1358 2352 1411 ταφέντα,
2369 1359 2429 1398 τὸν

1404 1419 1619 1458 ἀναστάντα.
1641 1421 1710 1459 Καὶ
1725 1419 1765 1458 τὸ
1780 1419 1989 1472 παράδοξον,
2008 1420 2063 1459 ὅτι
2075 1419 2121 1459 τὰ
2139 1419 2204 1468 μὲν
2215 1421 2284 1458 τῶν
2305 1423 2428 1459 παθῶν

1405 1482 1495 1527 δῆλα
1522 1488 1629 1520 πᾶσιν
1652 1476 1695 1528 ἦν
1710 1511 1718 1525 ,
1751 1483 1788 1520 αἱ
1829 1481 2021 1532 μάστιγες,
2044 1483 2080 1520 αἱ
2104 1480 2163 1519 ἐπὶ
2186 1480 2314 1534 κόῤῥης
2333 1483 2428 1529 πλη·

1403 1543 1483 1592 γαὶ,
1505 1546 1541 1582 αἱ
1570 1546 1618 1587 εἰς
1645 1543 1833 1594 πρόσωπον
1853 1543 1969 1594 ὕὸρεις
1994 1541 2051 1581 διὰ
2071 1544 2140 1581 τῶν
2164 1542 2428 1594 ἐμπτυσμάτων

1403 1604 1602 1655 γινόμεναι,
1644 1605 1690 1644 τὰ
1734 1605 1942 1656 ῥαπίσματα
1958 1633 1968 1651 ,
1999 1607 2018 1643 ὁ
2050 1604 2218 1657 σταυρὸς,
2252 1607 2275 1650 ἡ
2312 1603 2427 1652 πολλὴ

1403 1666 1573 1716 χλευασία
1587 1697 1597 1712 ,
1615 1669 1637 1712 ἡ
1661 1666 1758 1719 παρὰ
1791 1667 1933 1704 πάντων
1962 1665 2154 1716 κωμῳδία,
2182 1667 2202 1704 ὁ
2223 1666 2331 1718 τάφος
2351 1668 2371 1704 ὃ
2394 1667 2429 1704 ἐν

1407 1728 1506 1779 μέρει
1538 1728 1680 1779 χάριτος
1715 1727 1899 1779 γενόμενος
1914 1741 1922 1748 ·
1959 1728 2003 1765 τὰ
2036 1727 2072 1765 δὲ
2104 1730 2167 1773 τῆς
2205 1726 2430 1771 ἀναστάσεως

1406 1789 1520 1827 οὐκέτι
1535 1804 1542 1811 ·
1563 1791 1678 1833 αὐτοῖς
1697 1789 1765 1842 γὰρ
1783 1789 1900 1839 μόνοις
1920 1788 2074 1832 ἀναστὰς
2091 1788 2198 1841 ἐφάνη
2210 1802 2218 1810 ·
2241 1790 2318 1826 ἀλλ’
2333 1788 2431 1839 ὅμως

1407 1850 1467 1888 καὶ
1483 1855 1592 1889 ταῦτα
1605 1851 1763 1902 λέγοντες
1782 1851 1929 1895 ἔπειθον,
1945 1851 2003 1888 καὶ
2019 1850 2111 1887 οὕτω
2131 1849 2193 1896 τὴν
2212 1848 2430 1896 Ἐκκλησίαν

1406 1911 1618 1963 ᾠκοδόμουν.
1636 1914 1716 1955 Πῶς
1733 1911 1793 1949 καὶ
1807 1911 1874 1949 τίνι
1891 1911 2030 1963 τρόπῳ,
2044 1912 2101 1962 Τῇ
2116 1911 2261 1961 δυνάμει
2274 1914 2334 1949 τοῦ
2349 1914 2431 1950 ταῦ·

1406 1988 1451 2012 τα
1480 1973 1728 2017 κελεύσαντος·
1757 1973 1858 2017 αὐτὸς
1887 1973 1956 2025 γὰρ
1983 1973 2222 2023 προοδοποιῶν
2241 1966 2305 2019 ἦν,
2332 1971 2434 2015 αὐτὸς

1405 2035 1522 2074 πάντα
1535 2035 1594 2073 καὶ
1610 2035 1653 2074 τὰ
1669 2034 1818 2074 δύσκολα
1835 2034 1937 2087 ῥᾴδια
1954 2037 2078 2072 ποιῶν.
2090 2035 2134 2072 Εἰ
2145 2033 2212 2085 γὰρ
2228 2032 2278 2084 μὴ
2293 2032 2369 2072 θεία
2380 2048 2433 2077 τις

1406 2097 1552 2147 δύναμις
1575 2091 1618 2144 ἦν
1647 2100 1668 2143 ἡ
1689 2102 1800 2136 ταῦτα
1829 2099 2060 2147 κατορθοῦσα,
2079 2095 2148 2134 οὐδ’
2169 2094 2209 2132 ἂν
2228 2093 2435 2145 προοίμιον,

1408 2160 1477 2197 οὐδ’
1503 2159 1543 2196 ἂν
1563 2158 1678 2211 ἀρχὴν
1697 2161 1808 2196 ταῦτα
1840 2157 1956 2195 {Ance-
1977 2159 2051 2200 πῶς
2071 2156 2159 2207 γάρ,
2189 2155 2281 2194 Ἀλλ’
2306 2158 2436 2200 ἐκεῖνος

1407 2224 1426 2259 ὁ
1442 2219 1569 2266 εἰπὼν,
1586 2219 1773 2267 Γενηθήτω
1786 2218 1947 2271 οὐρανὸς,
1965 2217 2026 2256 καὶ
2042 2216 2154 2261 δείξας
2171 2216 2212 2255 τὸ
2226 2215 2325 2268 ἔργον
2336 2231 2344 2239 ·
2361 2216 2435 2263 καὶ,

1408 2281 1656 2331 θεμελιωθήτω
1670 2284 1693 2327 ἡ
1721 2283 1767 2332 γῆ
1779 2311 1788 2327 ,
1811 2279 1870 2318 καὶ
1887 2278 2102 2330 παραγαγὼν
2120 2277 2184 2325 τὴν
2203 2278 2324 2317 οὐσίαν
2345 2290 2353 2300 ·
2375 2277 2439 2316 καὶ

1408 2342 1582 2392 λαμπὲτω
1601 2342 1712 2388 ἥλιος.
1732 2342 1791 2380 καὶ
1812 2340 1924 2385 δείξας
1940 2340 1980 2378 τὸ
2007 2341 2149 2391 ἄστρον,
2169 2339 2229 2377 καὶ
2244 2338 2360 2378 πάντα
2378 2339 2437 2390 ἕρ·

1409 2403 1607 2454 γασάμενος
1625 2403 1740 2456 λόγῳ,
1767 2397 1866 2446 οὗτος
1892 2402 1953 2441 καὶ
1981 2402 2043 2445 τὰς
2064 2400 2281 2448 Ἐκκλησίας
2307 2399 2438 2443 ταύτας

1409 2467 1593 2519 ἐφύτευσε·
1609 2466 1669 2504 καὶ
1687 2466 1727 2504 τὸ
1752 2467 1848 2517 ῥῆμα
1868 2466 1998 2510 ἐκεῖνο,
2027 2463 2088 2510 τὸ,
2107 2461 2344 2512 Οἰκοδομήσω
2370 2476 2436 2509 μου

1408 2528 1471 2576 τὴν
1502 2527 1740 2574 Ἰἰκκλησίαν,
1762 2530 1864 2565 τοῦτο
1897 2525 2013 2563 πάντα
2048 2523 2249 2575 εἰργάσατο.
2274 2523 2437 2560 Τοιοῦτοι

1408 2591 1477 2641 γὰρ
1509 2592 1541 2628 οἱ
1568 2594 1628 2627 τοῦ
1664 2591 1757 2626 Θεοῦ
1791 2587 1907 2637 λόγοι,
1935 2586 2045 2636 ἔργων
2074 2585 2223 2636 δημιουρ
2266 2582 2298 2629 l,
2325 2581 2436 2634 ἔργων

1411 2652 1620 2700 θαυμαστῶν
1637 2650 1697 2687 καὶ
1717 2647 1938 2700 παραδόξων.
1960 2647 2102 2696 ’Ὠσπερ
2129 2643 2198 2696 γὰρ
2221 2660 2235 2682 ε
2252 2659 2296 2682 πε
2309 2672 2319 2688 ,
2342 2644 2439 2681 Βλα-

1412 2711 1578 2758 στησάτω
1610 2714 1633 2756 ἡ
1667 2712 1713 2760 γῆ
1744 2709 1894 2759 βοτάνην
1924 2706 2070 2759 χόρτου,
2091 2706 2150 2744 καὶ
2177 2704 2293 2743 πάντα
2314 2703 2437 2757 ἀθρόον

1412 2773 1624 2824 παράδεισος
1650 2766 1692 2818 ἦν
1705 2801 1714 2818 ,
1744 2770 1804 2808 καὶ
1836 2770 1952 2807 πάντα
1987 2769 2177 2818 λειμῶνες,
2214 2766 2275 2804 καὶ
2302 2765 2440 2819 μυρίοις

1414 2835 1525 2883 ἐκόμα
1545 2839 1662 2885 φυτοῖς
1682 2836 1704 2879 ἡ
1725 2830 1897 2880 δεξαμένη
1917 2830 1956 2869 τὸ
1972 2830 2152 2880 ἐπίταγμα
2172 2831 2218 2880 γῆ
2233 2843 2242 2852 ·
2263 2827 2355 2866 οὕτω
2378 2827 2439 2867 καὶ

1413 2899 1470 2934 νῦν
1501 2888 1597 2933 εἶπεν
1611 2908 1620 2916 ·
1658 2891 1896 2942 οἰκοδομήσω
1927 2907 1992 2941 μου
2023 2890 2087 2937 τὴν
2121 2888 2356 2937 Ἰ·’,κκλησίαν,
2380 2888 2441 2928 καὶ

1415 2956 1504 3007 μετὰ
1525 2957 1657 3001 πολλ’ἧς
1683 2953 1839 2996 εὐκολίας
1867 2957 1967 2991 τοῦτο
1988 2952 2119 3004 ἐγίνετο
2134 2963 2143 2971 ·
2168 2950 2228 2989 καὶ
2260 2949 2440 3001 τυράννων

1414 3020 1492 3058 κατ’
1514 3018 1619 3063 αὐτῆς
1641 3014 1880 3065 ὁπλιζομένων
1895 3043 1904 3057 ,
1924 3014 1982 3050 καὶ
2008 3013 2233 3065 στρατιωτῶν
2257 3011 2350 3050 ὅπλα
2382 3025 2442 3049 κι-

1415 3080 1563 3119 νούντων
1579 3109 1587 3122 .
1611 3078 1671 3116 καὶ
1688 3077 1810 3126 δήμων
1824 3075 1931 3127 πυρὸς
1952 3073 2180 3126 σφοδρότερον
2200 3070 2438 3123 μαινομένων,

1414 3142 1473 3181 καὶ
1497 3139 1679 3187 συνηθείας
1690 3135 2097 3190 ἀντιπαραταττομένης,
2108 3134 2168 3173 καὶ
2191 3131 2363 3186 ῥητόρων,
2380 3132 2440 3171 καὶ

1415 3205 1608 3253 σοφιστῶν,
1635 3199 1694 3239 καὶ
1713 3197 1954 3238 πλουτούντων
1968 3226 1977 3242 ,
1999 3197 2059 3235 καὶ
2092 3197 2239 3233 ἰδιωτῶν
2255 3222 2266 3241 ,
2291 3194 2351 3233 καὶ
2376 3196 2441 3245 dp-

1416 3264 1549 3315 χόντων
1567 3260 1827 3311 ἀνισταμένων,
1845 3259 1951 3310 πυρὸς
1977 3257 2205 3309 σφοδρότερον
2219 3254 2328 3295 ἐπιὼν
2344 3258 2363 3294 ὁ
2380 3254 2440 3293 λό·

1415 3341 1472 3375 γος
1489 3323 1549 3366 τὰς
1567 3323 1720 3366 ἀκάνθας
1741 3321 1920 3367 ἀνήλωσε,
1943 3319 2005 3360 τὰς
2035 3318 2184 3370 ἀρούρας
2215 3317 2440 3370 ἐξεκάθηρεν,

1415 3386 1553 3436 ἔσπειρε
1573 3389 1633 3423 τοῦ
1658 3383 1882 3435 κηρύγματος
1912 3380 1970 3418 τὸν
1994 3381 2115 3430 λόγον·
2131 3379 2275 3418 καὶτῶν
2295 3392 2442 3418 πιστευ-

1419 3447 1553 3484 σάντων
1582 3449 1650 3483 τῶν
1672 3445 1734 3495 μὲν
1761 3442 2000 3495 δεσμωτήριον
2019 3440 2224 3489 οἰκούντων,
2243 3442 2312 3479 τῶν
2331 3439 2367 3478 δὶ
2395 3439 2442 3481 εἰς
