2513 3871
122 822 244 860 Dan.9.
260 819 310 861 ²4·

126 1928 306 1958 Marma&

120 1972 170 1999 3².

1048 252 1130 280 citu
1140 251 1158 279 i*
1168 250 1291 279 50:31¹.

336 241 428 302 786

332 339 542 392 prophetam
574 336 719 387 quidem
739 336 806 374 boc
825 334 1024 374 addidisse.
1058 332 1142 371 liaec
1164 340 1282 370 autem

330 401 461 446 omnia,
476 400 538 446 ait,
555 400 629 436 Deo
648 397 716 449 ipsi
736 405 964 442 monstrante,
977 393 1177 446 conscripta
1192 392 1282 430 reli-

329 462 421 513 quit,
443 470 481 498 ut
501 460 562 511 qui
579 459 728 510 legerint
754 467 788 497 et
810 457 969 496 evenisse
1001 454 1277 508 conspexerint,

330 523 514 560 Danielem
546 519 772 558 admirentur
800 519 850 558 ob
878 519 1051 557 honorem
1079 516 1133 555 illi
1163 530 1183 554 a
1204 516 1280 554 Deo

328 582 504 620 habitum.
538 581 610 619 Ubi
643 581 755 632 igitur
790 579 925 618 dixerit
962 577 1089 617 Daniel
1107 607 1118 625 ,
1136 577 1211 615 sore
1242 585 1280 614 ut

328 644 501 696 templum
525 641 746 693 redigeretur
767 641 803 679 in
822 639 1053 679 solitudinem
1073 668 1083 686 ‚
1100 652 1164 677 nos
1179 637 1280 676 dein·
1304 640 1329 671 C

327 718 408 757 ceps
430 703 706 742 consideremus.
724 704 813 741 Nam
836 701 897 739 ubi
926 699 1163 754 precationem
1180 698 1281 737 illam

327 762 363 801 in
382 777 484 801 saeco
498 771 532 800 et
551 762 668 799 cinere
690 761 883 813 perseverat
903 790 912 805 ,
929 760 1027 798 venit
1044 757 1090 796 ad
1104 771 1185 796 eum
1206 758 1282 796 Ga-

328 819 433 865 briel,
452 829 484 858 et
504 820 554 857 ait
572 834 579 855 :
596 819 848 871 Septuaginta
868 818 1128 856 hebdomades
1143 818 1282 854 abbre-

331 883 445 919 viatae
474 890 562 919 sunt
589 893 704 929 super
728 880 916 931 populum
945 887 1052 917 tumn
1069 909 1079 926 ‚
1103 887 1139 916 et
1172 891 1286 927 super

326 945 521 981 ciuitatem
544 950 736 980 sanctam.
764 940 854 979 Ecce
875 940 950 988 hic,
983 940 1101 991 inquit
1123 939 1254 990 aliquis
1274 970 1284 988 ,

327 1013 361 1042 et
378 1012 518 1056 tempus
536 1017 745 1055 expressum
764 1011 829 1041 est.
848 1003 1024 1054 Tempus,
1041 1015 1110 1039 non
1130 1001 1284 1053 captivi-

328 1067 412 1103 tatis
434 1095 443 1109 ,
460 1064 519 1103 sed
537 1074 616 1117 post
633 1073 807 1114 quantum
828 1063 998 1116 temporis
1019 1062 1179 1101 reditura
1194 1072 1283 1101 esset

327 1127 526 1179 captivitas.
556 1125 666 1164 Aliud
700 1139 784 1162 vero
816 1134 955 1176 tempus
985 1123 1179 1162 dicendum
1214 1133 1281 1172 est,

326 1185 499 1236 quamdin
516 1195 605 1223 esset
619 1185 791 1222 duratura
808 1184 1015 1236 captivitas,
1032 1197 1176 1221 rursum
1193 1193 1277 1222 tem·

332 1259 399 1296 pus
418 1253 494 1296 post
511 1243 611 1295 quod
641 1251 730 1280 esset
749 1251 911 1280 ventura.
931 1241 1198 1293 Septuaginta,
1222 1242 1281 1279 in-

327 1306 418 1357 quit,
433 1305 693 1343 hebdomades
711 1305 945 1341 abbreviata·
969 1310 1062 1340 sunt
1086 1315 1200 1353 super
1215 1316 1282 1353 po-

323 1367 461 1415 pulum
483 1376 590 1404 mum
612 1380 622 1401 :
646 1378 715 1402 non
730 1365 806 1416 jam
825 1377 932 1415 super
951 1362 1126 1415 populum
1146 1376 1279 1402 meum.

325 1427 430 1478 Atqui
448 1426 618 1479 propheta
635 1424 795 1473 dixerat,
808 1424 977 1463 Ostende
995 1426 1151 1476 jaciem
1177 1433 1281 1462 luam

324 1503 439 1541 super
449 1489 635 1540 populum
656 1496 766 1525 tuum
786 1502 796 1522 .·
819 1484 880 1524 sed
898 1487 995 1524 Deus
1011 1485 1115 1523 illum
1135 1486 1283 1538 posthac

323 1563 388 1601 pro
408 1549 524 1587 alieno
541 1547 642 1586 ducit
656 1556 801 1600 propter
812 1547 971 1585 suturam
986 1546 1284 1586 audaciam.Mox

323 1621 356 1650 et
375 1625 518 1649 causam
539 1610 734 1663 exprimit:
753 1610 889 1647 Donec
917 1611 1154 1661 antiquetur
1178 1609 1281 1648 deli-

324 1681 443 1717 ctum,
478 1681 514 1710 et
545 1679 833 1710 consummetur
859 1679 1076 1721 peccatum.
1099 1669 1196 1716 Quid
1229 1679 1283 1709 est

323 1733 409 1780 lioc,
430 1734 565 1771 Donec
585 1739 873 1770 consummetur
888 1740 1092 1784 peccatum
1110 1735 1127 1768 Ρ
1147 1731 1279 1781 Multa,

323 1793 438 1844 inquit
454 1824 463 1841 ,
492 1801 637 1845 peccant
659 1821 669 1840 ‚
690 1791 754 1830 sed
782 1792 960 1830 malorum
987 1791 1171 1843 fastigium
1197 1800 1282 1831 tunc

324 1855 408 1902 erit,
433 1868 515 1892 cum
546 1854 742 1893 Dominum
772 1867 878 1892 suum
913 1853 1120 1894 occiderint.
1142 1857 1186 1892 Et
1215 1853 1282 1891 hoc

322 1915 417 1954 dixit
451 1915 617 1954 Christus
639 1931 649 1953 ι
672 1915 836 1967 Implete
873 1928 1095 1953 mensuram
1121 1923 1281 1967 patrum

322 1985 556 2016 vestrorum.
579 1976 707 2014 Servos
722 1975 902 2013 occidistis
915 2005 925 2023 ‚
943 1975 1063 2014 addite
1081 1984 1115 2013 et
1136 1976 1279 2014 Domini

323 2038 547 2089 sanguinem.
564 2036 660 2076 Vide
673 2035 852 2088 quomodo
863 2036 1279 2076 concordantsententiae.

326 2098 492 2137 Chi-istus
507 2097 616 2142 dixit,
631 2098 794 2150 Implete
806 2113 820 2135 .-
834 2097 1004 2149 propheta
1015 2099 1079 2147 ait,
1093 2098 1281 2137 Consum—

327 2170 455 2199 metm·
466 2169 683 2212 peccatum,
697 2168 744 2204 et,
761 2159 970 2211 Signantur
986 2168 1164 2211 peecata.
1183 2158 1281 2206 Quid

325 2223 419 2260 enim
439 2231 504 2267 est,
519 2224 740 2273 signentur?
751 2221 804 2258 Ne
819 2220 907 2270 quid
922 2229 1090 2272 praeterea
1103 2221 1280 2272 reliquum

327 2284 401 2322 fiat.
425 2285 476 2321 Ee
491 2282 869 2333 adducatjuslitiam
884 2285 1168 2333 sempiternam.
1182 2281 1283 2330 Quid

327 2353 445 2382 autem
466 2352 517 2381 est
541 2351 670 2380 aeterna
698 2341 855 2393 justitia,
878 2341 945 2380 nisi
978 2356 1059 2393 quae
1086 2357 1106 2380 a
1139 2342 1283 2381 Christo

325 2406 408 2444 data
427 2414 479 2443 est
493 2405 510 2442 ?
524 2405 578 2442 Et
612 2404 735 2441 donee
767 2405 990 2456 obsignetur
1020 2406 1122 2441 visio
1136 2412 1173 2442 et
1189 2419 1283 2456 pro-

323 2469 444 2520 pheta
459 2496 467 2514 ,
485 2475 519 2504 et
539 2469 750 2517 inungatur
767 2473 925 2503 sanctus
943 2473 1168 2503 sanctorum
1184 2481 1197 2504 :
1218 2465 1285 2504 hoc.

329 2538 396 2576 est,
417 2527 539 2566 sistere
558 2534 696 2578 oportet
708 2523 855 2577 posthac
871 2524 1094 2577 prophetias:
1108 2525 1176 2564 hoc
1189 2525 1283 2564 enim

331 2599 382 2628 est
410 2589 612 2640 obsignare,
629 2588 752 2625 sistere
785 2587 989 2624 unctionem
1003 2615 1014 2635 ‚
1031 2586 1154 2624 sistere
1174 2587 1284 2625 visio-

750 255 788 284 S.
828 252 1012 284 luamus

138 2669 245 2695 umal,
270 2675 315 2695 u.
334 2664 427 2689 nem.
449 2649 533 2689 ldco
565 2648 730 2687 Christus
761 2646 883 2685 dixit:
905 2648 985 2685 Lex
1022 2655 1058 2685 et
1091 2649 1285 2698 prophetas

335 2726 452 2764 usque
471 2711 526 2749 ad
540 2712 748 2750 loannem.
763 2707 876 2748 Vides
890 2717 929 2746 ut
948 2707 1024 2746 lianc
1045 2709 1287 2748 omnimodam

336 2775 514 2813 minentur
532 2771 785 2810 desolationem
799 2800 810 2819 ‚
832 2784 872 2809 ac
891 2769 1063 2808 scelerum
1080 2771 1288 2809 malefacto-

337 2848 486 2885 rumque
511 2831 744 2871 vindictam?
764 2832 842 2869 Non
864 2830 958 2869 enim
989 2830 1213 2870 indulturum
1235 2846 1285 2877 se,

336 2896 396 2934 sed
415 2896 574 2933 ulturum
592 2902 732 2947 peccata
749 2892 909 2939 illorum,
926 2892 1081 2930 minatur
1099 2894 1206 2931 Deus.

394 2959 452 2996 10.
465 2956 619 3002 Quando
644 2953 786 2993 tandem
803 2953 871 2992 hoc
885 2953 1017 2991 sactum
1037 2953 1120 2991 est?
1140 2953 1287 3005 quando

338 3015 533 3067 prophetice
561 3029 705 3067 prorsus
734 3012 912 3051 sublatae?
932 3013 1077 3063 quando
1098 3014 1217 3053 unctio
1235 3014 1288 3053 sic

1332 250 1355 278 A
1365 250 1522 281 ncttttss’
1531 270 1542 281 .
1579 252 1747 282 CONSTA
1756 252 1827 282 NT!
1836 252 1919 283 Nol)
1928 272 1938 282 .

1361 333 1438 370 Ποῦ
1457 333 1570 372 τοίνυν
1599 328 1696 373 εἶπεν
1711 338 1730 373 ὁ
1750 334 1884 380 Δανιὴλ
1918 333 1973 372 ὅτι
1993 336 2022 382 ,ὁ
2044 334 2123 377 ναὸς
2147 335 2378 386 ἐρημωθήσε-

1358 409 1439 440 ται,
1473 398 1576 444 ἡμεῖς
1613 396 1734 434 λοιπὸν
1763 395 2015 445 σκοπήσωμεν.
2040 395 2190 442 Ἐπειδὴ
2225 395 2293 448 γὰρ
2316 397 2381 444 τὴν

1357 456 1556 507 προσευχὴν
1587 458 1722 504 ἐκείνην
1741 457 1805 502 τὴν
1838 458 1874 494 ἐν
1903 455 2026 509 σάκκῳ
2044 456 2103 494 καὶ
2122 457 2243 508 σποδῷ
2261 457 2383 503 ἐποιή-

1357 531 1464 564 σατο,
1485 511 1570 563 ἦλθε
1586 518 1613 556 Γ
1615 517 1745 569 αὸριὴλ
1763 517 1849 568 πρὸς
1868 517 1970 555 αὐτὸν
1985 516 2046 555 καί
2065 532 2169 568 φησιν
2181 529 2189 537 ·
2206 516 2383 567 Ἑὸδομή·

1356 591 1462 615 κοντα
1480 577 1671 628 ἑὸδομάδες
1685 578 1955 626 συνετμήθησαν
1974 577 2032 615 ἐπὶ
2049 578 2109 616 τὸν
2126 577 2210 616 λαόν
2225 592 2287 615 σου
2299 606 2310 625 ,
2325 577 2384 616 καὶ

1357 639 1415 677 ἐπὶ
1439 640 1502 685 τὴν
1524 640 1627 678 πόλιν
1647 639 1710 686 τὴν
1736 638 1852 691 ἁγίαν.
1881 638 1972 677 Ἰδοὺ
2007 638 2066 676 καὶ
2085 641 2232 677 ἐνταῦθα
2261 638 2385 691 χρόνος

1357 701 1494 750 εἴρηται
1511 730 1519 745 ,
1542 700 1628 752 φησί
1643 716 1651 724 ·
1671 700 1794 752 χρόνος
1806 730 1815 747 ,
1832 701 1870 738 οὗ
1903 701 1966 744 τῆς
1999 699 2246 751 αἰχμαλωσίας
2259 729 2268 746 ,
2291 698 2383 738 ἀλλὰ

1356 763 1432 811 μεθ’
1443 761 1522 800 ὅσον
1540 761 1686 812 ἔμελλεν
1698 765 1720 807 ἡ
1737 760 1967 812 αἷχμαλωσία
1982 760 2246 806 ἀπαντήσεσθαι
2259 759 2383 813 χρόνον

1355 822 1474 860 πάλιν.
1503 823 1654 874 ‘'Et-epota
1683 822 1720 860 δέ
1752 824 1826 860 ἐστι
1857 821 1982 874 χρόνον
2014 823 2122 859 εἰπεῖν
2152 820 2233 860 ὅσον
2259 821 2385 871 ἔμελλε

1355 889 1495 934 κρατεῖν
1515 887 1537 929 ἡ
1559 883 1808 935 αἰχμαλωσία,
1825 883 1886 920 καὶ
1911 881 2037 933 χρόνον
2066 883 2142 931 μεο’
2158 881 2196 919 ὃν
2225 882 2384 933 ἀπαντᾷν

1356 945 1481 994 ἔμελλε
1501 944 1561 982 καὶ
1580 944 1846 996 παραγίνεσθαι.
1872 942 2144 993 Ἰἰὸδομήκοντα
2172 942 2385 993 ἑὸδομάδις,

1356 1005 1462 1057 φησί,
1483 1005 1752 1055 συνετμήθησαν
1773 1005 1833 1043 ἐπὶ
1863 1005 1920 1043 τὸν
1945 1005 2028 1042 λαόν
2059 1019 2141 1043 σου·
2164 1006 2227 1043 οὐκ
2246 1003 2299 1043 ἔτι
2325 1003 2385 1042 ἐπὶ

1355 1067 1412 1104 τὸν
1430 1061 1514 1104 λαὸν
1540 1067 1598 1104 τὸν
1621 1066 1719 1116 ἐμὸν,
1739 1065 1855 1104 καίτοι
1874 1068 1892 1103 ὁ
1910 1065 2094 1118 προφήτης
2113 1065 2230 1116 ἔλεγεν
2243 1093 2254 1111 ,
2276 1063 2385 1103 Ἐπί-

1355 1142 1462 1178 φανον
1482 1127 1522 1165 τὸ
1537 1126 1726 1178 πρόσωπόν
1746 1142 1808 1165 σου
1827 1127 1886 1165 ἐπὶ
1903 1127 1961 1166 τὸν
1978 1127 2062 1164 λαόν
2082 1142 2154 1166 eoo·
2167 1127 2245 1165 ἀλλ’
2260 1129 2279 1165 ὁ
2296 1125 2387 1168 Θεὸς

1355 1189 1601 1239 ἀλλοτριοῦται
1626 1189 1728 1226 αὐτὸν
1758 1189 1879 1227 λοιπὸν
1922 1187 1980 1226 διὰ
2006 1187 2045 1225 τὸ
2089 1186 2215 1237 μέλλον
2244 1187 2386 1226 ἔσεσθαι

1355 1247 1537 1298 τόλμημα.
1559 1242 1648 1286 Εἶτά
1677 1263 1761 1300 φησι
1793 1249 1853 1287 καὶ
1873 1248 1938 1295 τὴν
1957 1249 2086 1296 αἰτίαν,
2109 1247 2207 1293 Ἕως
2229 1251 2290 1287 τοῦ
2310 1263 2384 1287 πα·

1307 1314 1332 1345 D
1354 1309 1548 1354 λαιωθῆναι
1563 1309 1807 1360 παράπτωμα,
1820 1310 1880 1347 καὶ
1898 1312 1958 1348 τοῦ
1979 1311 2249 1355 συντελεσθῆναι
2264 1309 2385 1362 ἅμαρ-

1355 1368 1445 1407 τίαν.
1474 1369 1521 1407 Τί
1550 1369 1658 1417 ἔστιν,
1682 1368 1780 1413 Ἕως
1817 1375 1878 1409 τοῦ
1897 1372 2169 1416 συντελεσῡῆναι
2187 1369 2387 1422 ἁμαρτίαν,

1356 1429 1480 1469 Πολλὰ
1492 1460 1502 1477 ,
1521 1431 1628 1483 φησὶν
1640 1460 1652 1476 ‚
1682 1431 1945 1482 ἁμαρτάνουσιν
1963 1444 1971 1452 ·
1991 1433 2069 1470 ἀλλ’
2086 1434 2108 1478 ἡ
2137 1431 2284 1482 κορωνὶς
2315 1432 2386 1469 τῶν

1355 1495 1475 1531 κακῶν
1493 1493 1571 1532 τότε
1589 1491 1702 1538 ἔσται,
1721 1492 1804 1531 ὅταν
1819 1493 1880 1532 τὸν
1895 1492 2079 1539 Δεσπότην
2094 1493 2210 1531 αὐτῶν
2222 1490 2385 1531 ἀνέλωσι.

1356 1554 1471 1593 Τοῦτό
1498 1569 1584 1606 φησι
1606 1554 1666 1592 καὶ
1693 1556 1711 1592 ὁ
1742 1554 1892 1607 Χριστός
1908 1567 1917 1575 ·
1941 1553 2163 1606 Πληρώσατε
2192 1552 2233 1591 τὸ
2259 1553 2386 1605 μέτρον

1354 1617 1427 1653 τῶν
1454 1615 1616 1666 πατέρων
1647 1617 1758 1665 ὑμῶν.
1779 1614 1946 1663 Δούλους,
1977 1615 2105 1667 φησὶν,
2132 1614 2387 1662 ἀπεκτείνατε,

1356 1676 1528 1728 πρόσθετε
1558 1676 1619 1714 καὶ
1651 1670 1742 1727 αἷμα
1772 1676 1992 1717 ὃεσποτικόν.
2021 1675 2120 1729 ιὈρα
2141 1676 2313 1728 σύμφωνα
2341 1675 2387 1715 τὰ

1355 1737 1531 1787 νοήματα.
1551 1735 1597 1776 Ὁ
1619 1737 1768 1788 Χριστὸς
1786 1731 1863 1776 εἶπε
1875 1765 1885 1783 ,
1906 1737 2126 1789 Πληρώσατε
2140 1753 2148 1760 ·
2165 1741 2184 1776 ὁ
2202 1736 2385 1790 προφήτης

1354 1798 1454 1850 φησὶ,
1465 1800 1684 1844 'rasataim
1697 1798 1886 1851 ἁμαρτίαν,
1898 1799 1958 1837 καὶ
1973 1801 2047 1838 Τοῦ
2062 1798 2254 1851 σφραγίσαι
2268 1798 2386 1850 ἆμαρ-

1353 1860 1443 1905 τίας.
1462 1861 1510 1899 Τί
1533 1860 1608 1899 ἔστι
1629 1861 1840 1912 σφραγίσας
1856 1859 1969 1900 ‘'ssa-te
2001 1860 2110 1911 μηδὲν
2136 1861 2384 1912 ὑπολελεῖφθαι

1354 1922 1488 1962 λοιπόν.
1509 1923 1580 1961 Καὶ
1610 1926 1670 1961 τοῦ
1708 1925 1851 1974 ἀγαγεῖν
1872 1922 2095 1969 δικαιοσύνην
2115 1920 2270 1960 αἰώνιον.
2288 1922 2382 1959 Ποία

1355 1985 1392 2023 δὲ
1420 1984 1624 2032 δικαιοσύνη
1656 1984 1810 2031 αἰώνιος,
1829 1986 1906 2023 ἀλλ’
1928 1983 1950 2031 ἢ
1971 1987 1992 2031 ἡ
2009 1983 2128 2035 Ἰπαριὶι
2147 1987 2207 2022 τοῦ
2227 1984 2381 2035 Χριστοῦ

1353 2047 1490 2085 δοθεῖσα
1507 2062 1517 2093 ;
1536 2045 1605 2085 Καὶ
1630 2050 1691 2084 τοῦ
1720 2046 1913 2099 σφραγίσαι
1941 2045 2063 2099 ὅρασιν
2091 2045 2151 2083 καὶ
2170 2044 2377 2096 προφήτην,

1353 2107 1412 2146 καὶ
1429 2111 1490 2146 τοῦ
1508 2113 1630 2160 χρῖσαι
1649 2108 1746 2159 ἅγιον
1766 2106 1874 2158 ἁγίων
1888 2137 1899 2153 ,
1912 2105 2084 2152 τουτέστι,
2100 2107 2231 2151 στῆσαι
2258 2105 2379 2144 λοιπὸν

1352 2168 1415 2212 τὰς
1433 2168 1667 2221 προφητείας·
1684 2171 1785 2206 τοῦτο
1803 2167 1871 2218 γάρ
1886 2169 1961 2206 ἐστι
1974 2165 2182 2219 σφραγίσαι,
2196 2164 2237 2203 τὸ
2250 2167 2379 2212 στῆσαι

1352 2231 1393 2269 τὸ
1411 2236 1568 2284 χρῖσμα,
1589 2232 1718 2276 στῆσαι
1734 2228 1796 2272 τὰς
1813 2227 1962 2281 ὁράσεις.
1984 2227 2052 2266 Διὰ
2071 2231 2172 2266 τοῦτο
2190 2230 2208 2265 ὁ
2228 2227 2380 2280 Χριστος

1354 2291 1470 2343 ἔλεγεν
1484 2306 1491 2314 ·
1505 2291 1551 2331 Ὁ
1567 2291 1670 2342 νόμος
1689 2289 1748 2329 καὶ
1765 2292 1796 2329 οἱ
1813 2293 1993 2341 προφῆται
2008 2289 2073 2332 ἕως
2086 2285 2380 2341 Ἰωάννου.’ορᾷς

1354 2356 1429 2397 πῶς
1460 2354 1618 2398 παντελῆ
1652 2354 1800 2391 ἐνταῦθα
1837 2352 1975 2390 ἀπειλεῖ
1997 2350 2197 2402 ἐρήμωσιν,
2214 2348 2275 2387 καὶ
2309 2350 2379 2387 τῶν

1356 2414 1539 2467 ἁμαρτιῶν
1573 2412 1805 2452 ἀνταπόδοσιν
1841 2412 1901 2450 καὶ
1927 2413 1997 2450 τῶν
2030 2412 2174 2449 ἀδικιῶν
2190 2425 2199 2456 ;
2224 2411 2279 2449 Οὒ
2311 2409 2380 2462 γὰρ

1355 2481 1568 2526 συγχωρεῖν,
1590 2473 1670 2513 ἀλλ’
1690 2474 1862 2520 ἐπεξιέναι
1888 2479 1959 2517 τοῖς
1978 2472 2233 2525 ἁμαρτήμασιν
2266 2472 2380 2509 αὐτῶν

1357 2536 1546 2582 ἠπείλησεν
1566 2539 1584 2574 ὁ
1603 2536 1708 2579 Θεός.

1416 2953 1485 2992 Καὶ
1498 2954 1582 2993 πότε
1609 2952 1650 3000 δὴ
1668 2957 1769 2992 τοῦτο
1781 2952 2022 3003 γέγονεςπότε
2047 2951 2266 3005 ἀνῃρέθησαν
2288 2967 2381 3004 προ·

1366 3021 1505 3067 φητεῑαι
1520 3016 1721 3060 παντελῶς·,
1738 3013 1823 3052 πότε
1839 3014 1880 3052 τὸ
1891 3020 2027 3065 χρῖσμα
2037 3013 2224 3060 κατελύθη,
2238 3015 2287 3069 ὡς
2306 3029 2382 3064 μη·

336 3086 386 3114 est
411 3077 562 3121 sublata,
580 3086 616 3114 ut
629 3089 826 3126 numquam
845 3074 889 3111 sit
910 3073 1096 3113 reditura?
1112 3075 1157 3114 Et
1173 3075 1202 3114 si
1224 3090 1287 3114 nos
1301 3105 1348 3131 ⁶⁴³·
1361 3076 1436 3115 κίτι
1450 3077 1556 3115 πάλιν
1575 3076 1794 3122 ἐπανελθεῖν,
1808 3074 1883 3113 Κᾶν
1897 3078 1998 3121 ἡμεῖς
2015 3074 2231 3126 σιγήσωμιν,
2246 3075 2278 3113 οἱ
2293 3074 2381 3114 λίθοι

336 3137 520 3184 sileamus,
537 3137 603 3188 ipsi
623 3135 758 3187 lapides
773 3135 979 3173 clamabunt
998 3151 1004 3171 :
1024 3135 1112 3174 adeo
1137 3137 1283 3175 manise·
1313 3143 1335 3170 Λ
1359 3137 1597 3189 κεκράξονται,
1625 3135 1714 3176 οὕτω
1733 3136 1880 3188 λαμπρὰ
1909 3139 1977 3174 τῶν
1999 3135 2217 3187 πραγμάτων
2246 3135 2340 3174 ἔστὶν
2359 3137 2381 3182 ἡ

338 3207 387 3233 sta
405 3207 455 3234 est
472 3198 545 3249 ipsa
560 3212 674 3235 rerum
686 3211 756 3234 vox
774 3214 781 3242 ;
797 3210 858 3233 nec
873 3196 966 3234 enim
982 3211 1170 3249 possumus
1186 3198 1284 3237 aliud

338 3266 475 3308 tempus
497 3259 664 3309 proferre,
684 3270 754 3308 quo
778 3257 852 3295 lutee
872 3266 966 3308 gesta
987 3267 1197 3310 sunt,quam
1217 3259 1283 3299 boc

335 3317 479 3364 longum
500 3332 539 3355 ar
563 3331 746 3366 magnum,
765 3317 825 3356 sed
845 3320 960 3370 majus
979 3318 1086 3358 etiam
1108 3320 1280 3359 futurum.

582 3446 643 3476 ιι..

378 3464 388 3472 ..
416 3448 436 3477 S
452 3459 465 3473 s
488 3459 516 3472 ιιι
533 3455 565 3473 ιι»
675 3447 703 3476 u
720 3446 787 3476 trel.
810 3458 886 3477 vern
906 3453 956 3480 τοῦ
975 3453 1039 3481 θεοῦ
1053 3452 1181 3484 δοθῆναι.

1384 3199 1456 3245 ωνή
1472 3215 1479 3222 ·
1502 3200 1576 3238 οὐδὲ
1593 3197 1661 3250 γὰρ
1681 3203 1694 3218 “
1718 3197 1759 3235 ἂν
1780 3198 1919 3249 ἔχοιμεν
1937 3198 2042 3235 ἀλλον
2059 3197 2179 3245 καιρὸν
2196 3198 2326 3244 εἰπεῖν,
2345 3196 2382 3235 ἰν

1357 3278 1386 3311 ῳ
1406 3263 1518 3299 ταῦτα
1537 3260 1755 3305 ὑπέστησαν.
1778 3258 1800 3303 ἢ
1818 3262 1937 3296 τοῦτον
1957 3258 2014 3296 τὸν
2032 3258 2166 3310 μακρὸν
2194 3258 2252 3296 καὶ
2271 3255 2380 3297 πολὺν

1360 3322 1417 3359 καὶ
1434 3321 1577 3360 πλείονα
1589 3320 1694 3359 πάλιν
1715 3318 1890 3369 ίσόμενον.
1904 3312 1992 3357 Εἶτα
2012 3319 2118 3357 πάλιν
2133 3317 2381 3371 ἀκριὸίστιρον

1419 3463 1429 3475 ·
1458 3453 1590 3493 Septem
1615 3451 1690 3483 Mn.
1711 3457 1744 3483 ἀν
1763 3456 1892 3492 ἔχοιμεν.
1908 3448 2007 3489 {Male
2021 3447 2182 3481 Montl'miu
2200 3449 2332 3491 {poietin}
2385 3467 2389 3472 -
