2513 3871
56 2740 129 2768 Lac.
140 2740 171 2770 6.
189 2748 227 2769 22

55 2789 70 2809 s
87 2782 107 2811 ὅ.

268 191 333 240 60

264 289 405 331 etiamsi
427 304 489 331 vos
509 303 578 329 non
600 289 750 327 credatis
764 319 774 337 ,
796 297 944 341 propter
964 289 1148 327 credentes
1166 297 1219 327 ta-

265 367 345 391 men
366 364 560 391 memorare
585 363 724 388 neeesse
744 357 815 399 est;
840 362 1058 400 quamquam
1087 363 1133 387 ex
1154 349 1218 399 iis,

264 425 343 463 quae
361 425 479 449 coram
493 419 599 458 sunt,
620 423 685 448 vos
705 409 812 447 etiam
834 409 906 447 illis
927 409 1070 448 credere
1085 409 1219 448 debue-

262 473 369 510 ratis:
382 485 504 509 verum
527 484 671 522 quoquo
686 471 806 508 animo
821 470 895 522 ipsa
912 470 1118 522 acceperitis
1131 501 1142 521 ‚
1162 470 1220 510 di-

262 542 386 570 centur
402 546 421 569 a
440 531 556 578 nobis,
575 545 639 569 nec
657 531 942 569 occultabuntur.
964 531 1137 578 Quaenam
1154 533 1224 584 igi·
1247 543 1268 572 Β

262 591 392 628 turilla
404 591 535 629 erunt?
550 590 663 629 Miser
675 590 748 638 ille,
764 590 964 641 squalidus,
980 591 1107 638 tristis,
1120 591 1223 643 igno-

260 652 371 689 minia
385 651 539 690 obrutus
553 661 587 690 et
603 651 775 704 caligine,
793 651 960 690 demissis
974 652 1088 691 oculis
1101 653 1221 691 abdu-

262 721 362 751 cetur
379 726 438 761 eo,
461 712 523 750 ubi
543 713 676 751 vermis
695 712 755 763 qui
777 726 845 750 non
866 712 1038 761 moritur,
1065 722 1099 751 et
1127 713 1221 764 ignis

260 774 324 825 qui
350 787 421 811 non
447 773 849 823 exstinguitur:beatus
875 787 962 811 vero
983 773 1116 813 Paulus
1136 788 1220 812 ma-

260 847 329 885 gna
350 848 432 872 cum
452 833 582 871 fiducia
602 833 647 871 ad
668 834 785 886 ipsum
811 834 970 872 adstabit
991 835 1220 886 Imperatoris

261 895 432 934 thronum
446 925 455 943 ‚
486 895 676 947 splendore
703 895 862 945 fulgens,
881 904 1052 947 tantaque
1070 896 1220 935 amictus

260 955 374 1006 gloria
385 987 394 1003 ‚
414 965 452 994 ut
466 969 529 994 nec
544 955 680 1006 angelis
694 969 755 993 nec
767 955 989 1007 archangelis
1002 957 1149 994 inferior
1161 957 1219 1005 sit,

260 1025 465 1068 tantamque
479 1016 676 1054 mercedem
695 1017 858 1069 recipiet,
876 1026 1047 1067 quantam
1066 1018 1221 1070 recipere

261 1091 326 1129 par
354 1087 405 1116 est
437 1076 615 1114 bominem
641 1077 704 1129 qui
725 1092 789 1130 pro
811 1079 887 1115 Deo
910 1079 1058 1129 ejusque
1080 1078 1220 1130 placitis

260 1151 390 1190 corpus
411 1147 516 1187 atque
535 1138 691 1177 animam
709 1152 810 1175 suam
831 1137 1029 1176 tradiderit.
1053 1139 1104 1176 lta
1124 1138 1221 1176 enim

259 1212 296 1235 se
310 1212 364 1236 res
377 1198 482 1236 babet
499 1215 508 1236 ι
523 1208 646 1252 parata
661 1197 804 1249 quidem
821 1207 872 1236 est
887 1199 944 1244 iis,
961 1199 1022 1249 qui
1034 1199 1126 1236 bona
1139 1213 1220 1250 ege-

258 1258 352 1306 rint,
369 1259 492 1310 ingens
506 1260 692 1297 retributio
705 1289 715 1305 ‚
734 1261 846 1310 major
858 1267 976 1297 autem
992 1273 1030 1296 ea
1046 1269 1096 1297 est
1111 1268 1221 1310 atque

257 1320 410 1366 auctior,
431 1319 568 1370 quoties
585 1319 630 1365 ii,
650 1319 710 1369 qui
727 1319 818 1356 bona
833 1327 1039 1370 operantur,
1060 1319 1218 1370 pericula

258 1380 563 1431 ignominiamque
575 1380 725 1417 multam
739 1378 904 1417 adierint.
918 1379 1070 1418 Etiamsi
1083 1378 1219 1417 bonum

257 1455 346 1492 opus
369 1441 505 1492 aequale
531 1441 576 1478 sit
603 1440 637 1478 in
658 1454 698 1478 eo
720 1440 780 1491 qui
805 1440 881 1478 sine
908 1440 1046 1487 labore,
1070 1449 1104 1479 et
1123 1440 1157 1478 in
1177 1455 1218 1479 eo

257 1501 318 1552 qui
339 1515 420 1539 cum
440 1501 561 1540 labore
582 1501 619 1539 id
642 1501 846 1554 perfecerit,
866 1501 1018 1539 honores
1044 1511 1160 1540 tamen
1184 1511 1219 1540 et

258 1576 395 1601 coronae
410 1577 510 1615 pares
529 1577 598 1601 non
614 1572 729 1601 erunt.
747 1564 839 1602 Nam
853 1572 888 1601 et
905 1563 940 1601 in
957 1563 1052 1601 bello
1070 1577 1218 1602 corona-

259 1632 319 1661 tur
337 1623 483 1674 quidem
506 1624 535 1661 is
550 1624 611 1676 qui
631 1632 804 1676 tropaeum
820 1624 951 1671 erexit3
973 1625 1084 1663 multo
1105 1624 1220 1676 magis

260 1693 377 1723 tamen
399 1685 428 1722 is
447 1685 507 1736 qui
529 1685 676 1724 vulnera
697 1699 770 1737 prce
787 1699 824 1723 se
843 1685 927 1732 sert,
958 1700 1021 1738 per
1042 1701 1122 1738 quae
1140 1696 1218 1725 tro-

262 1759 381 1797 paeum
407 1755 561 1784 erectum
588 1755 653 1784 est.
678 1745 778 1794 Quid
805 1755 923 1784 autem
944 1746 989 1784 de
1015 1747 1219 1787 viventibus

264 1807 408 1858 loquor,
433 1806 577 1858 quando
598 1816 630 1845 et
655 1806 679 1844 ii
701 1806 765 1858 qui
788 1806 855 1845 hoc
884 1816 1021 1845 tantum
1046 1807 1220 1847 dederunt

263 1867 408 1906 virtutis
425 1867 618 1915 indicium,
639 1877 679 1906 ut
702 1867 737 1906 in
755 1867 850 1906 bello
868 1869 1005 1908 fortiter
1025 1871 1220 1909 occumbe-

261 1937 352 1975 rent,
368 1927 531 1978 nihilque
545 1929 626 1980 plus
640 1927 869 1967 emolumenti
881 1930 955 1968 suis
966 1931 1222 1982 praestiterunt,

260 1996 439 2039 tamquam
451 1999 647 2027 servatores
657 1998 689 2026 et
702 1989 840 2041 patroni
851 2005 913 2042 per
924 2000 1031 2030 totam
1041 1992 1218 2031 Gra-ciam

260 2048 511 2087 celebrantur?
530 2050 670 2088 tametsi
689 2064 751 2088 vos
768 2050 844 2088 haec
862 2051 1034 2102 ignoratis
1047 2083 1057 2101 ‚
1079 2054 1165 2091 risui
1186 2063 1220 2091 et

258 2110 398 2148 deliciis
418 2124 557 2163 semper
583 2109 712 2149 dediti.
736 2110 842 2157 Quod
867 2112 895 2149 si
921 2113 1072 2163 gentiles
1097 2114 1217 2153 homi-

260 2184 341 2217 nes,
367 2171 530 2223 nihilque
555 2185 683 2209 sanum
710 2172 924 2218 sentientes,
953 2173 990 2211 id
1019 2175 1219 2227 conspicari

258 2242 449 2285 potuerunt
465 2261 476 2279 ,
520 2233 743 2284 summisque
785 2234 982 2273 honoribus
1011 2237 1217 2288 prosequuti

251 2303 341 2332 sunt
354 2309 411 2333 eos
424 2325 434 2343 ,
455 2295 516 2346 qui
535 2309 599 2348 pro
614 2309 650 2333 se
664 2295 851 2341 obierunt,
871 2296 1032 2348 nihilque
1047 2299 1218 2349 praestite-

259 2364 342 2393 runt
361 2355 527 2407 amplius,
547 2365 680 2407 quanto
700 2357 813 2407 magis
833 2356 996 2395 Christus
1011 2357 1078 2396 hoc
1097 2359 1218 2406 faciet,

258 2416 320 2466 qui
335 2429 474 2468 semper
487 2425 520 2453 et
536 2416 667 2467 ubique
678 2430 757 2465 eos,
774 2416 835 2467 qui
851 2427 994 2469 propter
1007 2432 1042 2456 se
1060 2419 1219 2471 pericula

256 2475 410 2524 adeunt,
439 2476 649 2528 largissimis
669 2477 772 2515 donis
799 2491 838 2515 ac
865 2478 1022 2529 praemiis
1046 2481 1219 2532 superat?

257 2538 379 2588 Neque
397 2538 490 2575 enim
513 2537 844 2589 persequutionibus
863 2548 1021 2589 tantum,
1043 2550 1104 2578 aut
1126 2556 1215 2581 ver-

257 2597 422 2645 beribus,
440 2608 501 2637 aut
516 2599 742 2645 carceribus,
765 2599 994 2651 czedibusque
1006 2630 1016 2648 ,
1035 2601 1095 2638 sed
1112 2603 1217 2641 etiam

258 2660 482 2697 contumeliis
498 2660 778 2711 convieiosisque
792 2661 925 2708 verbis,
941 2662 1087 2714 praemia
1100 2664 1219 2714 posuit

259 2721 426 2760 maxima.
451 2723 560 2759 Beati
581 2721 695 2767 enim,
721 2721 853 2773 inquit,
895 2726 1003 2761 erius
1030 2737 1116 2762 cum
1143 2739 1217 2764 vos

258 2783 404 2819 oderint
421 2783 614 2828 homines,
635 2791 670 2819 et
685 2797 771 2820 cum
796 2788 1056 2834 separaverint
1081 2799 1166 2834 vos,
1183 2795 1220 2824 et

259 2844 596 2893 exprobraverint,
625 2851 659 2880 el
680 2843 862 2893 ‹fsecerint
883 2858 1022 2882 nomen
1041 2855 1216 2884 vestrum

260 2912 456 2956 tamquam
489 2903 631 2940 malum
647 2933 656 2949 ‚
676 2913 831 2955 propter
857 2906 1002 2943 Filium
1032 2907 1214 2946 hominis.

263 2964 439 3000 Gaudete
458 2967 498 3000 in
518 2963 590 3000 illa
619 2964 681 3000 die
709 2972 743 3001 et
771 2965 1085 3005 exsulcaceaecce
1113 2971 1217 3006 enim

261 3038 402 3061 merces
426 3032 556 3061 vestra
575 3025 698 3061 multa
718 3033 773 3062 est
793 3028 834 3062 in
860 3027 976 3068 caelis,
1000 3028 1041 3067 Si
1059 3028 1168 3080 igitur
1186 3038 1220 3067 et

262 3085 332 3136 pati
352 3092 384 3121 et
399 3084 522 3121 audire
537 3085 646 3132 male,
666 3085 881 3137 patientibus
898 3088 1058 3140 maleque
1073 3089 1218 3128 audien-

264 3145 363 3184 tibus
392 3143 588 3181 mercedem
615 3155 738 3195 auget,
759 3147 818 3196 qui
847 3148 998 3199 impedit
1025 3151 1215 3200 quominus

695 205 734 239 8.
772 205 956 239 JOANNIS
991 204 1231 239 CHRYSOST.

306 3270 320 3291 b
340 3278 425 3308 ’'hl-W
442 3265 534 3297 ‹la-est
549 3267 579 3297 in
595 3264 725 3298 (luobus
744 3268 818 3299 ll-s.

303 3330 313 3341 .-
333 3319 402 3349 l)uo
420 3318 494 3349 3¹³⁵.
515 3323 742 3359 προσαχθέντα.
771 3321 858 3351 tutn-
880 3322 984 3354 savit.
1006 3332 1037 3354 et
1057 3336 1137 3355 uuus
1154 3323 1266 3358 (lodex

259 3375 352 3412 [ΠΙ-’,ω
369 3375 398 3403 «ζὶ
416 3376 642 3413 ι’ργνςιμιύοις.
665 3371 701 3401 ln
722 3369 810 3402 ticlit.
832 3373 932 3404 Morcl
952 3377 981 3406 ι’,ῐ
997 3374 1101 3407 deest.

1273 204 1478 238 Ancumt‘.
1517 203 1881 242 consummem·

1294 290 1477 335 στεύοντας
1513 293 1700 343 ἀναγκαῖον
1732 295 1841 331 εἰπεῖν
1854 307 1862 315 ·
1886 290 1999 330 καίτοι
2033 295 2123 343 ὑμᾶς
2153 292 2223 332 ἀπὸ
2248 293 2317 331 τῶν

1291 351 1473 403 παρόντων
1490 353 1662 396 κάκείνοις
1678 352 1852 391 πιστεύειν
1867 354 1975 405 ἐχρῆν
1993 367 2000 376 ·
2017 353 2109 401 πλὴν
2128 355 2206 392 ἀλλ’
2223 354 2318 397 ὅπως

1293 412 1334 450 ἂν
1353 413 1438 464 πρὸς
1454 413 1542 451 αὐτὰ
1562 414 1758 459 διάκεισθε,
1773 414 1951 466 εἰρήσεται
1966 418 2050 467 παρ’
2068 417 2184 467 ἡμῶν,
2204 416 2263 454 καὶ
2280 416 2318 453 οὗ

1291 474 1516 526 κεκρύψεται.
1537 475 1628 513 Τίνα
1655 470 1712 514 οῦν
1741 476 1838 514 ἔσται
1858 475 1902 512 τὰ
1921 478 1991 514 ἐκεῖ
2006 492 2015 523 ;
2032 475 2077 515 Ὁ
2110 476 2174 526 μὲν
2201 477 2318 520 ἄθλιος

1291 534 1350 572 καὶ
1369 535 1592 587 ταλαίπιιιρος
1616 537 1764 581 ἐκεῖνος,
1791 537 1937 588 αὐχμῶν
1971 536 2030 574 καὶ
2053 536 2228 587 κατηφὴς,
2259 539 2318 574 αἶ-

1294 595 1424 647 σχύνης
1455 596 1574 648 γέμων
1594 597 1654 634 καὶ
1674 597 1776 647 ζόφου
1803 598 1862 635 καὶ
1881 597 1978 635 κάτω
1996 597 2102 634 νεύων
2116 627 2125 643 ,
2151 597 2316 648 ἀπαχθή·

1293 672 1390 696 σεται
1417 656 1496 695 ἔνθα
1517 661 1535 696 ὁ
1554 657 1694 704 σκώληξ
1727 661 1745 696 ὁ
1778 657 2006 705 ἀτελεύτητος
2037 658 2096 695 καὶ
2130 657 2169 696 τὸ
2190 660 2259 708 πῦρ
2278 657 2319 696 τὸ

1293 717 1475 756 dcem-cov-
1488 721 1505 756 ὁ
1517 719 1550 756 δὲ
1565 719 1734 770 μακάριος
1749 720 1887 762 Παῦλος
1906 718 1994 768 μετὰ
2005 720 2139 765 πολλῆς
2153 719 2319 765 στήσεται

1292 781 1352 824 τῆς
1371 779 1570 831 παρρησίας
1599 781 1682 832 παρ’
1703 780 1803 818 αὐτὸν
1830 783 1890 817 τοῦ
1922 779 2096 830 βασιλέως
2115 779 2172 817 τὸν
2199 779 2318 831 θρόνον

1291 842 1463 891 λαμπρῶς
1478 840 1700 879 ἀποστίλὲων
1717 869 1726 886 ,
1745 842 1803 878 καὶ
1820 839 1919 885 δόξαν
1934 840 2170 892 ἠμφιεσμένος
2189 840 2321 879 τοσαύ-

1291 916 1367 948 την,
1381 903 1429 944 ὡς
1439 901 1547 950 μηδὲν
1567 904 1634 939 τῶν
1652 902 1807 952 ἀγγέλων
1824 901 1883 939 καὶ
1899 903 1967 939 τῶν
1983 901 2212 954 ἀρχαγγέλων
2230 903 2316 939 ἀπο-

1292 961 1375 1007 δεῖν,
1403 960 1461 999 καὶ
1489 966 1650 1000 τοσοῦτον
1682 962 1832 1013 λήψεται
1858 963 1917 1000 τὸν
1946 964 2090 1013 μισθὸν,
2126 962 2204 1000 ὅσον
2226 962 2317 1005 εἰκὸς

1488 1021 1505 1044 ¹²
1523 1025 1625 1073 σῶμα
1646 1023 1705 1061 καὶ
1715 1023 1779 1070 τὴν
1793 1023 1910 1075 ψυχὴν
1922 1027 1990 1062 τῶν
2008 1027 2058 1076 τῷ
2077 1026 2160 1076 Θεῷ
2178 1023 2319 1062 δοκούν-

1291 1098 1360 1120 των
1379 1083 1493 1122 ἕνεκεν
1515 1085 1690 1122 ἐπιδόντα.
1714 1085 1783 1122 Καὶ
1799 1083 1867 1135 γὰρ
1883 1084 1990 1128 οὕτως
2006 1085 2079 1136 ἔχει
2095 1101 2102 1108 ·
2119 1091 2232 1122 κεῖται
2253 1084 2318 1135 μὲν

1292 1022 1477 1075 ἄνθρωπον·

1291 1144 1403 1190 πολλὴ
1422 1151 1492 1188 τοῖς
1510 1145 1554 1183 τὰ
1574 1145 1689 1196 ἀγαθὰ
1711 1145 1952 1197 ἐργαζομένοις
1979 1145 2163 1192 ἀντίδοσις,
2188 1145 2315 1195 μείζων

1291 1204 1326 1242 δὲ
1350 1204 1438 1252 αὕτη
1466 1205 1524 1243 καὶ
1545 1204 1674 1243 πλείων
1693 1205 1839 1257 γίνεται,
1858 1207 1940 1244 ὅταν
1961 1206 2021 1244 καὶ
2049 1206 2107 1245 διὰ
2141 1206 2310 1245 κινδύνων

1291 1263 1371 1302 ἴωσι
1392 1265 1451 1302 καὶ
1484 1265 1627 1314 ἀτιμίας
1660 1267 1794 1311 πολλῆς
1824 1268 1855 1305 οἱ
1885 1270 1998 1304 ταῦτα
2027 1267 2251 1319 ἐργαζόμενοι
2273 1267 2318 1305 τὰ

1291 1325 1405 1374 ἀγαθά
1425 1340 1432 1348 ·
1445 1325 1509 1362 κᾶν
1529 1325 1568 1363 τὸ
1588 1326 1802 1378 κατόρθωμα
1819 1327 1891 1365 ἴσον
1913 1322 1936 1378 ᾗ
1954 1330 2005 1379 τῷ
2020 1343 2057 1365 τε
2077 1328 2240 1375 ἀπονητὶ,
2257 1328 2319 1366 καὶ

1290 1379 1443 1436 τῷμετὰ
1461 1385 1575 1424 πόνων
1597 1387 1680 1425 αὐτὸ
1702 1388 1960 1438 κατωρθωκότι,
1984 1387 2028 1426 τὰ
2047 1390 2110 1434 τῆς
2128 1391 2234 1439 τιμῆς
2256 1390 2320 1427 οὐκ

1291 1445 1390 1485 ἔσται
1421 1447 1481 1485 ἴσα
1510 1447 1570 1485 καὶ
1589 1447 1634 1485 τὰ
1655 1450 1726 1487 τῶν
1753 1448 1943 1500 στεφάνων.
1975 1448 2078 1487 Ἐπεὶ
2098 1449 2157 1487 καὶ
2191 1449 2227 1486 ἐν
2250 1453 2321 1491 τοῖς

1291 1508 1457 1559 πολέμοις
1474 1513 1706 1560 στεφανοῦται
1726 1508 1788 1559 μὲν
1804 1512 1822 1547 ὁ
1841 1509 2008 1560 τρόπαιον
2030 1509 2176 1556 στήσας,
2196 1511 2320 1561 πολλῷ

1291 1569 1327 1608 δὲ
1346 1569 1398 1607 ἔτι
1419 1570 1583 1619 μειζόνως
1610 1573 1628 1608 ὃ
1646 1570 1706 1608 καὶ
1732 1571 1775 1608 τὰ
1801 1571 1989 1622 τραύματα
2014 1571 2184 1615 ἐπιδεῖξαι
2203 1572 2294 1623 ἔχων
2310 1599 2320 1615 ,

1292 1630 1336 1669 δι’
1351 1625 1399 1668 ὧν
1414 1630 1628 1683 τὸτρόπαιον
1645 1630 1781 1677 ἔστησε.
1799 1632 1869 1670 Καὶ
1885 1631 1919 1669 τί
1934 1632 2026 1680 λέγω
2045 1631 2125 1683 περὶ
2145 1635 2214 1670 τῶν
2231 1632 2320 1676 ζών-

1292 1709 1360 1731 των
1377 1723 1385 1739 ,
1419 1691 1504 1731 ὅπου
1534 1708 1572 1744 γε
1599 1693 1659 1731 καὶ
1683 1695 1714 1731 οἳ
1741 1698 1841 1732 τοῦτο
1864 1693 1968 1744 μόνον
1998 1693 2251 1743 ἐπιδειξάμενοι
2281 1695 2321 1732 τὸ

1293 1755 1411 1797 καλῶς
1439 1757 1624 1792 ἀποθανεῖν
1648 1755 1682 1792 ἐν
1702 1754 1868 1807 πολέμῳ,
1899 1755 2007 1804 μηδὲν
2039 1754 2074 1793 δὲ
2097 1756 2217 1794 πλεῖον
2242 1753 2321 1799 τοὺς

1294 1815 1406 1852 αὐτῶν
1421 1814 1665 1866 ὠφελήσαντες
1680 1844 1690 1861 ,
1707 1814 1865 1867 καθάπερ
1882 1819 2038 1868 σωτῆρες
2053 1815 2113 1854 καὶ
2124 1816 2321 1868 προστάται

1292 1880 1474 1928 πανταχοῦ
1495 1878 1557 1922 τῆς
1577 1874 1749 1920 Ἑλλάδος
1778 1877 1942 1929 qao-amq
1964 1879 1995 1915 εἷ
2014 1877 2074 1915 καὶ
2093 1882 2202 1916 ταῦτα
2223 1880 2321 1928 ὑμεῖς

1294 1939 1461 1989 ἀγνοεῖτε,
1481 1940 1531 1988 τῷ
1545 1937 1674 1988 γέλωτι
1695 1938 1756 1975 καὶ
1775 1941 1818 1990 τῇ
1837 1941 1950 1990 τρυφῇ
1969 1939 2156 1982 διαπαντὸς
2175 1944 2189 1960 ⁰
2204 1954 2318 1990 προσ-

1294 1997 1492 2048 ανέχοντες
1509 1998 1552 2035 Ei
1573 1996 1608 2035 δὲ
1629 1996 1801 2044 Ἕλληνες
1818 1998 2006 2049 ἅνθρωποι,
2027 1997 2087 2036 καὶ
2103 1998 2211 2048 μηδὲν
2232 1998 2321 2042 ὅλως

1293 2058 1385 2109 ὑγιὲς
1422 2060 1639 2104 ἐννοοῦντες,
1673 2062 1773 2096 τοῦτο
1803 2058 2026 2106 ἠδυνήθησαν
2060 2059 2231 2109 συνιδεῖν,
2261 2059 2320 2096 καὶ

1294 2119 1406 2168 πολλῇ
1425 2117 1636 2166 τετιμήκασι
1665 2119 1707 2168 τῇ
1732 2121 1817 2168 τιμῇ
1843 2117 1918 2161 τοὺς
1949 2117 2185 2161 ἀποθανόντας
2217 2117 2319 2168 μόνον

1292 2177 1381 2229 ὑπὲρ
1415 2179 1529 2214 αὐτῶν
1545 2207 1555 2224 ,
1585 2177 1693 2226 μηδὲν
1723 2176 1758 2215 δὲ
1783 2177 2038 2229 ἐργασαμένους
2070 2178 2199 2224 πλέον,
2221 2179 2320 2232 πόσῳ

1294 2241 1426 2288 μᾶλλον
1446 2241 1464 2277 ὁ
1485 2238 1634 2290 Χριστὸς
1656 2242 1759 2276 τοῦτο
1781 2238 1966 2290 ἐργάσεται
1983 2266 1992 2284 ,
2009 2241 2027 2276 ὁ
2046 2243 2227 2291 πανταχοῦ
2242 2239 2320 2283 τοὺς

1294 2302 1336 2338 δι’
1359 2300 1460 2339 αὐτὸν
1481 2299 1740 2343 κινδυνεύοντας
1761 2302 1799 2338 ἐκ
1815 2302 1944 2338 πολλοῦ
1961 2302 2218 2354 τοῦπεριόντος
2244 2307 2321 2347 ταῖς

1295 2363 1362 2399 τῶν
1378 2363 1516 2413 δωρεῶν
1531 2362 1637 2398 νικῶν
1650 2360 1861 2408 ἀντιδόσεσι;
1873 2363 1926 2400 Οὐ
1940 2361 2009 2415 γὰρ
2024 2363 2186 2413 διωγμῶν
2200 2362 2320 2413 μόνον,

1294 2422 1368 2462 οὐδὲ
1390 2424 1554 2474 πληγῶν,
1573 2421 1649 2460 οὐδὲ
1667 2421 1917 2473 δεσμωτηρίων
1934 2422 1994 2461 καὶ
2015 2423 2126 2475 φόνων
2151 2422 2210 2462 καὶ
2231 2439 2321 2476 σφα-

1293 2485 1374 2534 γῆς,
1407 2481 1498 2521 ἀλλὰ
1527 2482 1586 2520 καὶ
1618 2482 1748 2534 ὕὸρεως
1770 2482 1876 2533 μόνης
1909 2483 1968 2521 καὶ
1997 2483 2164 2535 ῥημάτων
2194 2485 2318 2522 ὀνειδι-

1293 2545 1422 2582 στικῶν
1438 2542 1545 2582 πολὺν
1560 2542 1662 2590 ἔθηκε
1679 2543 1737 2581 τὸν
1752 2543 1886 2593 μισθόν.
1904 2543 2082 2594 Μακάριοι
2101 2543 2181 2595 γὰρ,
2197 2545 2318 2595 φησὶν,

1293 2604 1391 2651 ἐστὲ,
1410 2604 1494 2643 ὅταν
1523 2603 1720 2653 μισήσωσιν
1746 2606 1838 2653 ὑμᾶς
1867 2607 1898 2642 οἱ
1929 2604 2127 2656 ἅνθρωποι,
2159 2604 2218 2642 καὶ
2237 2605 2320 2644 ὅταν

1292 2663 1504 2715 ἀφορίσωσιν
1531 2666 1622 2715 ὑμᾶς
1651 2663 1710 2701 καὶ
1739 2663 1955 2710 ὀνειδίσωσι,
1992 2664 2052 2701 καὶ
2083 2664 2261 2703 ἐκὸάλωσι
2280 2666 2337 2705 τὸ,

1291 2726 1401 2774 ὄνομα
1420 2727 1519 2775 ὑμῶν
1539 2727 1586 2768 ὡς
1608 2723 1777 2775 πονηρὸν,
1791 2723 1904 2762 ἕνεκεν
1924 2727 1983 2762 τοῦ
2005 2726 2087 2763 Υἱοῦ
2103 2729 2161 2763 τοῦ
2180 2727 2319 2778 ἀνθρώ-ι

1293 2800 1379 2823 που·
1414 2785 1555 2838 χαίρετε
1590 2786 1624 2822 ἐν
1645 2783 1758 2835 ἐκείνῃ
1782 2787 1824 2832 τῇ
1849 2785 1966 2837 ἡμέρᾳ
1995 2785 2054 2823 καὶ
2075 2786 2288 2838 σκιρτήσατε
2310 2799 2317 2806 ·

1295 2839 1366 2883 ἰδοὺ
1399 2844 1466 2896 γὰρ
1499 2848 1516 2883 δ
1547 2844 1668 2896 μισθὸς
1704 2847 1802 2894 ὑμῶν
1829 2844 1936 2888 πολὺς
1965 2847 2000 2883 ἐν
2030 2849 2080 2898 τῷ
2098 2849 2244 2900 οὐρανῷ.
2279 2849 2321 2887 Εἰ

1293 2905 1407 2944 τοίνυν
1427 2904 1466 2942 τὸ
1494 2907 1611 2949 κακῶς
1630 2908 1754 2943 παθεῖν
1784 2905 1843 2944 καὶ
1870 2906 1909 2944 τὸ
1928 2908 2045 2949 κακῶς
2065 2910 2210 2946 ἀκοῦσαι
2241 2909 2319 2947 ἐπι·

1292 2968 1397 3007 τείνει
1415 2968 1473 3006 τὸν
1493 2969 1614 3019 μισθὸν
1641 2968 1701 3007 καὶ
1733 2974 1804 3011 τοῖς
1823 2969 1999 3020 πάσχουσι
2027 2970 2085 3008 καὶ
2115 2976 2185 3015 τοῖς
2214 2972 2321 3011 ἀκού-

1293 3045 1367 3068 ουσι
1400 3033 1536 3076 κακῶς,
1563 3030 1580 3065 ὃ
1609 3029 1751 3068 κωλύων
1785 3029 1907 3073 αὐτοὺς
1935 3035 2056 3070 παθεῖν
2084 3033 2142 3070 καὶ
2173 3034 2320 3073 ἀκοῦσαι

1293 3095 1431 3138 κακῶς,
1456 3092 1535 3143 οὐχὶ
1555 3091 1692 3135 τούτους
1711 3120 1721 3137 ,
1744 3091 1835 3130 ἀλλὰ
1854 3090 1931 3134 τοὺς
1957 3091 2120 3143 λέγοντας
2152 3093 2210 3130 καὶ
2243 3093 2320 3137 τοὺς

1291 3156 1475 3195 ποιοῦντας
1510 3153 1681 3204 ὠφέλησε.
1719 3151 1734 3172 ‘¹
1773 3151 1927 3194 Τούτους
1966 3152 2033 3203 γὰρ
2080 3153 2213 3204 {Gla-tw.
2256 3158 2320 3192 τοῦ

1344 3275 1360 3299 Ἰ
1377 3275 1431 3306 Sic
1450 3275 1525 3306 Mss.
1559 3274 1660 3308 savit.
1693 3282 1802 3305 nutem
1833 3282 1865 3305 rt
1895 3273 2011 3306 Mun-l.
2052 3277 2171 3313 τούτους
2198 3277 2228 3308 δὲ
2251 3279 2317 3310 ἴδ’).

1305 3325 1404 3358 Paulo
1434 3336 1509 3367 post
1534 3326 1632 3359 iidem
1658 3326 1733 3359 Mss.
1768 3336 1824 3360 τοι-ι
1854 3331 1951 3366 misy
1991 3334 2215 3370 σκιρτημάτων·
2253 3327 2314 3360 Alii

1305 3382 1434 3411 noZJ‘im.
