2549 3825
924 287 1154 319 ADVERSUS
1190 290 1384 320 JUDAEOS.
1427 285 1472 319 V.

2134 268 2223 332 755·

176 372 255 418 νιὴλ
280 373 421 414 πολλοῖς
455 372 564 410 ἔτεσιν
595 370 812 423 ἔμπροσθεν,
844 371 903 408 καὶ
938 371 1111 423 ἀνέγραψε
1149 371 1193 410 τὰ
1220 376 1245 405 D
1270 373 1405 423 quique
1423 372 1569 410 neclilii
1589 385 1653 410 nec
1670 372 1809 423 cognati
1825 379 1938 409 essent
1957 371 2024 421 ipsi
2051 384 2110 408 eos
2124 371 2224 408 mut-

175 433 405 484 γενησόμενα.

223 910 310 968 {spa
331 917 366 955 τί
395 918 514 956 τούτου
548 918 759 970 σαφέστερον
788 916 914 966 γένοιτ’
935 916 1000 962 ἄν;
1021 915 1119 968 εΏρα
1150 917 1191 962 δὴ

172 979 305 1025 λοιπὸν,
333 980 362 1015 εἰ
397 978 444 1028 μὴ
466 980 633 1028 δοκοῦμεν
655 979 844 1028 διενοχλεῖν
858 1007 866 1023 ,
889 979 944 1015 ἐπ’
966 977 1049 1015 αὐτὸ
1068 977 1106 1014 τὸ
1126 979 1193 1022 ζη-

171 1039 335 1088 τούμενον
349 1040 471 1085 ἐλθεῖν,
489 1037 554 1084 τὴν
568 1042 749 1090 παροῦσαν
769 1038 1033 1088 αἰχμαλωσίαν,
1056 1037 1116 1075 καὶ
1129 1038 1192 1083 τὴν

168 1100 325 1139 δουλείαν
338 1100 468 1147 ταύτην
486 1101 596 1147 δὲτὴν
612 1101 778 1152 σήμερον,
799 1102 842 1138 δι’
862 1101 902 1147 ἣν
919 1101 1058 1138 ἅπαντα
1081 1104 1193 1138 ταῦτα

166 1162 392 1212 ἓκινήσαμεν.
411 1161 514 1200 Ἀλλὰ
533 1162 744 1208 διανάστητέ
764 1165 910 1211 μοινῧν·
929 1161 1006 1200 οὐδὲ
1020 1162 1088 1213 γὰρ
1105 1161 1192 1215 ὑπὲρ

165 1225 235 1260 τῶν
267 1223 443 1274 τυχόντων
473 1226 559 1272 ἡμῖν
589 1226 607 1260 ὁ
636 1222 741 1273 ἀγών.
777 1223 844 1261 Καὶ
876 1222 943 1274 γὰρ
978 1222 1126 1268 ἄτοπον,
1155 1225 1191 1261 ἐν

163 1285 420 1333 Ὀλυμπιακοῖς
458 1283 521 1333 μὲν
557 1284 776 1334 καθημένους
810 1284 951 1334 *ἀγῶσι
995 1285 1033 1321 ἐκ
1073 1284 1189 1334 μέσων

164 1347 297 1383 νυκτῶν
327 1346 374 1388 εἰς
396 1344 620 1397 μεσημὸρίαν
643 1344 753 1395 μέσην
783 1349 983 1397 καρτερεῖν,
1004 1345 1190 1395 ἀναμένον-

162 1421 226 1449 τας
258 1407 342 1443 ἰδεῖν
383 1409 430 1448 εἷς
459 1405 538 1443 τίνα
575 1409 592 1444 ὃ
626 1405 792 1455 στέφανος
819 1406 1091 1457 περιστήσεται,
1130 1408 1190 1446 καὶ

163 1469 278 1518 γυμνῇ
296 1469 340 1518 τῇ
369 1467 503 1518 κεφαλῇ
527 1466 659 1519 θερμὴν
680 1466 843 1518 δέχεσθαι
871 1467 935 1514 τὴν
969 1471 1113 1517 ἀκτῖνα,
1130 1470 1190 1507 καὶ

165 1528 214 1578 μὴ
243 1528 412 1581 πρότερον
443 1528 674 1580 ἀφίστασθαι,
711 1528 774 1571 ἕως
805 1528 845 1566 ἂν
879 1529 995 1580 κρίσιν
1023 1529 1068 1568 τὰ
1095 1532 1190 1581 ἀγω-

164 1589 320 1641 νίσματα
358 1588 449 1640 λοίὸῃ
476 1604 484 1612 ·
507 1594 565 1627 νῦν
599 1589 634 1627 δὲ
671 1593 759 1640 ἡμῖν
796 1591 860 1641 οὐχ
893 1590 980 1641 ὑπὲρ
1019 1591 1188 1643 στεφάνου

162 1651 334 1699 τοιούτου,
357 1651 433 1688 ἀλλ’
455 1649 542 1701 ὑπὲρ
562 1653 622 1688 τοῦ
639 1653 702 1696 τῆς
718 1650 912 1702 ἀφθαρσίας
930 1652 1100 1703 στεφάνου
1120 1654 1188 1690 τῶν

164 1712 309 1763 ἀγώνων
328 1712 456 1759 ὄντων,
473 1711 660 1749 ἐκλύεσθαι
680 1711 740 1749 καὶ
762 1714 1009 1763 ταλαιπωρεῖν.
1029 1712 1112 1751 ‘'O-cz
1126 1713 1188 1761 μὲν

172 1767 229 1811 οῧν
251 1775 287 1810 αἱ
308 1779 402 1825 τρεῖς
430 1772 784 1827 προανηγορεύθησαν
806 1773 1070 1824 αἰχμαλωσίαι,
1086 1777 1108 1821 ἡ
1127 1774 1188 1824 μὲν

166 1833 377 1887 τετρακόσια
409 1834 470 1881 ἔτη
500 1833 654 1886 ἔχουσα,
677 1838 699 1881 ἡ
733 1834 770 1873 δὲ
802 1834 1067 1883 ἓῧδομήκοντα,
1100 1839 1122 1882 ἡ
1154 1835 1189 1873 δὲ

163 1893 268 1947 ατρία
288 1895 348 1934 καὶ
365 1895 497 1945 ἥμισυ,
517 1899 617 1934 τοῦτο
633 1896 762 1939 ἱκανῶς
783 1897 936 1934 ἐντεῦθεν
953 1899 1039 1946 ἡμῖν
1063 1895 1189 1934 ἀποδέ-

165 1958 311 1995 δεικται.
321 1957 418 2007 Φέρε
431 1957 472 2003 δὴ
488 1957 610 1995 λοιπὸν
626 1957 686 1994 καὶ
699 1956 779 2008 περὶ
791 1957 920 2004 ταύτης
934 1956 1120 2008 εἴπωμενῖ
1157 1973 1189 1994 τι

164 2017 232 2069 γὰρ
251 2017 311 2055 καὶ
329 2018 410 2069 περὶ
427 2016 557 2064 ταύτης
576 2017 865 2070 προανεφώνησεν
886 2022 903 2056 ὁ
917 2019 1110 2070 προφήτης,
1131 2019 1191 2056 αὐ-

165 2079 223 2117 τὸν
237 2083 356 2117 τοῦτον
369 2079 476 2118 πάλιν
497 2078 693 2130 παρέξομαι
715 2080 877 2131 μάρτυρα
897 2080 955 2118 τὸν
970 2079 1187 2127 Ἰώσηππον,

1270 436 1315 472 tis
1345 433 1446 472 annis
1476 443 1684 485 regnaturos
1716 434 1750 471 in
1767 434 1852 471 orbe
1870 442 2059 470 terrarum.
2090 431 2148 469 Ex
2169 431 2224 468 his

1269 509 1394 533 rursus
1429 496 1653 533 exoriturum
1679 508 1798 546 regem
1827 493 2018 545 quemdam
2034 522 2043 540 ,
2061 493 2125 544 qui
2161 507 2225 530 ex-

1268 565 1489 606 pugnaturus
1528 565 1615 593 esset
1650 565 1684 593 et
1702 556 1795 606 leges
1814 555 1914 592 itlius
1946 553 2071 605 gentis,
2086 562 2120 591 et
2142 553 2226 590 reli-

1269 616 1409 665 gionem
1429 631 1470 654 ac
1488 617 1579 654 ritus
1597 617 1818 662 sublaturus,
1842 625 1918 653 tum
1935 615 2123 665 sacrilegio
2142 629 2225 667 spo-

1268 676 1421 714 liaturus
1437 678 1611 728 templum
1630 706 1639 723 ‚
1661 691 1702 714 ac
1727 677 1921 714 triennium
1947 677 2122 713 vetiturus
2145 676 2226 713 fieri

1270 750 1380 774 saera.
1399 739 1484 776 Haec
1503 752 1584 775 sane
1598 747 1723 775 nostrae
1735 738 1830 787 genti
1843 738 1917 787 jam
1928 738 2000 788 pati
2018 737 2168 787 contigit
2180 738 2225 774 ab

1270 798 1447 835 Antiocho
1479 798 1681 849 Epipliane,
1704 799 1794 836 sicut
1827 797 1954 836 Daniel
1987 798 2111 835 multis
2146 807 2227 836 ante

1271 858 1372 896 annis
1391 859 1572 910 praedixit,
1591 859 1804 910 scripsitque
1822 868 2008 896 eventura.

1324 919 1361 956 9.
1384 922 1459 970 Age
1479 919 1568 970 quid
1587 919 1643 957 his
1662 919 1772 971 possit
1785 933 1858 957 esse
1876 919 2076 957 evidentius
2092 921 2108 957 ‚³
2123 922 2228 958 Nunc

1271 988 1410 1031 tempus
1433 989 1498 1028 est,
1521 980 1588 1018 nisi
1607 980 1775 1018 videmur
1791 993 1864 1017 esse
1883 979 2045 1026 molesti,
2062 990 2101 1017 ut
2120 981 2167 1019 ad
2190 981 2227 1019 id

1270 1040 1368 1091 quod
1397 1042 1624 1091 quaerebatur
1642 1051 1885 1089 revertamur,
1906 1041 1998 1080 hanc
2020 1052 2225 1093 praesentem

1270 1103 1512 1152 captivitatem
1526 1116 1567 1139 ac
1580 1102 1786 1140 servitutem
1799 1101 2229 1156 hanchodiernam‚cujus

1270 1163 1381 1213 gratia
1395 1163 1470 1200 haec
1486 1164 1602 1201 omnia
1621 1164 1817 1201 movimus.
1834 1163 1996 1214 Agedum
2013 1164 2124 1215 igitur
2133 1179 2228 1203 nunc

1268 1223 1508 1273 vigilantibus
1530 1224 1658 1262 animis
1679 1224 1876 1262 auscultate
1893 1238 1901 1261 :
1919 1238 1989 1262 non
2009 1225 2105 1264 enim
2123 1226 2227 1264 nobis

1267 1297 1333 1335 pro
1368 1285 1473 1322 rebus
1492 1285 1706 1335 vulgaribus
1726 1294 1900 1323 certamen
1923 1295 1988 1324 est.
2015 1286 2227 1325 Absurdum

1266 1344 1360 1382 enim
1384 1346 1490 1384 fuerit
1508 1346 1597 1384 alios
1611 1346 1865 1384 certaminibus
1880 1346 2073 1385 assidentes
2091 1348 2226 1399 Olym-

1266 1406 1377 1457 piacis
1387 1421 1405 1444 a
1418 1407 1534 1445 media
1546 1416 1646 1445 nocte
1662 1422 1771 1458 usque
1784 1407 1828 1444 ad
1842 1407 2028 1445 meridiem
2040 1409 2222 1460 perdura—

1266 1482 1315 1515 re,
1334 1479 1576 1521 exspectantes
1594 1479 1634 1507 ut
1656 1469 1797 1508 videant
1819 1471 1876 1507 cui
1896 1484 2036 1507 cessura
2055 1471 2101 1508 sit
2124 1485 2223 1509 coro-

1266 1542 1322 1575 na,
1340 1529 1507 1580 nudoque
1523 1530 1638 1582 capite
1656 1530 1821 1582 excipere
1838 1529 1971 1568 calidos
1988 1531 2072 1569 solis
2088 1531 2224 1579 radios,

1264 1603 1330 1628 nec
1356 1591 1457 1642 prius
1477 1590 1666 1629 abscedere
1683 1620 1692 1638 ,
1709 1605 1815 1641 quam
1836 1590 1881 1629 de
1902 1592 2096 1630 certamine
2117 1593 2225 1631 fuerit

1265 1652 1537 1703 pronuntiatum
1564 1669 1571 1688 :
1595 1666 1658 1690 nos
1690 1666 1776 1690 vero
1801 1665 1894 1690 nunc
1914 1681 1923 1698 ,
1946 1666 2027 1690 cum
2049 1662 2223 1692 certamen

1266 1712 1312 1749 sit
1332 1725 1402 1749 non
1423 1727 1487 1763 pro
1506 1713 1569 1750 tali
1591 1727 1733 1761 corona,
1753 1713 1813 1750 sed
1831 1728 1896 1765 pro
1915 1727 2046 1751 corona
2074 1715 2223 1752 immor-

1265 1772 1344 1819 tali,
1362 1773 1548 1824 defatigari
1568 1788 1607 1812 ac
1627 1774 1733 1811 taedio
1752 1774 1861 1811 affici.
1887 1774 2009 1824 ltaque
2039 1775 2135 1825 quod
2154 1785 2225 1814 tres

1265 1834 1490 1886 captivitates
1515 1834 1693 1886 praedictae
1712 1835 1844 1872 suerint
1870 1845 2057 1886 antequam
2085 1836 2225 1874 accide-

1266 1906 1359 1947 rent7
1382 1911 1452 1934 uua
1487 1912 1567 1948 quae
1590 1911 1701 1935 annos
1722 1896 1876 1934 habebat
1911 1898 2190 1949 quadringentos
2213 1929 2222 1946 ‚

1266 1958 1374 1995 altera
1405 1958 1627 2011 septuaginta
1644 1988 1653 2004 ‚
1673 1958 1774 1996 tertia
1803 1967 1873 1995 tres
1900 1972 1941 1996 ac
1970 1959 2223 2004 dimidiatum,

1265 2019 1436 2058 hactenus
1453 2021 1538 2058 satis
1558 2029 1609 2058 est
1627 2020 1730 2058 nobis
1751 2018 2049 2059 demonstratum.
2070 2023 2147 2071 Age
2166 2034 2224 2058 su-

1264 2090 1380 2133 perest
1395 2090 1433 2119 ut
1462 2090 1495 2118 et
1513 2080 1558 2119 de
1580 2081 1648 2119 hac
1668 2080 1873 2131 loquamur.
1888 2080 1995 2126 Quod
2014 2081 2110 2119 enim
2128 2090 2161 2119 et
2180 2081 2226 2119 de

165 2140 223 2178 τὸν
240 2141 286 2178 τὰ
307 2138 446 2178 ἐκείνων
466 2145 672 2192 φρονοῦντα.
699 2141 844 2187 Ἐπειδὴ
860 2141 927 2193 γὰρ
947 2135 1040 2179 εἶπεν
1055 2143 1185 2186 ἐκεῖνα,
1204 2182 1242 2206 6'·
1267 2145 1332 2180 hac
1351 2144 1572 2181 vaticinatus
1604 2143 1650 2180 sit
1681 2142 1854 2195 propheta
1872 2172 1882 2190 ,
1904 2157 2031 2181 rursus
2060 2143 2224 2181 eumdem

166 2202 313 2240 ἄκουσον
336 2201 372 2239 τί
390 2217 475 2253 φησι
506 2201 596 2252 μετὰ
616 2205 726 2239 ταῦτα
741 2214 749 2222 ·
766 2202 838 2240 Τὸν
869 2201 970 2239 αὐτὸν
991 2201 1027 2240 δὲ
1059 2201 1187 2253 τρόπον
1214 2191 1240 2248 K
1264 2204 1460 2256 ,losephum
1475 2204 1699 2242 adducamus
1719 2213 1860 2252 testem,
1877 2204 1937 2254 qui
1956 2218 2037 2241 cum
2056 2204 2129 2243 illis
2143 2206 2225 2253 (Ju-

165 2261 301 2308 Δανιὴλ
319 2261 378 2300 καὶ
396 2262 477 2314 περὶ
497 2265 559 2308 τῆς
576 2261 767 2312 Ἱ)ωμαίων
785 2262 974 2313 ἡγεμονίας
994 2262 1165 2314 ἀνέγραψε
1178 2293 1188 2310 ,

166 2322 225 2360 καὶ
243 2322 297 2361 ὅτι
326 2324 384 2361 ὑπ’
407 2325 520 2361 αὐτῶν
553 2322 774 2375 αἱρεθήσεται
799 2322 844 2360 τὰ
864 2322 1109 2374 Ἱεροσόλυμα,
1129 2324 1188 2362 καὶ

167 2387 185 2421 ὃ
215 2384 294 2427 ναὸς
317 2383 600 2435 ἐρημωθήσεται.
625 2382 677 2421 Σὺ
704 2383 741 2421 δέ
761 2399 820 2434 μοι
836 2384 976 2430 σκόπει,
993 2387 1040 2428 ὥς
1069 2387 1097 2422 εἷ
1128 2385 1188 2423 καὶ

165 2444 333 2488 Ἰουδαῖος
359 2439 400 2491 ἦν
430 2447 448 2482 ὁ
480 2443 568 2496 ἀνὴρ
593 2447 611 2482 ὁ
631 2448 742 2482 ταῦτα
767 2443 922 2496 γράψας,
944 2446 1021 2483 ἀλλ’
1050 2441 1107 2484 οῧν
1127 2448 1188 2484 οὐκ

165 2505 334 2557 ἠνέσχετο
351 2505 414 2552 τὴν
443 2505 615 2556 ὑμετέραν
641 2507 798 2551 ζηλῶσαι
823 2505 1045 2556 φιλονεικίαν.
1068 2506 1189 2545 Εἰπὼν

165 2566 233 2617 γὰρ
253 2566 305 2604 ὅτι
330 2567 552 2619 αἱρεθήσεται
582 2565 627 2604 τὰ
647 2564 898 2616 Ἱεροσόλυμα,
927 2569 988 2604 οὐκ
1014 2566 1188 2617 ἐτόλμησε

164 2630 366 2678 προσθεῖναι
398 2627 458 2666 καὶ
474 2629 582 2666 εἰπεῖν
595 2656 607 2673 ,
625 2626 678 2665 ὅτι
697 2627 934 2673 ἀναστήσεται
961 2626 1087 2673 πάλιν,
1111 2628 1187 2666 οὐδὲ

164 2687 288 2740 χρόνον
309 2688 442 2742 γράψαι
472 2688 714 2741 διωρισμένον·
735 2690 811 2726 ἀλλ’
829 2688 950 2736 ἐπειδὴ
981 2692 1114 2727 συνεῖδε
1131 2691 1188 2729 τὸν

165 2750 347 2802 προφήτην
391 2753 455 2802 οὐχ
486 2749 652 2799 ὁρίσαντα
688 2749 836 2801 χρόνον,
879 2749 993 2787 καίτοι
1026 2751 1189 2802 ἀνωτέρω

165 2809 272 2848 εἰπὼν
302 2810 360 2849 ἐπὶ
387 2813 449 2856 τῆς
478 2810 654 2863 Ἀντιόχου
675 2810 772 2856 νίκης
809 2810 868 2848 καὶ
896 2814 957 2857 τῆς
979 2811 1189 2862 ἐρημώσεως

165 2871 224 2909 καὶ
246 2872 379 2924 ἡμέρας
403 2872 463 2910 καὶ
480 2872 556 2918 ἔτη,
574 2872 640 2911 ὅσα
660 2873 804 2922 ἔμελλεν
821 2875 842 2918 ἡ
859 2873 1083 2924 αἰχμαλωσία
1104 2889 1189 2924 κρα-

165 2939 251 2981 τεῖν,
266 2933 323 2971 ἐπὶ
336 2936 399 2980 τῆς
411 2933 600 2984 Ῥωμαίων
623 2934 685 2985 μὲν
701 2934 798 2972 οὐδὲν
814 2939 968 2973 τοιοῦτον
989 2928 1095 2973 εἶπεν·
1113 2937 1189 2976 ἀλλ’

164 2993 218 3032 ὅτι
242 2993 304 3044 μὲν
324 2994 593 3044 ἐρημωθήσεται
625 2995 669 3033 τὰ
700 2994 929 3047 Ἱεροσόλυμα
950 2995 1008 3033 καὶ
1037 2998 1054 3032 ὁ
1087 2998 1186 3041 ναὸς,

164 3054 334 3106 ἔγραψεν,
353 3054 406 3093 ὅτι
434 3055 470 3093 δὲ
506 3055 673 3103 στήσεταί
702 3071 769 3094 που
802 3055 846 3094 τὰ
865 3059 926 3102 τῆς
956 3056 1188 3107 ἐρημώσεως,

165 3115 227 3152 οὐκ
250 3114 301 3153 ἔτι
333 3114 570 3167 προσέθηκεν,
600 3117 675 3155 ἐπεὶ
709 3116 797 3167 μηδὲ
830 3117 888 3154 τὸν
908 3117 1090 3168 προφήτην
1121 3111 1187 3156 εἶδε

163 3179 264 3214 τοῦτο
281 3180 488 3228 προσθέντα,
513 3179 635 3216 Ταῦτα
661 3176 696 3216 δὲ
726 3177 841 3215 πάντα
856 3207 865 3223 ,
888 3177 991 3228 φησὶ,
1008 3182 1067 3215 τοῦ
1095 3182 1186 3217 (θεοῦ

164 3235 332 3280 δείξαντος
360 3238 474 3288 αὐτῷ,
511 3237 713 3291 συγγράψας
747 3238 953 3286 κατέλιπεν,
987 3236 1077 3276 ὥστε
1110 3238 1186 3282 τοὺς

166 3296 465 3348 ἀναγινώσκοντας
505 3298 565 3337 καὶ
603 3299 647 3338 τὰ
683 3299 920 3350 συμθαίνοντα
972 3303 1186 3344 σκοποῦντας

166 3356 352 3407 θαυμάζειν
372 3358 430 3396 ἐπὶ
461 3362 504 3410 τῇ
536 3360 631 3411 παρὰ
651 3365 711 3399 τοῦ
740 3362 832 3398 Θεοῦ
851 3362 936 3411 τιμῇ
957 3359 1014 3398 τὸν
1034 3363 1182 3409 Δανιήλ-

216 3463 231 3479 “
251 3462 429 3507 {sinsin-il.
443 3463 562 3497 Mutus.
580 3463 745 3510 θεάτροις.1

386 3522 483 3545 TUM.
518 3522 544 3547 Ι.

1217 2954 1238 2983 l}

1263 2265 1365 2312 daeis)
1384 2265 1502 2303 sentit.
1534 2267 1724 2316 Postquam
1756 2265 1850 2302 enini
1875 2265 1937 2303 itta
1959 2264 2116 2314 dixerat,
2138 2266 2221 2304 audi

1263 2325 1348 2376 quid
1364 2335 1440 2377 post
1455 2325 1623 2378 subjiciat
1640 2344 1646 2362 :
1663 2325 1800 2363 Eodem
1820 2334 1954 2371 autem,
1971 2326 2099 2378 iuquit,
2111 2328 2224 2365 modo

1264 2386 1391 2424 Daniel
1412 2385 1508 2424 etde
1542 2388 1784 2423 Romanorum
1822 2387 2022 2437 principatu
2051 2388 2222 2439 scripsit,

1263 2447 1431 2498 quodque
1450 2447 1496 2484 ab
1524 2447 1596 2484 iltis
1615 2446 1772 2484 tollenda
1793 2455 1882 2483 esset
1914 2447 2137 2498 Jeros'olytua
2157 2478 2166 2495 ,
2181 2462 2224 2487 ac

1264 2507 1499 2546 desolandum
1518 2508 1705 2560 templum.
1730 2507 1788 2544 Tu
1811 2520 1896 2543 vero
1911 2507 1999 2545 illud
2020 2509 2108 2545 mihi
2130 2524 2220 2547 eon·

1265 2569 1378 2608 sidera
1398 2600 1407 2617 ,
1430 2569 1525 2620 quod
1558 2568 1696 2605 tametsi
1723 2567 1870 2606 Judaeus
1901 2577 1988 2605 esset
2019 2568 2048 2605 is
2065 2570 2125 2619 qui
2146 2570 2221 2608 lime

1265 2631 1420 2683 scripsit,
1444 2640 1558 2668 tamen
1579 2630 1711 2667 veritus
1728 2638 1779 2666 est
1809 2638 1958 2666 vestram
1982 2630 2113 2668 inuitari
2135 2645 2222 2683 per-

1264 2692 1451 2731 vicaciam.
1478 2691 1618 2729 Etenim
1640 2704 1720 2728 etun
1745 2689 1919 2733 dixisset,
1941 2691 2219 2730 subvertendam

1263 2768 1337 2792 esse
1356 2753 1617 2804 Jerusolyuuuu
1634 2782 1643 2800 ‚
1670 2766 1737 2789 uun
1758 2766 1864 2789 ausus
1882 2761 1931 2788 est
1951 2751 2084 2789 addere
2098 2783 2106 2798 ‚
2122 2754 2218 2803 quod

1263 2823 1351 2852 esset
1372 2813 1586 2850 restituenda
1605 2843 1613 2856 ‚
1633 2827 1744 2864 neque
1764 2822 1902 2864 tenipus
1917 2812 2061 2863 aliquod
2081 2823 2218 2852 eertum

1264 2874 1511 2927 pumen-ibere:
1552 2873 1611 2911 sed
1640 2874 1807 2924 ‹putuiaut
1840 2873 1970 2910 seielmt
2007 2873 2218 2926 prophetui!

1265 2951 1331 2973 uuu
1372 2935 1566 2987 'inuetitum
1596 2944 1735 2986 teinpus
1752 2963 1762 2979 ,
1798 2947 2014 2984 quamquam
2054 2936 2219 2987 superius

1263 3011 1430 3034 euarraus
1449 2995 1613 3033 Antiochi
1634 2995 1820 3032 victui-utut
1837 3009 1875 3031 ιιι·
1894 2995 2162 3040 desolationem,
2184 3008 2217 3035 et

1261 3058 1337 3095 ‹tit-s.
1356 3066 1388 3094 et
1409 3071 1520 3094 nunus
1540 3064 1759 3108 expresserat
1780 3085 1788 3097 ,
1810 3064 1895 3105 quot
1917 3055 2106 3107 eaptivitas
2128 3067 2217 3095 esset

1261 3119 1432 3156 duratura
1458 3133 1465 3154 ι
1489 3116 1534 3154 de
1552 3116 1698 3154 vit-turia
1720 3117 1962 3154 nonunt-»rum
1981 3117 2070 3154 nihil
2092 3117 2216 3156 istius—

1263 3180 1358 3218 tundi
1375 3180 1542 3230 loquutus
1556 3187 1625 3215 est:
1644 3176 1703 3214 sut
1719 3177 1813 3228 quod
1828 3186 1914 3215 esset
1934 3178 1967 3215 iu
1986 3178 2216 3218 solitudinem

1262 3240 1450 3290 redigenda
1469 3239 1705 3291 ,lerosolyuuu
1721 3239 1963 3291 tetupluutque
1981 3239 2214 3286 dirueudutm

1261 3311 1427 3339 ‹·.·t·tt·t·ttttt
1461 3299 1555 3352 quod
1589 3309 1674 3337 esset
1704 3299 1898 3351 uliquaudo
1939 3310 2108 3339 tenturus
2135 3302 2216 3340 sutis

1261 3361 1489 3399 desolationis
1509 3374 1576 3398 uon
1607 3360 1775 3405 addidit,
1810 3374 1850 3398 eo
1878 3360 1975 3412 quod
2007 3361 2144 3401 videret
2175 3376 2218 3400 ue

1252 3468 1264 3485 ¹¹
1289 3469 1350 3499 Sex
1371 3468 1445 3501 mss.
1465 3474 1546 3512 epia.
1565 3472 1612 3501 καὶ
1630 3475 1718 3508 μόνον
1733 3473 1822 3502 τοῦτο
1839 3473 1962 3504 ἱκανῶς.

1984 3516 2033 3552 50
