2549 3825
667 274 725 305 AD
761 273 1003 308 STAGIRIUM
1039 278 1066 309 A
1102 278 1297 309 DAEMONE
1333 278 1571 308 VEXATUM.

217 359 356 398 ἐκεῖθεν.
373 358 418 396 Εἰ
444 358 506 408 μὲν
538 356 604 409 γὰρ
624 358 780 409 αἰσχρῶς
809 357 867 395 καὶ
888 358 1030 402 ἀσώτως
1059 360 1118 398 τὸν
1138 360 1231 411 πρό-

216 433 314 470 τερον
336 417 410 468 βίον
432 416 547 468 βιοὺς,
576 416 684 460 οὕτως
700 416 758 454 ἐπὶ
777 415 841 462 τὴν
862 419 931 455 τῶν
952 421 1115 469 μοναχῶν
1132 421 1231 457 πολι·

215 478 311 516 τείαν
331 477 526 528 μετέθηκας
543 477 706 525 σεαυτὸν,
723 470 765 523 ῆν
797 476 859 527 μὲν
886 476 963 515 οὐδὲ
981 476 1073 515 οὕτω
1101 477 1231 524 ταύτην

215 540 431 577 ὑποπτεῦσαι
456 537 519 585 τὴν
546 536 712 590 ὑποψίαν.
743 538 787 575 Εἰ
813 536 882 590 γὰρ
905 536 962 575 διὰ
989 540 1092 576 τοῦτο
1111 538 1234 589 ἐπάγει

213 597 276 642 τὰς
293 597 464 649 τιμωρίας
477 600 496 635 6
513 597 620 645 Θεὸς,
638 597 696 635 ἵνα
715 596 825 649 τρέψῃ
845 597 930 648 πρὸς
951 597 1137 648 μετάνοιαν
1155 597 1234 642 τοὺς

215 658 404 702 ἀνενδότως
419 658 573 710 ἔχοντας,
590 661 651 704 τῆς
672 657 855 708 μετανοίας
871 658 1140 710 ἐπιδειχθείσης,
1165 673 1234 696 πε-

218 719 317 770 ριττὰ
332 719 452 758 λοιπὸν
471 719 516 758 τὰ
532 723 594 765 τῆς
613 718 785 772 τιμωρίας
803 719 925 758 τούτου
948 735 989 770 γε
1013 718 1128 759 ἕνεκέν
1147 721 1233 757 ἐστι.

215 781 390 818 Τοσοῦτον
409 779 477 832 γὰρ
503 780 628 831 ἀπέχει
644 784 704 818 τοῦ
722 781 904 830 βούλεσθαι
921 779 1081 824 κολάζειν
1107 783 1201 830 ἡμᾶς
1217 783 1235 818 6

215 840 323 886 Θεὸς,
341 843 387 883 ὡς
412 840 471 878 καὶ
492 840 661 883 πολλάκις
680 840 852 893 τιμωρίας
887 839 966 883 ἄξια
991 836 1232 891 πράττοντας,

215 901 274 939 καὶ
294 902 426 946 πολλῆς
444 901 624 952 δεομένους
641 903 872 952 ἐπιστροφῆς,
898 901 942 938 δι’
966 901 1114 947 ἀπειλῆς
1131 900 1233 951 μόνον

215 961 274 999 καὶ
304 961 468 1013 ῥημάτων
495 961 650 1014 φοὲερῶν
672 961 893 1014 σωφρονίζειν
913 964 1022 1011 ἡμᾶς.
1042 960 1113 998 Καὶ
1133 965 1234 1001 τοῦτο

214 1022 298 1065 ἴδοις
315 1021 354 1060 ἂν
374 1021 433 1060 ἐπί
452 1038 490 1060 τε
511 1026 572 1060 τοῦ
592 1021 756 1074 Ἰσραὴλ,
785 1022 844 1061 ἐπί
866 1038 903 1060 τε
922 1025 984 1069 τῆς
1012 1021 1147 1065 πόλεως
1164 1024 1233 1060 τῶν

214 1083 244 1121 Ν
251 1084 419 1120 ινευιτῶν.
438 1084 490 1121 Οὐ
505 1081 574 1136 γὰρ
593 1082 695 1132 μόνον
709 1083 772 1129 τὴν
790 1081 962 1135 τιμωρίαν
983 1084 1044 1120 οὐκ
1064 1082 1234 1134 ἐπήγαγε,

212 1142 276 1191 τὴν
300 1143 486 1192 μετάνοιαν
506 1142 775 1193 ἐπιδειξαμένων
801 1142 962 1191 ἐκείνων,
985 1143 1075 1181 ἀλλὰ
1093 1143 1153 1180 καὶ
1171 1143 1236 1190 τὴν

214 1203 362 1250 ἀπειλὴν
383 1202 506 1247 εὐθέως
533 1203 644 1242 ἔλυσε.
665 1204 794 1255 Πολλῷ
825 1203 893 1256 γὰρ
912 1205 1013 1253 ἡμῶν
1034 1205 1155 1252 ῥαὐτῶν
1178 1206 1237 1242 αὐ-

213 1264 271 1307 τὸς
303 1264 461 1315 βούλεται
490 1265 622 1317 μᾶλλον
658 1263 766 1314 μηδὲν
796 1266 891 1313 ἡμᾶς
917 1263 1068 1315 πάσχειν
1099 1263 1234 1310 κακὸν,

214 1324 274 1362 καὶ
306 1324 416 1367 οὐδεὶς
448 1324 556 1367 οὕτως
590 1326 714 1362 ἑαυτοῦ
746 1323 895 1375 φείσαιτ’
928 1323 967 1362 ἂν
981 1353 990 1370 ,
1019 1326 1066 1367 ὡς
1096 1324 1237 1362 πάντων

214 1387 315 1435 ἡμῶν
331 1387 349 1422 6
366 1385 468 1428 Θεός.
486 1379 577 1423 Εἶτα
595 1387 613 1422 6
629 1384 706 1428 τοὸς
721 1385 891 1428 πολλάκις
909 1384 970 1435 μὲν
988 1384 1238 1438 ἡμαρτηκότας

216 1444 348 1495 ῥήμασι
381 1445 518 1496 φοὸῶν,
537 1448 575 1483 οὐ
606 1446 761 1490 κολάζων
777 1475 787 1492 ,
809 1445 1092 1495 μετανοήσαντας
1122 1445 1158 1484 δὲ
1178 1445 1238 1483 καὶ

214 1505 343 1552 ταύτης
374 1506 608 1544 ἀπαλλάττων
639 1509 701 1552 τῆς
734 1505 904 1557 ἀγωνίας,
927 1505 965 1544 σὲ
986 1506 1045 1544 τὸν
1065 1505 1236 1552 τοσαύτην

214 1566 474 1617 ἐπιδειξάμενον
492 1567 672 1604 εὐλάὸειάν
693 1582 730 1604 τε
748 1566 808 1604 καὶ
837 1566 962 1618 ἀρετὴν
988 1568 1026 1604 οὔ
1053 1566 1155 1616 μόνον
1174 1568 1237 1612 τῆς

216 1628 363 1671 ἀπειλῆς
382 1627 443 1664 οὐκ
464 1626 661 1672 ἀπήλλαξεν
674 1655 684 1673 ,
709 1625 797 1664 ἀλλὰ
815 1626 874 1663 καὶ
889 1629 932 1677 τῇ
955 1626 1012 1664 διὰ
1031 1629 1100 1663 τῶν
1127 1626 1237 1678 ἔργων

213 1686 398 1737 παρεδίδου
422 1686 562 1725 κολάσει
578 1702 587 1734 ;
607 1687 667 1724 καὶ
686 1689 760 1729 πῶς
780 1686 821 1724 ἄν
836 1702 888 1730 τις
907 1681 1007 1725 τοῦτο
1021 1686 1236 1735 πιστεύσειε,

217 1746 320 1792 Πλὴν
341 1747 417 1784 ἀλλ’
438 1748 468 1784 εἰ
500 1746 563 1796 μὲν
594 1746 777 1798 διέφθαρτό
803 1762 858 1785 σοι
885 1747 945 1784 καὶ
963 1747 1132 1798 πονηρὸς,
1149 1747 1235 1799 ὅπερ

213 1807 317 1858 ἔφην,
338 1810 355 1845 6
383 1808 450 1859 πρὸ
469 1807 590 1845 τούτου
622 1807 694 1858 βίος
727 1802 788 1854 ῆν,
810 1807 874 1845 κᾶν
896 1809 943 1850 εἷς
973 1807 1104 1846 ἔννοιαν
1136 1813 1237 1846 τοῦτο

212 1869 321 1906 ἐλθεῖν
353 1884 420 1906 τινι
451 1868 594 1906 δυνατὸν
625 1862 687 1915 ῆν·
722 1884 782 1906 νυν
818 1867 855 1906 δὲ
880 1873 940 1906 τοῦ
977 1868 1039 1918 μὲν
1067 1868 1236 1919 παρόντος

213 1929 367 1967 ελάττων
389 1932 537 1976 ἐκεῖνος,
558 1929 703 1980 κόσμιος
722 1928 758 1968 δὲ
790 1944 849 1967 και
879 1928 980 1972 αὐτὸς
1013 1930 1073 1968 καὶ
1105 1931 1236 1976 πολλῆς

212 1989 328 2040 γέμων
357 1989 568 2040 σεμνότητος
595 1993 658 2037 ἠν,
695 2005 786 2029 ωστε
819 1993 920 2028 τοῦτο
952 1990 1121 2028 πάντοθεν
1150 1993 1234 2040 ἡμῖν

213 2052 300 2087 εἰναι
320 2050 487 2102 φανερὸν,
502 2049 554 2088 ὅτι
574 2049 752 2102 στεφάνων
773 2066 832 2088 και
868 2050 1021 2123 μείζονος
1040 2050 1236 2094 ὑποθέσεως

213 2111 288 2147 ἐστι
308 2126 405 2149 ταυτι
424 2110 469 2149 τὰ
489 2111 735 2161 παλαίσματα.
755 2113 818 2149 Δεῖ
839 2111 900 2161 μὲν
920 2114 976 2148 οὖν
989 2109 1103 2163 ,ὅπερ
1124 2111 1233 2163 ἔφην,

213 2170 272 2208 καὶ
297 2170 434 2215 τούτους
453 2171 513 2209 καὶ
532 2171 610 2215 τοὺς
629 2172 804 2216 τοιούτους
837 2174 1010 2210 ἀνακινεῖν
1031 2171 1236 2222 λογισμοὺς,

213 2232 264 2268 δεῖ
293 2230 328 2269 δὲ
349 2232 438 2282 μετὰ
457 2231 608 2281 τούτων,
631 2235 764 2283 μᾶλλον
783 2232 818 2270 δὲ
846 2233 905 2271 καὶ
925 2233 993 2284 πρὸ
1011 2233 1164 2279 τούτων,
1184 2236 1236 2272 εὖ·

213 2297 294 2342 χαῖς
314 2291 373 2330 καὶ
408 2292 599 2343 ἱκετηρίαις
625 2296 728 2331 τοῦτο
757 2294 995 2338 διασκεδάζειν
1024 2294 1064 2332 τὸ
1102 2294 1235 2338 σκότος.

216 2351 284 2388 Καὶ
303 2351 372 2404 γὰρ
391 2355 408 2389 ὃ
429 2352 600 2403 μακάριος
622 2353 751 2400 Auula,
771 2355 788 2390 ὃ
809 2354 1008 2404 θαυμαστὸς
1031 2356 1156 2399 ἐκεῖνος
1176 2356 1235 2392 καὶ

216 2411 323 2462 μέγας
343 2411 453 2465 ἀνὴρ,
481 2413 613 2456 τούτοις
641 2414 817 2465 ἐχρήσατο
847 2421 917 2457 τοῖς
939 2414 1134 2466 φαρμάκοις
1155 2431 1237 2453 συν-

215 2475 324 2523 εχῶς,
344 2473 404 2510 καὶ
424 2473 515 2511 οὕτω
534 2473 595 2516 τὰς
614 2473 745 2518 πολλὰς
764 2477 834 2511 τῶν
854 2475 1003 2527 θλίψεων
1023 2476 1237 2528 ἀπεκρούετο

213 2532 352 2581 ὀδύνας,
370 2537 427 2571 νῦν
448 2533 509 2579 μὲν
533 2534 718 2585 εὐχόμενος
736 2534 795 2572 καὶ
815 2535 922 2586 λέγων
939 2552 945 2558 ·
964 2539 1008 2574 Αἱ
1027 2538 1157 2588 θλίψεις
1175 2541 1236 2582 τῆς

214 2593 361 2644 καρδίας
390 2609 456 2644 μου
494 2594 780 2642 ἔπληθύνθησαν,
810 2598 848 2634 ἐκ
877 2599 946 2633 τῶν
976 2598 1136 2647 ἀναγκῶν
1171 2613 1236 2648 μου

214 2654 360 2707 ἐξάγαγέ
392 2670 455 2706 με·
487 2658 545 2693 νῦν
576 2655 610 2694 δὲ
639 2656 826 2707 λογισμοὺς
857 2659 1028 2695 ἀνακινῶν
1060 2659 1233 2703 accersie-

213 2714 321 2755 Ἱνατί
341 2716 529 2769 περίλυπος
550 2711 612 2764 εἶὴ
634 2718 730 2769 ψυχή
754 2734 833 2766 μου,
857 2719 916 2756 καὶ
935 2719 1027 2757 ἱνατί
1049 2721 1235 2772 συνταράτ-

214 2793 284 2820 τεις
317 2777 540 2828 με;ἐ’λπισον
570 2778 626 2816 ἐπὶ
653 2777 710 2816 τὸν
739 2778 850 2826 Θεὸν,
869 2779 921 2817 ὅτι
937 2779 1235 2831 ἐξομολογήσομαι

216 2839 320 2890 αὐτῷ.
342 2837 412 2876 Καὶ
430 2838 555 2886 πάλιν,
573 2838 642 2877 ἀπὸ
658 2842 726 2876 τῶν
749 2841 926 2891 λογισμῶν
946 2841 1154 2892 τρεπόμενος
1181 2842 1236 2879 ἐπι

214 2899 275 2942 τὰς
303 2898 425 2950 εὐχάς·
442 2898 538 2942 Ἄνες
563 2914 644 2950 μοι,
665 2900 791 2952 φησὶν,
813 2902 869 2938 ἰ’να
901 2902 1064 2953 ἀναψύξιι)
1093 2904 1160 2954 πρὸ
1180 2908 1238 2941 του

216 2976 259 3010 με
279 2961 460 3007 ἀπελθεῖν,
481 2959 540 2997 καὶ
559 2960 674 2998 οὐκέτι
696 2963 733 2999 οὐ
755 2960 803 3012 μὴ
826 2962 987 3014 ὑπάρξω·
1008 2963 1067 3000 καὶ
1084 2964 1153 3001 ἀπὸ
1170 2967 1236 3000 τῶν

217 3022 328 3072 εὐχῶν
349 3020 405 3058 ἐπὶ
436 3019 513 3062 τοὺς
542 3021 730 3072 λογισμούς
745 3037 752 3045 ·
773 3022 820 3060 Τί
853 3024 921 3075 γάρ
944 3038 1002 3072 μοι
1031 3024 1181 3075 ὑπάρχει
1203 3026 1236 3061 ἐν

215 3085 265 3134 τῷ
285 3084 418 3134 οὐρανῷ
432 3110 442 3127 ,
463 3082 521 3119 καὶ
541 3083 638 3135 παρὰ
667 3088 726 3121 σοῧ
747 3083 781 3120 τί
801 3085 957 3130 ἠθέλησα
989 3085 1045 3122 ἐπὶ
1067 3088 1127 3130 τῆς
1153 3088 1237 3136 γῆς;

216 3143 322 3180 Οὕτω
342 3143 400 3182 καὶ
420 3146 437 3181 6
459 3142 541 3181 '11th
564 3144 649 3197 πρὸς
670 3144 731 3195 μὲν
752 3145 814 3191 τὴν
834 3152 981 3196 γυναῖκα
1001 3150 1237 3196 παραινο’ῦσαν

216 3204 260 3242 τὰ
288 3204 458 3242 σατανικὰ
482 3204 622 3256 ῥήματα
652 3208 829 3257 λογισμοῖς
849 3207 1054 3258 ἀπεμάχετο
1074 3207 1131 3244 καὶ
1156 3211 1236 3245 ἐπε-

218 3265 304 3315 τίμα
314 3265 442 3316 λέγων·
460 3265 569 3303 Ἱνατί
582 3265 700 3318 ὥσπερ
718 3267 781 3316 μία
796 3270 864 3304 τῶν
879 3267 1034 3318 ἀφρόνων
1053 3272 1237 3320 γυναικῶν,

218 3325 325 3368 οὕτως
359 3326 555 3374 ἐλάλησας,
573 3329 601 3365 εἶ
631 3326 676 3364 τὰ
699 3328 811 3378 ἀγαθὰ
832 3328 1020 3378 ἐδεξάμεθα
1052 3331 1090 3366 ἐκ
1121 3330 1237 3380 χειρὸς

222 3386 416 3437 Κυρίου,τὰ
429 3387 521 3425 κακὰ
533 3389 598 3438 οὐχ
613 3387 801 3438 ὓποίσομεν
814 3405 823 3434 ;
836 3389 927 3440 ΙΙρὸς
942 3389 975 3426 δὲ
995 3392 1052 3427 τὸν
1070 3391 1159 3427 Ηιὸν
1171 3393 1222 3428 lm

221 3445 353 3496 τηρίαις
369 3445 547 3498 ἰκέχρητο.
565 3447 632 3484 Καὶ
654 3449 671 3483 6
689 3446 858 3498 μακάριος
878 3448 911 3486 δὲ
932 3450 1064 3492 naum,
1086 3449 1217 3501 ,Ιμψοῐέ

1611 279 1699 309 mn.
1739 278 1800 309 ιιι.
2164 281 2248 324 277

1307 368 1484 410 tuumque
1501 361 1603 398 nobis
1622 361 1724 398 illum
1743 361 1928 398 inimicum
1948 376 1955 397 ι
1975 363 2151 399 cruciatus
2172 376 2253 399 vcro

1309 421 1410 459 nobis
1421 421 1524 459 illum
1541 422 1760 468 reconciliat,
1771 431 2016 474 praeparatque
2028 432 2065 460 ut
2076 423 2256 474 propitius

1307 494 1348 518 ac
1371 481 1594 532 propinquus
1620 481 1677 519 sit.
1702 482 1810 528 Quod
1829 492 1946 520 autem
1967 481 2076 520 sudor
2091 482 2156 520 iste
2172 491 2256 520 tuus

1308 553 1378 578 non
1399 540 1443 579 sit
1457 551 1682 592 peccatorum
1698 542 1787 580 ultio
1802 572 1814 588 ,
1834 543 1895 580 sed
1911 557 2122 581 coronarum
2138 543 2256 595 potius

1308 601 1608 652 praemiorumque
1634 602 1801 648 materia,
1816 602 1900 639 hinc
1927 617 2009 640 sane
2031 604 2257 641 manifestum

1309 669 1371 696 est.
1390 661 1429 698 Si
1448 662 1542 698 enim
1560 662 1659 713 prius
1671 661 1824 713 turpiter
1839 676 1879 698 ac
1895 662 2077 700 luxuriose
2094 664 2257 709 vixisses,

1309 728 1414 770 atque
1429 721 1476 758 ita
1490 730 1524 759 te
1536 722 1581 759 ad
1593 722 1852 760 monachorum
1865 722 2163 760 conversationem
2176 737 2257 761 con-

1309 780 1472 828 tulisses,
1493 796 1535 819 ne
1557 783 1606 820 sic
1627 782 1773 833 quidem
1790 782 1866 820 haeo
1879 782 2033 834 suspicio
2054 782 2172 820 locum
2190 784 2258 820 lia-

1308 838 1455 875 buisset.
1469 839 1560 876 Nam
1581 839 1609 876 si
1629 840 1675 877 ob
1699 839 1766 877 hoc
1780 841 1879 878 Deus
1897 854 2018 891 poenas
2032 840 2149 887 infert,
2166 851 2203 879 ut
2223 842 2259 879 in

1310 898 1413 936 malis
1432 908 1696 950 perseverantes
1721 899 1767 937 ad
1797 901 2039 950 poenitentiam
2058 912 2226 952 provocet
2245 934 2255 948 ,

1308 968 1444 997 ostensa
1458 959 1663 1012 poenitentia
1676 961 1854 1012 superflua
1865 961 1939 1011 jam
1954 961 2022 998 erit
2033 975 2150 1013 poena.
2163 963 2259 1000 Tan-

1309 1029 1386 1058 tum
1404 1020 1497 1058 enim
1509 1020 1606 1058 abest
1623 1029 1661 1057 ut
1675 1035 1738 1058 nos
1754 1021 1880 1071 punire
1895 1021 1982 1059 velit
1996 1023 2093 1060 Deus
2105 1053 2115 1070 ‚
2127 1032 2166 1059 ut
2178 1037 2262 1060 cum

1309 1094 1550 1132 saepenumero
1570 1081 1684 1133 poenis
1706 1081 1814 1132 digna
1832 1081 2005 1120 faciamus
2020 1112 2029 1130 ‚
2053 1097 2262 1134 summaque

1310 1141 1540 1179 conversione
1559 1156 1649 1194 opus
1677 1141 1871 1179 habeamus
1888 1172 1897 1190 ‚
1914 1143 2186 1182 comminatione
2202 1159 2258 1184 so-

1309 1202 1386 1240 lum
1407 1202 1594 1253 verbisque
1615 1201 1837 1240 terribilibus
1857 1216 1920 1240 nos
1947 1203 2117 1254 castigare
2133 1205 2259 1244 malit:

1310 1263 1422 1314 idque
1440 1264 1544 1301 facile
1559 1263 1738 1314 quispiam
1749 1263 2009 1301 animadvertet
2028 1274 2061 1302 et
2076 1266 2111 1302 in
2124 1265 2264 1305 Israeli-

1309 1325 1378 1362 tica
1391 1325 1514 1376 plebe,
1526 1334 1560 1362 et
1573 1325 1608 1362 in
1627 1324 1872 1362 Ninivitarum
1886 1325 2041 1363 civitate.
2055 1326 2134 1363 Non
2148 1327 2263 1364 solnm

1311 1385 1404 1424 enim
1431 1385 1607 1437 supplicia
1636 1398 1705 1422 non
1736 1384 1878 1433 intulit,
1906 1399 1987 1422 cum
2020 1386 2264 1437 poenitentiam

1310 1446 1553 1494 ostenderent,
1570 1445 1631 1483 sed
1657 1454 1689 1483 et
1712 1445 1826 1483 minas
1844 1446 1938 1498 ipsas
1956 1447 2076 1484 statim
2092 1448 2258 1485 removit.

1310 1507 1426 1545 Multo
1445 1507 1536 1544 enim
1554 1507 1668 1557 magis
1688 1506 1768 1545 vult
1783 1506 1860 1558 ipse
1873 1507 1963 1544 niliil
1981 1521 2044 1544 nos
2059 1508 2134 1559 pati
2151 1508 2233 1546 mali
2249 1539 2258 1553 ,

1292 1598 1295 1600 .
1311 1582 1416 1618 quam
1437 1567 1598 1619 nosipsi,
1620 1567 1810 1616 nullusque
1826 1567 1893 1604 sibi
1910 1567 1957 1604 ita
1973 1578 2132 1619 parceret
2152 1569 2263 1606 liben-

1309 1637 1376 1677 ter,
1396 1638 1434 1665 ut
1449 1628 1550 1666 nobis
1561 1628 1728 1665 omnibus
1741 1629 1849 1666 Deus.
1863 1627 2000 1665 Deinde
2013 1629 2042 1666 is
2055 1629 2116 1679 qui
2134 1630 2264 1681 saepius

1310 1698 1491 1740 peccantes.
1513 1688 1629 1726 verbis
1649 1697 1787 1726 tantum
1802 1698 2041 1736 exterret‚nec
2053 1690 2171 1741 punit,
2183 1705 2264 1742 poe-

1309 1750 1527 1800 nitentesque
1561 1749 1629 1787 liac
1656 1748 1848 1786 formidine
1867 1749 2018 1797 liberat,
2034 1758 2066 1787 te
2085 1750 2146 1800 qui
2168 1760 2263 1788 tanta

1308 1810 1510 1861 religionis,
1522 1819 1618 1846 tauta
1633 1808 1779 1846 virtutis
1794 1818 1826 1846 et
1842 1810 2031 1861 probitatis
2043 1810 2176 1848 indicia
2190 1826 2262 1861 prae

1309 1880 1343 1909 te
1360 1871 1489 1917 tulisti,
1504 1884 1572 1908 non
1592 1869 1707 1907 solum
1729 1869 1786 1906 his
1802 1870 1909 1908 minis
1923 1879 2029 1920 atque
2046 1871 2112 1908 hoc
2131 1880 2264 1912 terrore

1307 1946 1376 1970 non
1389 1932 1533 1984 eripuit,
1547 1945 1670 1969 verum
1684 1940 1716 1968 et
1731 1945 1768 1968 re
1783 1931 1856 1981 ipsa
1870 1931 2057 1982 supplitiis
2071 1933 2264 1984 exposuit?

1307 2002 1340 2030 et
1356 1993 1418 2043 qui
1442 1991 1537 2030 ςιοᾶί
1564 1992 1631 2029 Ιιοο
1647 1992 1787 2042 potest?
1803 1992 1936 2029 Verum
1954 1992 1982 2028 si
2002 1992 2101 2043 prior
2121 1993 2181 2030 illa
2202 2003 2262 2030 tua

1308 2053 1526 2092 conversatio
1540 2067 1618 2090 cori
1624 2061 1705 2104 upta
1719 2052 1839 2090 fuisset
1851 2066 1891 2090 ac
1903 2052 2055 2104 perdita,
2068 2062 2106 2090 ut
2119 2054 2211 2098 dixi,
2228 2054 2263 2092 id

1307 2115 1454 2153 sonasse
1472 2113 1646 2166 suspicari
1664 2112 1744 2163 quis
1759 2122 1896 2165 posset:
1913 2127 1993 2150 cum
2011 2127 2096 2151 v·eio
2113 2114 2264 2152 deteiior

1309 2175 1454 2226 quidem
1474 2174 1534 2212 illa
1562 2172 1669 2211 fuerit
1689 2187 1795 2223 quani
1814 2187 1966 2224 praesens
1982 2174 2190 2221 sit301nata
2212 2185 2265 2212 ti—

1273 2256 1278 2267 ·
1308 2250 1388 2274 men
1409 2244 1442 2273 et
1462 2235 1537 2287 ipsa
1561 2248 1772 2284 summaque
1805 2234 1987 2272 honestate
2007 2235 2163 2286 pollens,
2181 2251 2264 2287 pro-

1308 2298 1397 2335 fecto
1408 2296 1509 2334 nobis
1523 2295 1619 2333 omui
1629 2309 1675 2332 ex
1688 2304 1786 2346 parte
1803 2296 1977 2333 constabit
1992 2296 2258 2334 colluctationes

1310 2358 1379 2395 has
1394 2366 1471 2394 tuas
1494 2369 1704 2394 coronarum
1731 2354 1797 2391 tibi
1820 2355 2034 2405 majorisque
2058 2356 2179 2406 gloria*
2198 2371 2258 2393 oc-

1308 2418 1483 2456 casionem
1501 2430 1587 2453 csse.
1607 2418 1757 2467 Oportet
1774 2414 1906 2465 igitur,
1925 2426 1963 2453 ut
1980 2416 2056 2454 dixi
2072 2446 2081 2459 ,
2101 2427 2132 2454 et
2150 2418 2212 2454 lias
2229 2427 2260 2455 ct

1309 2477 1514 2530 hujusmodi
1543 2476 1773 2526 cogitationes
1799 2489 1952 2514 movere.
1974 2478 2146 2514 Convenit
2179 2478 2260 2515 ιιι-ιιι

1309 2548 1342 2576 ct
1362 2553 1442 2576 cuni
1461 2538 1516 2574 liis
1537 2551 1605 2574 unu
1622 2566 1630 2582 ‚
1650 2536 1720 2572 iuno
1738 2545 1817 2572 autc
1836 2536 1912 2581 luis,
1934 2537 2260 2576 ratiocinationibus

1308 2599 1560 2653 perpetuisque
1588 2596 1852 2649 precationibus
1877 2596 1938 2634 lias
1970 2598 2128 2635 tent-brus
2145 2599 2257 2643 disni-

1308 2676 1403 2713 pure.
1419 2663 1507 2698 Nutu
1521 2668 1552 2696 ι·ι
1569 2659 1693 2695 beatus
1707 2656 1999 2707 1)ιιι’ἰι1,ιιιιι;ςιιιι5
2012 2659 2070 2697 ille
2087 2660 2258 2711 viratque

1308 2721 1480 2760 mirabilis
1493 2751 1502 2763 ,
1519 2720 1572 2756 liis
1589 2717 1855 2755 medicamentis
1869 2719 2070 2768 frequenter
2091 2735 2173 2757 usus
2192 2730 2257 2761 est.

1308 2783 1433 2832 hisque
1447 2781 1620 2833 plurimos
1637 2778 1777 2815 dolores
1795 2793 2039 2829 pressurarum
2053 2783 2201 2819 removit
2219 2797 2258 2819 ιιι·

1269 2842 1466 2897 ι·ιιιιιῑιίς
1485 2854 1577 2878 nuuc,
1598 2839 1741 2909 quiden}
1763 2853 1802 2874 ιιι
1805 2853 1888 2883 nus,
1910 2854 1949 2875 ιιι·
1962 2840 2106 2885 diceus,
2133 2844 2262 2883 ‘ssibu-

1264 2906 1287 2953 ζ
1309 2905 1473 2940 Ιιιιίωιιιϊ
1499 2902 1623 2938 «ndis
1654 2914 1722 2936 mv·
1730 2913 1745 2935 s
1779 2899 2049 2950 mtdttplicatw
2078 2914 2192 2945 sun!
2215 2906 2262 2941 de

1314 2963 1605 3001 'inmunitatibus
1642 2974 1733 2996 mus
1767 2973 1856 2997 cruc·
1886 2975 2086 3001 nie-nuuc
2122 2964 2261 3014 1¹fii52w

1311 3023 1483 3072 religiosis
1517 3021 1847 3059 ratint-inatiouiluis
1880 3021 2037 3059 auluwtis
2072 3024 2258 3073 inquiens:

1312 3091 1439 3133 Quare
1456 3086 1574 3120 tristis
1595 3096 1632 3118 cs
1651 3112 1659 3123 ,
1687 3085 1818 3118 anima
1847 3096 1928 3119 nec-a
1948 3113 1954 3123 .
1977 3093 2012 3120 ee
2032 3100 2153 3136 «μιαν-ι·
2169 3101 2261 3123 cou-

1309 3148 1439 3183 tur-{m
1468 3159 1527 3180 ms·
1545 3148 1560 3179 .’
1591 3143 1703 3192 Spera
1728 3145 1766 3179 in
1795 3143 1896 3185 [tw.
1921 3148 2101 3193 alewrmwt
2136 3148 2261 3184 sullam·

1308 3204 1606 3252 ffl.pnlit‹·l¹‹·1·illi.
1627 3205 1852 3253 Hui-sumque
1867 3218 1908 3240 cx
1934 3205 2262 3245 ratim-inationibus

1311 3265 1511 3318 liujusnuidi
1543 3265 1586 3303 ml
1619 3264 1793 3301 orationes·
1817 3278 2006 3302 conuersus
2035 3283 2041 3303 :
2068 3269 2230 3306 Iicmietc·
2250 3299 2259 3312 ,

1312 3329 1423 3377 inquit
1438 3357 1446 3370 ,
1461 3328 1575 3370 mihi,
1591 3334 1630 3362 ut
1649 3326 1855 3376 rvf'ra'grrc‘e·
1868 3329 2093 3377 priusquam
2105 3332 2256 3371 abeam.

1791 3396 1896 3437 utqui·
1913 3388 1959 3424 ιιΙι
1979 3389 2199 3426 orationibus
2215 3391 2259 3428 ml

1653 3449 1754 3496 Quid
1787 3450 1888 3485 enim
1905 3479 1913 3495 ,

1310 3398 1344 3427 c!
1368 3390 1469 3425 ultra
1481 3390 1561 3437 jum
1581 3401 1659 3423 teon
1679 3400 1769 3426 vri».-

1313 3448 1596 3489 r.uim·iu.·uioiu·s
1614 3464 1620 3484 :
1933 3449 1982 3487 uit
1998 3479 2006 3493 ,
2030 3453 2126 3488 mim
2144 3461 2199 3489 cst
2220 3455 2257 3489 in
2303 3484 2321 3505 ,ι

2285 3124 2333 3149 l't.
2356 3122 2406 3161 ‘'l'‘
2437 3123 2464 3150 ζ’.

2282 3307 2333 3334 1⁸³.
2351 3305 2400 3334 38.
2422 3307 2466 3331 ι’.
