2513 3871
72 591 177 618 unuh.
206 599 240 629 ¹2)

71 639 119 659 12-

76 2176 140 2203 Gen
166 2183 191 2204 Ι.
206 2173 259 2205 23.

274 244 366 301 344

269 338 417 389 reliquis
433 350 511 387 qua·
526 335 573 374 ad
590 345 721 374 terram
737 349 800 374 nos
815 335 1001 376 detrahere
1019 337 1147 386 solent,
1159 351 1223 376 εε-

269 399 304 437 Ιο
315 397 469 436 inhiant.
482 396 603 443 Quare
619 409 663 434 nc
682 405 850 449 putemus
867 426 881 443 ,
896 397 1116 436 matrimonii
1136 398 1225 438 olim

273 457 540 510 permissionem
556 455 798 496 necessitatem
811 456 980 510 deinceps
998 471 1074 496 esse
1086 489 1096 506 ‚
1118 458 1164 497 ab
1183 472 1224 498 eo

270 520 431 570 refugere
445 525 642 562 vetantem;
657 531 739 556 nam
755 517 854 570 quod
873 519 962 557 velit
987 528 1026 558 ut
1042 518 1080 558 id
1100 519 1227 559 dimit·

271 588 396 627 tamus,
411 577 497 616 audi
516 577 607 629 quid
623 576 738 625 dicat,
761 579 835 629 Qui
846 587 972 630 potest
985 593 1134 633 capere,
1152 594 1224 619 ca-

267 642 363 693 piat.
386 639 497 689 Quod
517 640 546 678 si
577 638 613 677 id
639 639 817 692 principio
837 640 956 678 minus
976 641 1109 693 jussit,
1133 641 1226 680 nihil

273 700 404 740 mirum
416 716 424 737 ε
436 713 550 752 neque
565 699 660 738 enim
679 699 840 739 medicus
855 700 973 739 omnia
988 701 1098 740 simul
1112 715 1226 754 aegro·

269 762 315 800 tis·
329 760 527 812 eodemque
543 770 700 813 tempore
712 761 996 813 praescribit,sed
1005 775 1087 801 cum
1103 777 1122 801 a
1138 763 1227 802 febri
1252 770 1277 800 D

268 831 446 872 tenentur,
457 836 476 860 a
487 821 636 861 firmiori
646 821 727 860 cibo
737 832 909 870 eosarcet3
920 836 1094 863 cumvero
1103 834 1227 862 aestum

269 884 375 923 illum
401 893 435 922 et
465 883 510 921 ab
538 897 580 921 eo
611 883 752 935 corpori
786 893 1003 923 contractam
1033 885 1228 924 infirmita-

271 955 339 984 tem
353 944 586 997 depulerunt,
600 953 676 982 tum
698 944 848 995 ingratis
859 944 1005 984 demum
1027 947 1117 985 cibis
1136 946 1231 986 libe·

273 1014 370 1045 ratos
387 1014 528 1044 assueto
543 1004 655 1043 victui
679 1004 810 1043 reddit.
829 1005 1144 1052 Quemadmodum
1160 1021 1227 1046 ve-

274 1081 313 1105 ro
327 1066 362 1105 in
382 1065 593 1119 corporibus
606 1065 777 1104 elementa
798 1065 890 1104 inter
910 1079 948 1104 se
962 1065 1141 1105 discordia
1162 1081 1228 1106 ex—

269 1140 369 1166 cessu
387 1126 576 1164 defectuve
592 1125 759 1163 morbum
779 1126 958 1164 concitant
973 1156 983 1173 ,
997 1126 1044 1165 ita
1067 1136 1101 1166 et
1115 1127 1227 1165 animi

272 1188 460 1226 sanitatem
493 1187 686 1224 affectuum
719 1185 1030 1224 immoderationes
1067 1201 1230 1226 corrum-

271 1257 385 1301 punt;
405 1248 440 1285 in
466 1247 662 1299 primisque
683 1259 772 1298 opus
792 1254 844 1283 est
871 1247 1172 1299 tempestivitate,
1194 1257 1229 1286 et

274 1317 311 1346 ut
331 1307 377 1346 ad
399 1307 575 1358 subjectas
587 1305 789 1343 affectiones
801 1306 1112 1344 accommodatum
1131 1321 1227 1359 prat·-

276 1377 418 1420 ceptum
435 1369 503 1417 sit3
523 1365 659 1417 alioqui
681 1366 739 1404 lex
758 1365 890 1404 sineiis
909 1366 1070 1417 utrisque
1087 1366 1135 1405 ad
1150 1381 1231 1406 cor-

274 1428 464 1480 rigendam
474 1427 665 1465 excitatam
681 1425 716 1464 in
726 1427 846 1464 animo
855 1426 1149 1479 depravationem
1164 1428 1231 1466 mi-

282 1489 378 1527 nime
403 1487 558 1527 sufficiet
574 1517 586 1537 ,
608 1487 700 1525 sicut
722 1500 787 1525 nec
809 1487 1151 1527 medicamentorum
1175 1489 1231 1527 vis

272 1551 381 1590 ulcus
402 1563 527 1589 sanare
546 1563 610 1602 per
629 1563 666 1586 se
685 1549 814 1601 poterit
831 1563 936 1587 :nam
954 1550 1055 1601 quod
1076 1550 1230 1589 remedia

273 1611 511 1661 vulneribus,
536 1610 573 1649 id
598 1610 695 1649 vitiis
725 1611 820 1662 leges
847 1621 1027 1664 praestant.
1054 1614 1112 1651 Tu
1145 1627 1232 1651 vero

277 1672 456 1711 medicum
492 1685 585 1724 saepe
618 1670 714 1710 idem
742 1671 875 1710 vulnus
912 1686 1007 1711 nunc
1039 1682 1231 1721 secantem,

271 1747 366 1771 nunc
383 1728 556 1780 urentem,
579 1745 672 1771 nunc
687 1731 817 1770 horum
840 1742 1007 1771 neutrum
1024 1734 1228 1782 facientem,

271 1794 467 1846 praesertim
494 1793 557 1843 qui
594 1793 796 1844 frequenter
819 1808 839 1832 a
865 1794 936 1832 fine
967 1794 1138 1840 aberret,
1161 1808 1229 1833 non

271 1868 377 1906 urges
399 1869 408 1892 τ
434 1856 549 1892 Deum
580 1867 666 1892 vero
683 1883 695 1900 ,
719 1854 781 1905 qui
807 1854 916 1893 homo
938 1855 987 1893 sis
1006 1885 1017 1903 ,
1035 1869 1231 1908 numquam

270 1913 580 1963 aberrantem‚sed
593 1913 712 1952 omnia
731 1923 770 1951 ut
790 1915 867 1966 ejus
886 1915 1036 1967 dignum
1058 1917 1230 1970 sapientia

271 1984 329 2014 est
350 1975 606 2018 moderantem.
626 1974 797 2012 obtundis
811 2005 820 2021 ,
842 1976 888 2013 ab
904 1990 1014 2027 eoque
1033 1987 1234 2030 praecepto-

273 2049 353 2074 rum
384 2035 557 2073 rationem
585 2035 721 2085 exigis,
737 2049 852 2086 neque
881 2036 1031 2075 infinita?
1050 2038 1230 2090 sapientiae

277 2103 457 2147 tamquam
467 2095 513 2132 de
528 2094 586 2132 via
602 2094 786 2133 cedis?An
800 2109 867 2134 non
883 2110 921 2134 ea
939 2106 1095 2136 extrema
1109 2113 1230 2137 amen-

272 2156 319 2194 tia
345 2156 430 2195 est?
449 2158 615 2195 Crescite
629 2186 638 2202 ,
655 2156 705 2194 ait
727 2187 738 2203 ‚
763 2165 800 2194 et
832 2158 1159 2209 multiplicamini.
1188 2159 1229 2199 ld

272 2217 367 2255 enim
381 2225 520 2268 tempus
539 2215 761 2268 postulabat,
779 2217 918 2256 furente
935 2228 1062 2257 natura
1080 2249 1091 2269 ‚
1108 2235 1148 2258 ac
1168 2234 1231 2259 ne·
1256 2237 1282 2266 Λ

279 2351 318 2376 ca
339 2346 545 2391 tempestate
565 2346 709 2390 portum
721 2337 831 2376 alium
851 2353 923 2390 quo
942 2341 1146 2393 confugeret
1161 2342 1231 2380 ha-

275 2399 390 2437 bente.
415 2398 486 2437 sed
503 2397 592 2449 quid
610 2398 861 2451 imperandum
878 2401 974 2438 suit?
995 2411 1034 2439 ut
1060 2402 1094 2440 in
1116 2404 1231 2443 conti-

279 2459 395 2498 nentia
417 2473 458 2497 ac
479 2459 685 2510 virginitate
699 2459 1023 2512 degerent?Athoc
1039 2473 1071 2501 et
1090 2464 1230 2517 lapsum

275 2521 459 2571 majorem,
479 2528 514 2558 et
531 2519 831 2559 vehementiorem
846 2521 1028 2562 flammam
1043 2525 1227 2565 effecisset.

275 2581 367 2618 Nam
381 2580 409 2618 si
424 2580 504 2631 quis
524 2593 667 2632 puerOS‚
682 2581 743 2631 qui
764 2581 855 2619 lactc
868 2583 982 2621 solum
999 2585 1172 2635 egent,ab
1189 2600 1231 2624 eo

275 2641 355 2679 cibo
377 2650 532 2680 remotos
563 2641 654 2679 viris
685 2655 844 2694 congruo
877 2644 972 2682 vesci
1000 2655 1114 2697 cogat,
1138 2647 1228 2685 nihil

275 2701 459 2754 impediet,
479 2715 551 2753 quo
571 2701 882 2753 minusevestigio
901 2715 1058 2756 pereant.
1071 2707 1230 2747 Tantum

276 2763 411 2800 malum
428 2771 480 2800 est
495 2762 806 2814 intempestivitas⁶
824 2763 1024 2817 Eapropter
1045 2766 1248 2818 virginitas-

277 2823 377 2861 initio
392 2823 474 2861 data
496 2837 564 2862 non
585 2832 658 2871 est;
679 2823 751 2862 imo
766 2838 851 2863 vero
865 2825 1056 2878 virginitas
1067 2837 1099 2866 et
1114 2829 1230 2879 initio,

275 2893 308 2922 et
327 2884 552 2923 matrimonio
570 2884 671 2937 prior
684 2885 834 2931 exstitit,
849 2886 912 2924 sed
931 2897 1119 2941 eapropter
1133 2889 1232 2929 inva-

276 2947 321 2983 sit
355 2945 623 2984 matrimonium
661 2945 852 2997 visumque
885 2949 1120 2988 necessarium
1156 2960 1207 2990 cst
1219 2981 1229 2999 ,

278 3021 374 3055 cunm,
394 3006 422 3044 si
446 3007 591 3057 quidem
613 3006 770 3045 Adamus
787 3008 955 3048 obediens
974 3011 1231 3060 mansisset,eo

279 3081 370 3118 opus
385 3081 452 3105 non
474 3067 610 3105 fuisset.
628 3071 672 3106 Λι
692 3068 753 3119 qui
769 3098 779 3116 ,
794 3068 909 3121 inquit
924 3100 934 3117 ,
952 3079 1002 3109 tot
1017 3072 1128 3111 minin
1148 3088 1232 3127 pro·

279 3127 454 3164 diist-ent?
470 3128 547 3175 Ego
561 3142 666 3178 vero,
686 3129 830 3179 quando
849 3130 924 3169 baec
940 3140 973 3170 tc
994 3132 1147 3172 formido
1164 3134 1232 3172 ad-

282 3185 426 3224 modum
450 3187 643 3225 sollicitans
663 3197 793 3235 manet,
812 3190 940 3229 iterum
960 3191 1072 3231 abste
1091 3207 1226 3245 qurero,

284 3245 376 3283 unde
390 3244 490 3283 nobis
509 3247 783 3296 Adamus,unde
796 3250 886 3300 Eva,
898 3265 967 3291 non
978 3253 1231 3295 interveniente

285 3306 510 3344 matrimonio
521 3307 538 3343 ?‘
549 3307 644 3353 Quid
659 3308 795 3358 igitur?
808 3310 912 3359 itane,
927 3312 1057 3365 inquit,
1070 3314 1229 3355 homines

1259 3129 1280 3159 B

327 3446 341 3461 Ι
365 3436 443 3478 Rrss.
466 3451 561 3469 πιιτα
581 3444 615 3470 τα
633 3445 681 3474 τῆς
703 3448 749 3479 ,ἥς
769 3444 812 3472 ἐπὶ
832 3448 1005 3481 7551212).

686 255 724 284 S.
763 255 948 286 JOANMS
983 255 1225 286 ctmvsosr.
1265 255 1472 286 anetum).
1511 254 1867 286 CONSTANTtNOP.

1299 338 1378 383 λίας
1400 337 1544 390 ἀφέντες
1566 336 1695 384 αὖτὴν,
1715 338 1801 389 πρὸς
1818 337 1864 376 τὰ
1884 338 2045 389 μετέωρα
2063 338 2245 385 πέτανται,
2266 339 2328 377 καὶ

1299 400 1370 437 τῶν
1389 399 1542 452 οὐρανῶν
1563 397 1875 450 ἔχονται,·πάντα
1901 398 1960 436 ἐπὶ
1987 401 2049 444 τῆς
2070 401 2135 449 γῆς
2157 398 2327 436 καταλεί-

1299 461 1448 510 ψαντες,
1466 458 1524 498 τὸν
1542 459 1677 511 γάμον,
1695 459 1740 497 τὰ
1757 458 1949 511 χρήματα,
1966 457 2031 502 τὰς
2058 459 2241 510 φροντίδας
2254 488 2265 506 ,
2282 459 2328 497 τὰ

1299 520 1390 558 ἄλλα
1407 519 1523 558 πάντα
1542 522 1607 559 ὅσα
1624 520 1711 571 πρὸς
1730 518 1793 566 τὴν
1810 522 1876 569 γῆν
1896 521 1994 569 ἡμᾶς
2015 519 2199 558 καθέλκειν
2214 520 2327 558 εἴωθε.

1302 580 1363 627 Μὴ
1385 580 1498 619 τοίνυν
1523 580 1585 628 τὴν
1613 581 1646 625 ἐξ
1666 582 1780 632 ἀρχῆς
1810 578 2003 631 γενομένην
2036 580 2231 630 ἐπιτροπὴν
2266 582 2328 618 τοῦ

1301 642 1431 693 γάμου,
1452 642 1583 689 ταύτην
1602 641 1758 693 ἀνάγκην
1780 642 1827 684 εἰς
1845 641 1885 679 τὸ
1905 640 1982 686 έξῆς
1999 633 2089 679 εἶναι
2107 640 2326 691 νομίζωμεν,

1302 702 1505 743 κωλύουσαν
1541 705 1738 755 ἀναχωρεῖν
1773 704 1834 740 τοῦ
1871 701 2006 753 γάμου·
2043 702 2097 740 ὅτι
2135 701 2205 753 γὰρ
2236 704 2333 752 ἡμᾶς

1304 765 1406 803 αὐτὸν
1428 765 1567 816 ἀφεῖναι
1598 763 1782 815 βούλεται,
1803 762 1952 801 ἄκουσον
1971 761 2006 800 τί
2025 776 2141 814 φησιν·
2161 761 2207 801 Ὁ
2226 761 2331 800 δυνά·

1305 841 1405 876 μενος
1422 832 1552 878 χωρεῖν
1582 824 1755 877 χωρείτω.
1783 825 1826 862 Εἰ
1847 823 1882 862 δὲ
1913 823 1963 874 μὴ
1991 823 2088 875 παρὰ
2123 822 2186 870 τὴν
2217 822 2332 875 ἀρχὴν

1303 891 1406 926 τοῦτο
1422 887 1579 934 ἐπέταξε,
1601 885 1650 937 μὴ
1671 885 1868 935 θαυμάσῃς.
1887 884 1979 924 θῦδὲ
1997 884 2064 936 γὰρ
2081 884 2198 937 ἰατρὸς
2216 884 2333 923 πάντα

1303 949 1360 999 ὑφ’
1384 947 1420 985 ἓν
1446 952 1518 990 τοῖς
1557 948 1730 996 κάμνουσι
1764 946 1823 984 καὶ
1857 945 1950 984 κατὰ
1986 945 2045 984 τὸν
2075 944 2178 983 αὑτὸν
2211 945 2333 996 καιρὸν

1303 1008 1534 1060 προστάττει,
1562 1009 1637 1046 ἀλλ’
1663 1009 1746 1045 ὅταν
1769 1007 1833 1057 μὲν
1864 1006 1932 1045 ὑπὸ
1959 1009 2019 1045 τοῦ
2052 1009 2201 1058 πυρετοῦ
2228 1005 2333 1044 κατέ-

1303 1084 1454 1120 χωνται,
1475 1072 1537 1115 τῆς
1565 1074 1709 1121 στερεᾶς
1741 1067 1863 1109 αὐτοὺς
1895 1067 2054 1119 ἀπείργει
2080 1069 2230 1119 τροφῆς·
2249 1067 2333 1105 ὅταν

1304 1129 1340 1166 δὲ
1363 1131 1563 1167 ἀποθῶνται
1595 1131 1705 1167 ἐκεῖνο
1733 1129 1773 1166 τὸ
1802 1132 1871 1179 πῦρ
1900 1128 1960 1166 καὶ
1980 1128 2044 1175 τὴν
2065 1129 2126 1166 ἀπ’
2147 1129 2250 1167 αὐτοῦ
2281 1130 2332 1180 τῷ

1303 1188 1442 1237 σώματι
1461 1189 1744 1240 προσγενομένην
1764 1189 1959 1235 ἀσθένειαν,
1975 1189 2053 1227 τότε
2072 1189 2192 1228 λοιπὸν
2217 1191 2333 1228 ἀπαλ-

1302 1248 1409 1292 λάξας
1435 1247 1559 1291 αὐτοὺς
1585 1250 1656 1286 τῶν
1677 1248 1899 1300 δυσαρέστων
1935 1249 2055 1287 σιτίων
2080 1250 2137 1287 ἐπὶ
2163 1249 2228 1296 τὴν
2247 1266 2331 1289 συν-

1304 1308 1372 1354 ήθη
1400 1308 1496 1360 φέρει
1524 1307 1673 1346 δίαιταν.
1692 1307 1837 1361 Ὠσπερ
1872 1308 1907 1346 δὲ
1938 1311 1972 1347 ἐν
2004 1315 2075 1352 τοῖς
2108 1309 2248 1360 σώμασι
2288 1311 2333 1349 τὰ

1305 1374 1467 1420 στοιχεῖα
1493 1369 1580 1421 πρὸς
1610 1369 1747 1415 ἄλληλα
1779 1369 2013 1412 στασιάζοντα
2045 1369 2136 1408 κατὰ
2161 1370 2202 1409 τὸ
2227 1371 2333 1410 πλέον

1305 1428 1327 1476 ἢ
1350 1428 1494 1467 ἔλαττον
1518 1428 1582 1475 τὴν
1613 1429 1713 1467 νόσον
1739 1429 1942 1480 ἐργάζεται,
1971 1429 2064 1468 οὕτω
2098 1430 2158 1468 καὶ
2194 1430 2252 1470 ἐπὶ
2270 1433 2337 1477 τ’ἧς

1305 1491 1419 1541 ψυχῆς
1455 1491 1491 1527 αἱ
1525 1490 1596 1526 τῶν
1630 1491 1752 1527 παθῶν
1786 1489 1953 1542 ἀμετρίαι
1992 1490 2228 1543 διαφθείρουσι
2268 1491 2334 1538 τὴν

1306 1550 1440 1601 ὑγίειαν
1471 1552 1595 1596 αὗτῆς·
1618 1550 1676 1588 καὶ
1698 1551 1749 1588 δεῖ
1771 1551 1927 1600 μάλιστα
1945 1554 2068 1603 καιροῦ
2102 1555 2162 1591 τοῦ
2195 1554 2333 1592 καταλ-

1305 1612 1422 1657 λήλως
1438 1617 1509 1655 τοῖς
1525 1611 1768 1661 ὑποκειμένοις
1781 1613 1928 1650 πάθεσιν
1944 1612 2038 1664 ἔχειν
2051 1612 2091 1651 τὸ
2108 1611 2334 1666 πρόσταγμα,

1305 1674 1352 1715 ὥς
1371 1671 1501 1710 τούτων
1536 1672 1618 1710 ἄνευ
1650 1672 1857 1724 ἀμφοτέρων
1887 1675 1951 1710 οὐκ
1978 1673 2019 1711 ἂν
2043 1673 2203 1726 ἀρκέσειε
2230 1673 2336 1725 νόμος

1306 1733 1383 1770 καθ’
1399 1732 1519 1771 ἑαυτὸν
1553 1734 1742 1784 διορθῶσαι
1777 1732 1842 1779 τὴν
1881 1734 1916 1770 ἐν
1943 1735 1986 1784 τῇ
2017 1735 2112 1785 ψυχῇ
2143 1733 2334 1784 γενομένην

1307 1793 1521 1846 διαστροφὴν
1537 1823 1547 1840 ,
1568 1793 1688 1844 ὥσπερ
1714 1786 1773 1831 οῦν
1793 1794 1868 1832 οὐδὲ
1885 1796 1906 1839 ἡ
1927 1796 1995 1831 τῶν
2016 1793 2210 1845 φαρμάκιον
2232 1794 2333 1846 φύσις

1306 1853 1393 1901 αὐτὴ
1421 1856 1499 1892 καθ’
1518 1854 1645 1900 ἑαυτὴν
1675 1853 1804 1892 δύναιτ’
1827 1855 1867 1892 ἂν
1898 1854 1997 1897 ἕλκος
2028 1854 2194 1907 ἀφανίσαι
2224 1855 2332 1894 ποτέ·

1305 1917 1391 1968 ὅπερ
1423 1914 1492 1967 γὰρ
1522 1916 1581 1953 ἐπὶ
1605 1917 1675 1953 τῶν
1705 1916 1918 1968 τραυμάτων
1948 1915 1992 1953 τὰ
2018 1915 2333 1967 φάρμακα,τοῦτο

1306 1977 1363 2014 ἐπὶ
1387 1978 1457 2014 τῶν
1477 1977 1746 2028 ἁμαρτημάτων
1779 1980 1810 2015 οἱ
1834 1977 1945 2027 νόμοι.
1970 1975 2021 2015 Σὺ
2051 1977 2087 2015 δὲ
2125 1976 2242 2027 ἰατρὸν
2271 1979 2332 2014 νῦν

1306 2037 1369 2086 μὲν
1401 2036 1593 2088 τέμνοντα,
1630 2042 1688 2076 νῦν
1725 2037 1761 2075 δὲ
1799 2037 1961 2085 καίοντα,
1991 2042 2049 2076 νῦν
2085 2037 2121 2076 δὲ
2153 2037 2334 2090 οὐδέτερον

1305 2098 1438 2137 τούτων
1458 2103 1626 2138 ποιοῦντα
1659 2099 1716 2138 ἐπὶ
1746 2102 1814 2137 τῶν
1842 2101 1957 2138 αὐτῶν
1983 2099 2153 2143 πολλάκις
2173 2100 2333 2152 τραυμά-

1277 2176 1400 2223 2των,
1436 2163 1474 2199 οὔ
1520 2162 1852 2213 πολυπραγμονεῖς,
1894 2161 1955 2200 καὶ
2007 2165 2118 2199 ταῦτα
2162 2161 2334 2206 πολλάκις

1307 2222 1553 2274 ἀποσφαλέντα
1595 2227 1655 2261 τοῦ
1698 2223 1841 2266 τέλους·
1877 2222 1936 2261 τὸν
1976 2222 2013 2261 δέ
2056 2222 2147 2262 Θεὸν
2192 2222 2333 2275 ἀνθρω-

1306 2298 1369 2327 πος
1399 2283 1468 2332 ὢν,
1488 2282 1547 2321 τὸν
1577 2285 1729 2334 οὐδαμοῦ
1755 2283 1816 2334 μὲν
1840 2283 2139 2335 διαμαρτάνοντα,
2157 2282 2274 2321 πάντα
2295 2282 2332 2321 δὶ
2389 2324 2397 2335 ’

1307 2344 1409 2389 ἀξίως
1433 2348 1496 2392 τῆς
1516 2346 1644 2390 οἰκείας
1670 2347 1921 2396 οἰκονομοῦντα
1948 2344 2083 2396 σοφίας,
2099 2344 2333 2397 περιεργάσῃ,

1307 2405 1366 2443 καὶ
1392 2407 1462 2444 τῶν
1482 2406 1766 2458 προσταγμάτων
1799 2406 1940 2450 εὐθύνας
1973 2405 2196 2453 ἀπαιτήσεις,
2215 2405 2275 2443 καὶ
2292 2406 2333 2444 οὗ

1306 2466 1580 2518 παραχωρήσεις
1602 2469 1653 2520 τῷ
1671 2470 1734 2513 τῆς
1759 2466 1880 2519 σοφίας
1907 2466 2064 2520 ἀπείρῳς
2082 2466 2151 2505 Καὶ
2170 2467 2246 2509 πῶς
2271 2467 2333 2505 οὐκ

1305 2526 1458 2577 ἐσχάτης
1476 2532 1585 2566 ταῦτα
1609 2527 1878 2580 παραπληξίας;
1901 2521 2025 2571 Εἶπεν,
2054 2526 2249 2570 Λῦξάνεσθε
2272 2525 2334 2564 καὶ

1305 2587 1532 2633 πληθύνεσθε.
1549 2589 1664 2626 Ἰὀῦτο
1681 2587 1750 2641 γὰρ
1770 2591 1788 2626 ὁ
1807 2587 1928 2639 καιρὸς
1947 2587 2075 2639 ἀπῄτει
2091 2616 2100 2634 ,
2121 2589 2183 2632 τῆς
2200 2586 2334 2638 φύσεως

1307 2651 1541 2701 μαινομένης,
1557 2652 1617 2690 καὶ
1644 2652 1701 2690 τὸν
1726 2654 1795 2690 τῶν
1814 2653 1936 2689 παθῶν
1957 2645 2092 2701 οἶστρον
2113 2649 2163 2700 μὴ
2182 2649 2333 2700 δυναμέ-

1306 2734 1368 2765 νης
1391 2720 1558 2769 ἐνεγκεῖν,
1579 2718 1655 2757 οὐδὲ
1685 2717 1832 2770 ἐχούσης
1864 2719 1911 2759 εἰς
1946 2716 2062 2767 ἔτερόν
2093 2731 2171 2754 τινα
2204 2716 2333 2766 λιμένα

1307 2790 1519 2837 καταφυγεῖν
1552 2787 1585 2824 ἐν
1620 2784 1735 2836 ἐκείνῃ
1772 2786 1816 2835 τῇ
1852 2784 1952 2835 ζάλῃ.
1972 2782 2077 2821 Ἀλλὰ
2115 2782 2150 2821 τί
2180 2783 2333 2822 κελεύειν

1307 2854 1435 2905 ἱχρῆνς
1467 2854 1500 2891 ἐν
1533 2851 1717 2904 ἐγκρατείᾳ
1747 2851 1807 2888 καὶ
1839 2849 2010 2903 παρθενίᾳ
2036 2849 2193 2902 διάγειν;
2228 2850 2335 2890 Ἀλλὰ

1309 2923 1411 2958 τοῦτο
1432 2921 1549 2970 μεῖζον
1575 2919 1616 2956 ἂν
1636 2917 1677 2955 τὸ
1696 2919 1827 2967 πτῶμα
1848 2917 2052 2968 εἰργάσατο,
2067 2916 2127 2955 καὶ
2144 2916 2208 2965 τὴν
2224 2917 2336 2970 φλόγα

1308 2986 1541 3039 σφοδροτέραν
1561 2985 1716 3031 ἐποίησε.
1740 2984 1808 3023 Καὶ
1829 2983 1897 3034 γὰρ
1925 2983 2003 3026 τοὺς
2031 2984 2206 3035 γάλακτος
2228 2984 2334 3035 μόνον

1308 3054 1489 3104 δεομένους
1510 3053 1637 3095 παῖδας
1656 3052 1671 3101 [
1688 3050 1751 3100 ἂν]
1770 3050 1802 3087 εἴ
1823 3065 1872 3093 τις
1892 3050 2025 3096 ἐκείνης
2058 3048 2254 3101 ἀπαγαγὼν
2271 3051 2335 3097 τῆς

1308 3122 1453 3170 τροφῆς,
1473 3121 1536 3165 τῆς
1562 3116 1706 3167 ἀνδράσι
1738 3115 1982 3167 προσηκούσης
2012 3115 2200 3166 ἀναγκάζοι
2227 3130 2335 3167 μετα·

1307 3185 1514 3236 λαμὸάνειν,
1530 3184 1625 3224 οὐδὲν
1641 3185 1681 3223 τὸ
1696 3183 1830 3222 κωλύον
1848 3182 1970 3226 αὐτοὺς
1986 3183 2177 3222 ἀπολέσθαι
2197 3183 2332 3227 εὐθέως.

1305 3254 1482 3292 Ἰὀσοῦτον
1501 3257 1523 3299 ἡ
1546 3251 1690 3303 ἀκαιρία
1719 3250 1842 3289 κακόν.
1865 3250 1931 3288 Διὰ
1952 3253 2062 3288 ταῦτα
2082 3250 2117 3294 ἐξ
2139 3251 2252 3302 ἀρχῆς
2270 3253 2332 3290 οὐκ

1307 3320 1407 3363 ἐδόθη
1438 3322 1459 3364 ἡ
1490 3316 1675 3369 παρθενία·
1704 3317 1838 3362 μᾶλλον
1877 3317 1911 3355 δὲ
1943 3321 1964 3361 ἡ
1996 3317 2164 3368 παρθενία
2199 3317 2261 3366 μὶν
2297 3317 2331 3360 ἐξ
