2513 3871
352 248 443 304 450
760 261 798 289 s.
839 258 1024 289 smmis
1059 255 1304 286 cunvsosr.

142 346 223 371 ‘³⁰⁶‘
260 352 331 370 ⁶⁰⁰·
349 346 455 398 eulpa
476 345 650 383 immunes
670 340 860 389 dimisisti,
883 340 918 378 in
939 340 982 378 iis
995 339 1103 378 etiam
1117 351 1183 393 pro
1203 337 1302 376 virili

139 385 254 424 juncta.

347 420 424 446 mea
437 405 675 443 defensionem
694 415 820 455 parare
838 400 1018 449 conabor-3
1034 413 1076 438 ac
1095 399 1123 437 si
1138 397 1240 444 libet,
1254 397 1302 436 ab

345 468 389 507 iis
404 468 491 521 ipsis
503 465 636 505 ordiar.
647 463 832 517 Siquidem
844 462 1022 502 absurdus
1033 460 1302 511 admodumque

343 529 503 579 ingratus
520 541 646 574 essem,
668 526 697 565 si
716 535 919 564 exterorum
934 524 1136 577 opinionem
1155 535 1298 569 curans,

342 590 506 641 nihilque
529 602 597 627 non
623 601 730 640 agens
756 596 793 624 ut
816 584 1006 624 accusandi
1026 585 1133 623 finem
1153 583 1300 630 saciant,

342 650 462 689 virum
487 649 576 688 mihi
606 649 766 687 omnium
799 646 1081 694 amicissimum,
1104 644 1166 697 qui
1202 652 1300 682 tanta

343 726 427 764 erga
449 726 506 750 me
523 725 607 749 usus
633 711 679 749 sit
714 708 926 748 verecundia
944 739 954 755 ‚
974 717 1014 746 ut
1032 722 1077 746 ne
1093 705 1238 758 quidem
1254 705 1300 744 de

343 773 440 812 illata
460 773 546 822 sibi,
565 783 600 812 ut
627 781 743 826 putat,
765 771 896 824 injuria
919 769 1087 822 conqueri
1106 768 1204 816 velit,
1226 770 1299 806 imo

342 835 448 874 etiam
466 835 538 874 suis
555 834 767 888 posthabitis
781 834 826 871 de
842 832 970 871 nostris
983 832 1128 884 insuper
1147 838 1296 880 satagat,
1325 832 1348 862 D

343 911 412 935 non
433 897 565 950 possim
587 896 738 943 flectere,
759 908 886 945 meque
901 893 998 947 apud
1015 892 1120 931 illum
1136 890 1180 930 de
1201 891 1298 929 illata

343 957 475 1010 injuria
494 971 659 1010 purgare,
679 956 767 1007 quin
785 955 891 994 etiam
922 957 1056 1007 majore
1082 967 1163 1005 erga
1194 952 1298 991 illum

343 1019 494 1070 segnitie
510 1019 561 1057 uti
589 1017 735 1066 videar,
756 1031 863 1069 quam
884 1016 944 1055 ille
962 1014 1203 1054 sollicitudine
1217 1027 1299 1064 erga

345 1094 400 1118 me
421 1080 547 1118 utitur.
570 1082 651 1126 Qua
674 1078 831 1130 igiturin
852 1086 937 1116 rete
956 1076 1124 1121 laesimus,
1140 1074 1300 1127 quaudo·

343 1140 489 1191 quidem
512 1140 595 1178 hinc
612 1139 862 1178 constituimus
883 1137 1055 1190 apologite
1078 1136 1226 1189 pelagus
1245 1135 1298 1173 in-

343 1201 444 1251 gredi
463 1202 482 1239 ?
503 1215 547 1239 an
566 1201 649 1252 quia
666 1210 697 1237 te
716 1199 1020 1237 circumvenimus
1035 1227 1045 1245 ,
1073 1206 1300 1246 nostramque

341 1262 404 1299 tibi
425 1271 579 1299 mentem
599 1261 819 1299 celavimus?
834 1259 941 1310 Atqui
957 1257 1049 1296 illud
1065 1271 1147 1295 cum
1162 1271 1226 1309 pro
1246 1256 1299 1294 tui

340 1322 576 1374 decepti,tum
596 1335 660 1374 pro
678 1334 800 1359 eorum
815 1320 937 1368 etiam,
949 1318 1083 1370 quibus
1097 1327 1130 1355 te
1142 1316 1298 1356 sallendo

340 1382 566 1435 prodidimus
579 1412 590 1428 ,
605 1381 758 1420 utilitate
774 1381 935 1419 fecimus.
959 1379 998 1418 Si
1018 1379 1138 1430 itaque
1168 1378 1296 1417 astutia

338 1458 478 1497 semper
496 1444 609 1489 mala,
629 1457 741 1495 neque
761 1442 822 1480 illa
842 1455 1013 1493 umquam
1031 1440 1090 1479 vel
1107 1439 1154 1478 ad
1182 1439 1298 1492 quod-

340 1505 426 1543 libet
440 1506 670 1544 commodum
689 1504 741 1542 uti
762 1504 890 1550 liceat,
910 1511 1056 1555 paratus
1076 1516 1158 1541 sum
1176 1515 1297 1555 poenas

338 1563 424 1602 dare
459 1577 702 1614 quascumque
740 1562 897 1601 volueris
926 1577 934 1598 ε
965 1576 1027 1600 seu
1059 1561 1176 1614 potius
1211 1563 1296 1613 quia
1323 1575 1346 1606 ε

339 1639 534 1676 numquam
556 1639 602 1663 ex
620 1639 675 1663 me
694 1638 816 1677 poenas
835 1624 979 1676 exigere
996 1622 1188 1662 sustinebis
1209 1652 1220 1669 ,
1239 1637 1296 1662 eas

338 1685 406 1737 ipsi
427 1685 690 1738 nobismetipsis
708 1683 949 1735 irrogabimus
966 1714 978 1731 ,
999 1698 1088 1735 quas
1101 1683 1214 1722 solent
1233 1684 1299 1735 ju-

336 1747 433 1786 dices
452 1747 626 1794 sontibus,
642 1760 723 1785 cum
737 1746 783 1784 ab
802 1745 986 1784 actoribus
1003 1745 1077 1783 suis
1093 1744 1144 1783 rei
1166 1745 1296 1797 peracti

337 1809 479 1848 fuerint.
504 1809 568 1849 Sin
598 1822 683 1847 vero
697 1807 828 1846 astutia
848 1821 916 1845 non
935 1821 1073 1859 semper
1093 1807 1200 1845 noxia
1221 1816 1272 1845 est
1287 1837 1296 1854 ,

339 1873 399 1911 sed
420 1887 485 1924 pro
504 1886 628 1911 eorum
648 1872 710 1923 qui
733 1871 792 1910 illa
813 1872 965 1910 utuntur
979 1871 1100 1909 animo
1122 1885 1182 1909 seu
1206 1871 1298 1909 mala

338 1946 400 1972 seu
417 1933 509 1972 bona
529 1932 697 1980 efficitur,
709 1931 852 1969 missam
866 1931 996 1969 faciens
1013 1931 1300 1970 criminationem

339 1995 456 2042 istam,
476 2008 546 2045 qua
567 2002 600 2032 te
614 1993 899 2031 circumventum
915 1993 1088 2043 quereris,
1106 1993 1216 2045 proba
1237 2007 1300 2031 nos

341 2056 377 2094 in
393 2055 526 2093 matum
543 2064 621 2093 astu
639 2068 721 2092 usos
733 2067 827 2092 esse:
842 2054 954 2092 donec
968 2054 1062 2092 enim
1080 2054 1116 2092 id
1131 2054 1299 2102 abfuerit,

341 2131 410 2155 non
426 2116 624 2162 criminari,
647 2115 708 2153 sed
727 2114 873 2153 laudare
899 2114 1134 2167 decipientem
1156 2129 1298 2166 aequum

340 2177 447 2216 fuerit
463 2178 560 2230 apud
579 2190 638 2215 eos
657 2177 782 2214 saltem
808 2177 868 2228 qui
895 2176 1053 2227 aliquam
1073 2177 1167 2228 :equi
1191 2177 1300 2216 boni-

340 2253 410 2290 que
429 2239 599 2277 rationem
619 2237 763 2275 liabent.
791 2238 949 2275 Tantum
972 2237 1067 2275 enim
1087 2237 1179 2276 lucri
1194 2237 1302 2276 habet

339 2310 540 2353 opportuna
561 2301 722 2349 bonoque
742 2299 862 2338 animo
875 2309 996 2352 parata
1017 2300 1179 2346 sraus,ut
1195 2301 1301 2340 multi

340 2377 445 2414 saepe,
468 2362 565 2414 quod
584 2376 622 2400 ea
639 2376 706 2400 non
728 2361 782 2399 usi
805 2361 888 2410 sint,
909 2376 1030 2414 poenas
1048 2361 1226 2401 dederint.
1251 2365 1301 2401 Ac

339 2424 368 2461 si
397 2424 488 2463 velis
516 2424 625 2462 duces
647 2423 871 2462 exercituum
904 2424 1111 2463 examinare
1142 2425 1189 2464 ab
1215 2425 1302 2464 orbe

340 2484 482 2524 condito
511 2486 740 2534 celebriores,
762 2486 905 2524 illorum
927 2495 1061 2539 tropaea
1082 2501 1191 2537 quam
1211 2488 1299 2540 plu-

340 2547 429 2584 rima
448 2546 532 2585 dolo
552 2556 651 2599 parta
670 2547 866 2599 comperies
880 2576 890 2593 ‚
905 2561 1033 2598 eosque
1052 2548 1178 2600 majori
1195 2548 1301 2588 laude

340 2608 547 2657 celebratos,
561 2623 666 2660 quam
682 2609 743 2660 qui
759 2617 880 2660 aperto
895 2617 1006 2647 marte
1023 2609 1196 2648 vicerunt.
1208 2612 1299 2649 Nam

341 2670 378 2708 hi
394 2671 540 2721 quidem
556 2671 680 2723 majori
703 2671 935 2723 pecuniarum
951 2671 1210 2723 hominumque
1225 2672 1299 2710 dis·

341 2731 470 2783 pendio
492 2732 607 2770 liostes
632 2741 798 2784 superant
817 2762 827 2779 ‚
851 2731 899 2770 ita
922 2741 959 2770 ut
975 2732 1187 2785 plerumque
1208 2733 1298 2771 nihil

342 2793 521 2832 commodi
539 2807 581 2832 ex
600 2793 748 2831 victoria
764 2794 930 2841 referant,
953 2793 1015 2833 sed
1036 2809 1104 2833 non
1125 2795 1298 2834 minorem

343 2853 495 2891 victores
517 2868 625 2904 quant
655 2853 740 2891 victi
772 2863 846 2891 tuin
873 2854 1050 2893 exercitus
1078 2864 1155 2893 tum
1184 2855 1299 2894 :erm-ii
1326 2876 1348 2906 B

340 2918 515 2967 jacturam
541 2917 682 2956 saciant.
711 2917 764 2956 Ad
785 2917 860 2956 haec
893 2932 977 2957 vero
1005 2933 1072 2957 non
1101 2920 1223 2958 sinunt
1241 2934 1301 2959 eos

348 2977 429 3014 victi
453 2987 520 3015 tot-i
543 2979 699 3016 victori-'e
722 2978 836 3027 glorin
853 2979 923 3016 frui
941 2994 950 3027 3
969 2980 1099 3018 etenim
1121 2981 1207 3033 ipsis
1223 2982 1300 3033 ejus

348 3053 428 3089 pars
445 3054 512 3076 uon
535 3040 679 3077 minima
700 3040 806 3084 cedit,
825 3049 945 3093 utpote
961 3041 1022 3091 qui
1039 3042 1168 3080 animis
1188 3043 1299 3081 vieto·

348 3101 637 3152 resmmporibus
654 3101 768 3138 solum
794 3100 975 3139 inferiores
994 3101 1125 3140 suerint
1145 3117 1154 3150 ;
1177 3102 1224 3141 ita
1245 3113 1298 3150 ttt,

351 3160 377 3196 si
405 3162 601 3212 potuissent
630 3162 779 3199 confossi
809 3176 876 3200 nou
906 3162 1046 3211 cadere,
1070 3178 1181 3215 neque
1206 3178 1302 3202 mors

394 3299 409 3321 Ἰ
437 3298 567 3337 Aliquot
586 3299 661 3330 tta.
682 3303 851 3334 mimz-iro,

394 3350 469 3381 ‘Sic
493 3349 610 3387 Sunii„
633 3351 746 3384 ›ton-t.
765 3358 796 3382 et
815 3352 941 3392 nliquot
960 3353 1036 3385 Mu.
1059 3352 1122 3385 Alii
1139 3357 1219 3388 ozi&
1237 3357 1362 3400 ppassim

352 3418 387 3435 w
419 3401 477 3432 ΑΙιι
497 3406 574 3433 αλια
591 3405 700 3444 epe-‘⁴13⁷
717 3417 765 3434 τυ.

394 3458 400 3477 Ι
434 3453 503 3484 Duo
523 3452 583 3483 *ts*
620 3458 705 3485 ὑπ’,

711 3458 904 3495 {UMT-⁴74·

1313 2101 1362 2126 ³69

1326 2144 1350 2168 A
1376 2120 1444 2172 γὰρ
1465 2122 1538 2173 ἔχει
1553 2121 1673 2173 κέρδος
1693 2121 1850 2174 εὔκαιροι,
1868 2121 1986 2170 ἀπάτη
2001 2151 2010 2167 ,
2031 2121 2091 2159 καὶ
2115 2120 2204 2170 μετὰ
2219 2123 2281 2167 τῆς
2299 2121 2404 2173 ὀρθῆς

1346 255 1367 282 Α
1378 253 1548 283 Μ’,ΙΗΕΡ-
1587 253 1756 283 coast]
1766 253 1948 283 NTlNOP.

1377 335 1592 388 πειράσομαί
1611 351 1667 375 σοι
1686 335 1789 388 λόγον
1807 337 1944 384 δοῦναι,
1963 337 2010 380 ὡς
2029 335 2070 373 ἂν
2091 329 2161 380 οἷός
2185 351 2224 374 τε
2251 327 2293 374 ὦ.
2310 337 2401 385 Καὶ,

1379 399 1410 435 εἷ
1436 396 1554 448 βούλει
1570 413 1622 449 γε,
1648 397 1711 436 ἀπ’
1733 399 1846 438 αὐτῶν
1863 400 2002 449 πρῶτον
2018 399 2082 443 τῆς
2103 395 2295 446 ἀπολογίας
2314 398 2401 447 [τῶν

1375 460 1505 509 λόγων]
1520 459 1715 510 ποιήσομαι
1731 459 1794 506 τὴν
1811 458 1936 511 ἀρχήν.
1955 458 2024 498 Καὶ
2037 458 2106 510 γὰρ
2125 457 2166 496 ἂν
2183 458 2258 505 εἴην
2274 459 2404 503 ἄτοπος

1375 519 1435 558 καὶ
1453 519 1530 558 λίαν
1562 519 1759 572 ἀγνώμων,
1780 522 1811 558 εἰ
1839 522 1901 566 τῆς
1926 518 2025 571 παρὰ
2058 521 2129 562 τῶν
2159 518 2283 564 ἔξωθεν
2303 519 2404 567 δόξης

1376 582 1584 633 φροντίζων,
1617 581 1678 620 καὶ
1711 581 1805 624 ὅπως
1823 579 1839 601 ¹¹
1851 580 2060 619 παύσωνται
2099 583 2185 631 ἡμῖν
2213 582 2404 631 ἐγκαλοῦν-

1376 659 1445 690 τες,
1472 643 1587 681 πάντα
1614 643 1821 689 ποιῶν,τὸν
1847 642 2012 682 ἁπάντων
2045 658 2105 692 μοι
2127 643 2312 695 φίλτατον,
2342 643 2403 681 καὶ

1375 704 1528 755 τοσαύτῃ
1546 704 1632 756 πρὸς
1652 708 1748 755 ἡμᾶς
1764 704 1854 742 αἰδοῖ
1880 703 2096 756 κεχρημένον
2108 733 2119 753 ,
2135 706 2182 748 ὡς
2204 703 2293 754 μηδὲ
2314 702 2403 756 {erip

1376 759 1424 803 ὧν
1443 765 1634 812 ἠδικῆσθαί
1653 781 1770 817 φησιν,
1784 764 1973 817 ἐγκαλέσαι
1993 766 2160 812 θελῆσαι,
2174 768 2189 785 ⁶
2204 764 2296 804 ἀλλὰ
2315 766 2400 817 παρ’

1375 828 1471 868 οὐδὲν
1491 830 1535 867 τὰ
1551 831 1655 867 αὑτοῦ
1673 828 1816 878 θέμενον
1836 827 1890 866 ἔτι
1908 831 1978 866 τῶν
1994 827 2176 880 ἡμετέρων
2197 827 2403 880 φροντίζειν,

1376 891 1425 941 μὴ
1441 891 1612 941 δυναίμην
1632 892 1679 934 ὡς
1698 892 1760 928 οὐκ
1780 890 1891 927 ἀδικῶ
1910 895 2044 938 πεῖσαι,
2057 888 2149 928 ἀλλὰ
2170 889 2300 939 μείζονι
2319 888 2403 941 περὶ

1377 952 1480 990 αὐτὸν
1499 951 1686 1005 φαινοίμην
1710 950 1928 1003 κεχρημένος
1955 952 2111 1004 ῥᾳθυμία
2138 945 2180 996 ἧς
2198 951 2301 994 αὐτὸς
2318 949 2402 1004 περὶ

1375 1013 1690 1063 ἡμᾶςέπεδείξατο
1712 1013 1878 1058 σπουδῆς.
1898 1012 1946 1052 Τί
1965 1027 2049 1050 ποτε
2076 1027 2136 1052 ουν
2166 1027 2205 1050 σε
2230 1012 2403 1059 ἠδικήκα-

1377 1090 1440 1124 μεν
1452 1104 1462 1120 ‚
1497 1075 1617 1121 ἐπειδὴ
1651 1075 1711 1112 καὶ
1744 1076 1898 1113 ἐντεῦθεν
1939 1075 2142 1125 ἐγνώκαμεν
2180 1075 2228 1117 εἷς
2267 1073 2307 1112 τὸ
2341 1075 2405 1119 τῆς

1376 1137 1568 1188 ἀπολογίας
1597 1139 1734 1189 ἀφεῖναι
1755 1137 1925 1188 πέλαγος,
1950 1131 2019 1189 ἀρα
2043 1136 2098 1174 ὅτι
2135 1151 2174 1175 σε
2209 1150 2403 1188 παρεκρου·

1375 1198 1514 1248 σάμεθα
1526 1229 1536 1244 ,
1554 1199 1614 1236 καὶ
1628 1199 1692 1246 τὴν
1713 1198 1889 1249 ἡμετέραν
1905 1198 2104 1250 ἑκρύψαμεν
2124 1197 2268 1248 γνώμην
2284 1214 2294 1246 ;
2311 1196 2405 1236 Ἀλλ’

1374 1261 1432 1298 ἐπὶ
1449 1260 1564 1310 κέρδει
1584 1260 1643 1297 καὶ
1663 1264 1722 1298 τοῦ
1748 1259 1987 1305 ἀπατηθέντος
2015 1273 2076 1297 σου
2088 1287 2098 1305 ,
2117 1259 2177 1296 καὶ
2196 1252 2247 1301 οἶς
2262 1257 2403 1304 ἀπατή-

1375 1320 1498 1364 σαντές
1526 1336 1565 1359 σε
1581 1320 1848 1372 προυδώκαμεν.
1870 1321 1915 1359 Εἰ
1935 1319 1998 1371 μὲν
2017 1319 2086 1371 γὰρ
2116 1320 2159 1357 δι’
2180 1319 2263 1358 ὅλου
2281 1319 2322 1358 τὸ
2342 1321 2405 1367 τῆς

1374 1383 1508 1429 κλοπῆς
1525 1382 1650 1429 κακὸν,
1667 1381 1727 1420 καὶ
1760 1382 1821 1420 οὐκ
1848 1381 1942 1421 ἔστιν
1975 1383 2022 1426 εἷς
2042 1381 2116 1420 δέον
2140 1381 2236 1433 αὐτῷ
2263 1379 2405 1434 χρήσα-

1376 1443 1458 1484 σθαί
1477 1459 1580 1491 ποτε,
1598 1444 1714 1482 δοῦναι
1734 1443 1869 1493 ἕτοιμοι
1888 1443 1988 1490 δίκην
2008 1445 2131 1494 ἡμεῖς,
2160 1443 2204 1489 ἣν
2235 1442 2276 1480 ἃν
2303 1441 2406 1486 αὐτὸς

1375 1505 1495 1558 ἐθέλῃς
1519 1521 1527 1528 ·
1559 1507 1692 1556 μᾶλλον
1727 1505 1763 1544 δὲ
1800 1504 1842 1543 σὺ
1875 1504 1937 1556 μὲν
1976 1504 2142 1543 οὐδέποτε
2177 1505 2261 1556 παρ’
2298 1504 2403 1555 ἡμῶν

1375 1567 1477 1619 ἀνέξῃ
1493 1568 1594 1613 δίκην
1615 1568 1736 1606 λαὸεῖν
1750 1596 1760 1613 ,
1776 1571 1879 1617 ἡμεῖς
1895 1566 1931 1605 δὲ
1948 1569 2081 1605 ἑαυτῶν
2101 1565 2402 1616 καταγνωσόμεθα

1374 1633 1506 1675 ταῦτα,
1539 1629 1560 1667 ἃ
1585 1632 1654 1668 τῶν
1687 1629 1898 1668 ἀδικούντων
1917 1631 1949 1667 οἱ
1977 1629 2190 1675 δικάζοντες,
2205 1626 2287 1666 ὅταν
2307 1624 2320 1648 ¹
2333 1627 2400 1666 αὖ-

1372 1689 1451 1733 τοὺς
1480 1689 1605 1729 ἕλωσιν
1633 1692 1665 1728 οἱ
1685 1689 1885 1741 κατήγοροι.
1916 1691 1960 1728 Εἰ
1975 1689 2011 1729 δὲ
2033 1690 2095 1728 οὐκ
2114 1689 2168 1728 ἀεὶ
2193 1689 2234 1728 τὸ
2251 1694 2401 1741 πρᾶγμα

1374 1751 1564 1794 ἐπιὸλαῧὲς
1575 1783 1585 1801 ,
1601 1752 1692 1790 ἀλλὰ
1709 1752 1806 1804 παρὰ
1824 1751 1888 1797 τὴν
1903 1754 1973 1789 τῶν
1986 1751 2178 1803 χρωμένων
2197 1749 2401 1803 προαίρεσιν

1375 1813 1507 1862 γίνεται
1523 1815 1652 1865 φαῦλον
1678 1812 1700 1859 ἢ
1729 1813 1856 1861 καλὸν,
1876 1813 1974 1865 ἀφεὶς
1997 1814 2158 1863 ἐγκαλεῖν
2183 1812 2224 1850 τὸ
2253 1813 2400 1858 ἠπατῆ-

1375 1878 1479 1921 σθαι,
1502 1874 1609 1919 δεῖξον
1627 1875 1684 1914 ἐπὶ
1703 1877 1803 1926 κακῷ
1824 1877 1927 1913 τοῦτο
1943 1873 2243 1926 τεχνασαμένους·
2272 1875 2320 1918 ὡς
2338 1874 2403 1917 ἕως

1375 1935 1416 1974 ἂν
1434 1941 1536 1975 τοῦτο
1554 1939 1627 1989 ἀπῇ
1641 1965 1651 1982 ,
1681 1935 1730 1986 μὴ
1759 1935 1813 1975 ὅτι
1837 1935 1987 1988 μέμψεις
2013 1935 2072 1974 καὶ
2100 1935 2214 1979 αἰτίας
2233 1933 2400 1986 ἐπάγειν,

1376 1997 1467 2036 ἀλλὰ
1485 1997 1544 2035 καὶ
1563 1998 1798 2050 ἀποδέχεσθαι
1826 1998 1883 2036 τὸν
1903 1999 2095 2036 ἀπατῶντα
2124 1996 2257 2036 δίκαιον
2285 1996 2325 2035 ἂν
2347 1995 2402 2044 εἴη

1375 2059 1454 2104 τούς
1463 2075 1502 2111 γε
1519 2059 1745 2111 εὐγνωμόνως
1765 2061 1960 2099 διακεῖσθαι
1974 2058 2215 2111 βουλομένους.
2226 2059 2402 2098 ’Τοσοῦτον

1376 2184 1543 2233 γινομένη
1562 2183 1715 2225 διανοίας
1727 2213 1736 2230 ,
1756 2185 1803 2226 ὡς
1816 2182 1985 2229 πολλοὺς,
2000 2182 2053 2221 ὅτι
2069 2182 2120 2232 μὴ
2139 2181 2403 2234 παρεκρούσαν-

1376 2259 1436 2292 το,
1462 2245 1522 2282 καὶ
1541 2244 1642 2290 δίκην
1659 2245 1777 2283 δοῦναι
1796 2243 1977 2288 πολλάκις.
1998 2243 2069 2282 Καὶ
2088 2245 2117 2282 εἰ
2141 2243 2258 2295 βούλει
2278 2257 2318 2295 γε
2332 2244 2402 2281 τῶν

1378 2309 1585 2358 στρατηγῶν
1602 2304 1679 2348 τοὺς
1694 2305 1728 2350 ἐξ
1756 2307 1878 2349 αἰῶνος
1896 2305 2196 2356 εὐδοκιμήσαντας
2227 2303 2403 2351 ἐξετάσαι,

1376 2368 1420 2406 τὰ
1463 2367 1606 2406 πλείονα
1647 2370 1761 2406 αὐτῶν
1793 2367 1947 2419 τρόπαια
1975 2369 2037 2414 τῆς
2078 2366 2217 2413 ἀπάτης
2247 2365 2403 2417 εὑρήσεις

1374 2431 1458 2469 ὄντα
1485 2429 1764 2482 κατορθώματα,
1793 2429 1854 2468 καὶ
1882 2430 2014 2479 μᾶλλον
2034 2427 2173 2472 τούτους
2194 2424 2404 2476 ἐπαινουμί·

1376 2507 1467 2537 νους,
1490 2491 1512 2538 ἢ
1531 2491 1606 2535 τοὺς
1624 2494 1664 2530 ἐκ
1683 2496 1743 2530 τοῦ
1762 2494 1912 2543 φανεροῦ
1936 2493 2162 2542 κρατοῦντας.
2182 2490 2231 2528 Οἱ
2251 2486 2315 2538 μὲν
2333 2486 2403 2538 γὰρ

1378 2553 1468 2603 μετὰ
1493 2553 1652 2596 πλείονος
1668 2556 1731 2599 τῆς
1756 2553 1913 2599 δαπάνης
1938 2554 1998 2589 καὶ
2023 2552 2087 2596 τῆς
2105 2552 2175 2588 τῶν
2194 2548 2405 2601 χρημάτων,

1377 2613 1436 2651 καὶ
1459 2616 1521 2660 τῆς
1554 2616 1624 2651 τῶν
1657 2614 1833 2663 σωμάτων
1869 2614 2074 2662 κατορθοῦσι
2103 2609 2180 2653 τοὺς
2206 2608 2403 2659 πολέμους,

1375 2677 1422 2717 ὡς
1439 2674 1547 2725 μηδὲν
1565 2676 1679 2717 αὐτοῖς
1698 2673 1802 2712 πλέον
1827 2673 1897 2711 ἀπὸ
1921 2675 1983 2718 τῆς
2002 2671 2100 2717 νίκης
2118 2670 2293 2721 γίνεσθαι,
2312 2668 2403 2707 ἀλλὰ

1376 2737 1458 2787 παρ’
1479 2734 1577 2774 οὐδὲν
1596 2746 1609 2761 ·
1628 2730 1732 2781 ἧττον
1749 2737 1818 2772 τῶν
1836 2733 2041 2783 ἡττημένων
2064 2731 2143 2774 τοὺς
2159 2731 2402 2784 κρατήσαντας

1376 2797 1577 2849 δυστυχεῖν,
1598 2797 1657 2834 καὶ
1677 2798 1746 2833 τῶν
1768 2795 2043 2846 στρατευμάτων
2067 2793 2321 2844 ἀνηλιι)με’νων,
2342 2793 2403 2831 καὶ

1376 2860 1444 2896 τῶν
1474 2858 1644 2908 ταμιείων
1679 2855 1939 2907 κεκενωμένων.
1975 2855 2068 2908 Πρὸς
2094 2854 2129 2894 δὲ
2161 2854 2294 2898 τούτοις
2324 2853 2403 2893 οὗδὶ

1375 2921 1439 2965 τῆς
1472 2919 1530 2957 ἐπὶ
1554 2921 1597 2969 τῇ
1617 2918 1696 2970 νίκῃ
1735 2917 1832 2963 δόξης
1863 2916 1985 2959 αὐτοὺς
2023 2919 2166 2968 ἀφιᾶσιν
2204 2917 2405 2954 ἀπολαῦσαι

1377 2981 1515 3027 πάσης·
1545 2980 1647 3031 μέρος
1674 2979 1741 3030 γὰρ
1778 2979 1885 3023 αὐτῆς
1901 2980 1939 3016 οὐ
1971 2977 2095 3029 μικρὸν
2126 2976 2312 3027 συμὸαίνει
2345 2974 2405 3014 καὶ

1376 3041 1454 3086 τοὺς
1481 3041 1712 3084 πεπτωκότας
1739 3042 1981 3092 καρποῦσθαι,
2016 3038 2074 3077 διὰ
2107 3039 2147 3077 τὸ
2177 3043 2254 3081 ταῖς
2274 3039 2403 3089 ψυχαῖς

1378 3105 1546 3147 νικῶντας
1561 3107 1631 3146 τοῖς
1650 3101 1811 3152 σώμασιν
1832 3099 2053 3146 ι’ἡττηθῆναι
2078 3098 2195 3148 μόνοις
2212 3115 2219 3122 ·
2242 3101 2302 3144 ὡς,
2317 3097 2349 3136 εἴ
2365 3113 2405 3148 γι

1379 3166 1458 3211 ἐνῆν
1481 3163 1715 3215 βαλλομένους
1737 3162 1786 3212 μὴ
1809 3162 1963 3207 πίπτειν,
1984 3159 2073 3210 μηδὲ
2092 3159 2246 3199 ἐπελθὼν
2259 3163 2278 3198 ὁ
2296 3158 2407 3198 oiva-

1442 3313 1455 3328 ·
1480 3306 1570 3340 ἦττον
1583 3301 1676 3335 deest
1695 3303 1727 3334 in
1747 3299 1852 3334 tribus
1869 3301 1944 3333 ttss.
1975 3299 2065 3332 lusrn
2083 3298 2185 3332 Snvil.
2204 3307 2238 3332 et.
2253 3298 2308 3331 elii
2332 3299 2405 3342 qui·

1397 3354 1476 3387 dnm
1491 3363 1643 3397 ταμιείων.
1665 3351 1767 3386 ΡηιιΙο
1784 3360 1857 3395 post
1875 3351 2002 3396 aliquot
2018 3353 2092 3384 Mss-
2107 3358 2234 3396 ἀριήσιν.

1442 3409 1458 3432 t,
1483 3406 1543 3439 Alii
1572 3413 1729 3443 ἡττᾶσθαι.
1757 3406 1834 3438 Mox
1866 3409 2070 3449 βαλλομένοις
2092 3404 2191 3437 satit.
2229 3414 2258 3436 et
2291 3414 2406 3437 omnes

1395 3459 1460 3491 svrc
1480 3459 1543 3489 uss
1572 3457 1908 3500 Ὴιπι·1.,ἓσ.ιιομέιου,’.
