2549 3825
995 292 1049 320 nn
1086 291 1392 321 vmfflmurss.
2116 271 2206 324 343

1263 371 1428 423 improbo
1447 386 1453 406 :
1470 384 1552 408 nam
1572 384 1610 407 ea
1629 378 1661 407 et
1677 371 1773 406 Deus
1785 368 1965 417 concessit,
1979 376 2011 405 et
2027 375 2125 405 erant
2142 379 2204 404 suo
2224 381 2395 408 aimonium

1262 441 1421 484 tempore
1438 430 1564 480 utilia;
1585 429 1649 469 sed
1671 430 1764 468 levia
1790 442 1914 468 censeo
1931 458 1944 479 ‚
1963 437 1997 466 et
2014 441 2207 480 puerorum
2223 421 2379 467 ¹¹.²‘¹⁰¹3‘³¹¹·

170 377 258 419 Θεὸς
284 375 350 427 γὰρ
381 374 468 412 αὐτὰ
498 372 743 424 συνεχώρησε,
764 372 824 409 καὶ
850 372 986 423 γέγονεν
1013 375 1047 409 ἐν
1075 374 1188 424 καιρῷ

168 437 345 489 χρήσιμα·
365 434 475 486 μικρὰ
503 433 540 472 δὲ
571 432 660 470 αὐτὰ
689 426 778 470 εἷναί
805 447 923 483 φημι,
954 433 1015 470 καὶ
1051 432 1187 470 παίδων
2226 466 2236 488 ι
2319 472 2327 475 q

2239 471 2270 488 1ae
2286 472 2360 492 esne,

167 496 424 548 κατορθώματα
452 496 583 546 μᾶλλον
601 493 624 540 ἢ
644 493 790 546 ἀνδρῶν.
806 493 878 531 Καὶ
899 492 957 530 διὰ
975 496 1076 531 τοῦτο
1093 496 1190 543 ἡμᾶς

166 557 315 599 τελείους
330 559 348 594 ὃ
364 555 513 608 Χριστὸς
536 556 794 607 δημιουργῆσαι
826 552 1051 604 βουλόμενος,
1072 554 1190 590 ἐκεῖνα

169 616 232 667 μὲν
248 615 438 655 ἀποθέσθαι
460 615 660 663 ἐκέλευσεν,
681 614 801 666 ὥσπερ
821 613 946 664 ἱμάτια
963 612 1110 651 παιδικὰ
1129 612 1191 650 καὶ

168 677 207 714 οὖ
235 677 411 727 δυνάμενα
439 676 641 728 περιὸαλεῖν
659 675 718 714 τὸν
738 675 847 726 ἄνδρα
866 674 925 712 τὸν
947 673 1093 721 τέλειον,
1112 672 1190 711 οὐδὲ

168 737 208 775 τὸ
228 738 352 790 μέτρον
372 740 551 787 κοσμῆσαι
565 739 628 783 τῆς
642 736 782 783 ἡλικίας
799 740 860 774 τοῦ
877 735 1115 787 πληρώματος
1132 738 1193 772 τοῦ

170 799 337 850 Χριστοῦ·
351 798 396 836 τὰ
417 798 452 836 δὲ
473 797 614 835 ἐκείνων
629 795 894 850 ἐὐπρεπέστερα
916 797 975 834 καὶ
996 796 1194 846 τελειότερα

169 859 370 910 περιθέσθαι
410 857 590 896 ἐκέλευσεν
603 887 613 904 ,
650 860 713 895 οὐκ
750 858 1024 906 ἀντινομοθετῶν
1058 858 1170 908 ἐαυτῷ
1184 886 1194 904 ,

170 918 261 957 ἀλλὰ
283 918 343 956 καὶ
370 918 505 969 σφόδρα
526 919 734 956 ἀκολουθῶν.
749 919 794 955 Εἰ
812 917 880 969 γὰρ
896 917 955 954 καὶ
975 916 1021 954 τὰ
1039 916 1195 970 προστά-

170 995 290 1030 γματα
315 981 427 1016 ταῦτα
460 978 600 1016 ἐκείνων
630 977 764 1028 μείζω,
791 977 883 1015 ἀλλὰ
916 981 976 1015 τοῦ
1006 976 1193 1027 νομοθέτου

171 1039 298 1081 σκοπὸς
313 1041 331 1076 ὁ
351 1037 466 1081 αὐτός.
484 1038 549 1082 Τίς
567 1032 624 1076 οὖν
646 1040 741 1076 ἐστιν
766 1032 884 1084 οὗτος,
903 1039 1102 1090 Περικόψαι
1129 1038 1194 1084 τὴν

169 1099 296 1137 κακίαν
314 1102 376 1146 τῆς
405 1098 579 1152 ἡμετέρας
605 1101 747 1151 ψυχῆς,
766 1098 825 1136 καὶ
856 1098 942 1150 πρὸς
968 1099 1031 1145 τὴν
1057 1099 1193 1137 τελείαν

170 1160 277 1206 αὐτὴν
297 1161 441 1210 ἀγαγεῖν
471 1160 613 1210 ἀρετήν.
633 1161 679 1198 Εἰ
697 1158 810 1197 τοίνυν
836 1162 939 1198 τοῦτο
957 1159 1191 1208 ἐσπουδάκει,

169 1222 208 1259 οὗ
239 1219 278 1258 τὸ
307 1220 450 1271 μείζονα
475 1219 638 1264 ἐπιτάξαι
670 1224 739 1259 τῶν
770 1221 948 1273 προτέρων
963 1251 973 1269 ,
991 1221 1081 1259 ἀλλὰ
1098 1222 1138 1260 τὸ
1156 1223 1192 1260 ἐν

168 1287 238 1326 τοῖς
268 1283 384 1326 αὐτοῖς
414 1283 551 1334 ἀφεῖναι
585 1281 796 1329 διαπαντὸς,
833 1281 893 1319 καὶ
926 1282 1103 1332 μηδέποτε
1130 1285 1193 1329 τῆς

170 1341 341 1386 εὐτελείας
374 1342 573 1386 ἀπαλλάξαι
610 1341 761 1389 ἐκείνης,
795 1346 897 1380 τοῦτο
930 1344 1191 1392 ἐναντιουμένου

169 1403 302 1454 σφόδρα
330 1397 372 1449 ἦν
401 1405 529 1456 ἑαυτῷ.
551 1402 692 1453 ςὨσπερ
717 1403 784 1455 γὰρ
806 1405 835 1440 εἷ
854 1402 952 1455 παρὰ
970 1401 1033 1447 τὴν
1055 1403 1190 1456 ἀρχὴν,

168 1463 226 1502 ὅτε
254 1463 530 1516 νηπιωδέστερον
557 1464 597 1502 τὸ
629 1465 699 1500 τῶν
739 1462 932 1514 ἀνθρώπων
969 1463 1117 1502 διέκειτο
1134 1464 1191 1515 γέ·

169 1539 243 1572 νος,
274 1524 338 1571 τὴν
375 1524 628 1574 ἐπιτεταμένην
662 1523 792 1570 ταύτην
827 1524 1055 1573 ἐνομοθέτησε
1087 1527 1192 1563 πολι-

168 1585 278 1630 τείαν,
304 1585 374 1623 οὐδ’
397 1584 437 1622 ἂν
454 1584 517 1631 τὴν
539 1584 736 1635 σύμμετρον
761 1583 952 1634 ἐδεξάμεθα
977 1584 1084 1632 ποτὲ,
1101 1585 1191 1624 ἀλλὰ

1151 1648 1172 1656 m

168 1645 285 1683 πάντα
312 1645 357 1682 τὰ
385 1648 447 1691 τῆς
475 1644 650 1696 σωτηρίας
682 1647 766 1694 ἡμῖν
799 1645 866 1682 ὑπὸ
900 1643 1029 1690 ταύτης
1056 1645 1096 1682 ἂν
1128 1661 1191 1691 της
1216 1662 1239 1691 Α

169 1706 336 1759 ἀμετρίας
352 1705 555 1758 διέφθαρτο·
568 1705 676 1747 οὕτως
698 1707 729 1742 εἷ
749 1704 839 1754 μετὰ
861 1705 919 1743 τὸν
938 1704 1046 1746 πολὺν
1065 1706 1189 1757 χρόνον

168 1769 297 1805 ἐκεῖνον
326 1767 385 1805 καὶ
414 1766 476 1813 τὴν
505 1766 576 1804 ἀπὸ
602 1770 662 1803 τοῦ
692 1765 799 1816 νόμου
832 1765 1103 1817 παιδαγωγίαν,
1132 1771 1191 1805 τοῦ

168 1831 289 1881 καιροῦ
321 1827 380 1865 ἐπὶ
406 1827 468 1874 τὴν
490 1826 649 1879 οὐράνιον
681 1826 810 1874 ταύτην
835 1829 1022 1871 καλοῦντος
1052 1829 1193 1879 φιλοσο-

170 1889 270 1941 φίαν,
287 1888 382 1926 εἴασε
413 1887 527 1939 μένειν
557 1888 616 1925 ἐπὶ
646 1889 709 1933 τῆς
737 1891 816 1938 γῆς,
838 1887 934 1926 οὐδὲν
962 1887 1002 1926 ἂν
1033 1889 1124 1939 μέγα
1153 1891 1192 1926 ἐκ

169 1953 231 1996 τῆς
272 1949 566 2002 συγκαταὸοίσεως
613 1949 897 2000 ἐκαρπωσοίμεθα
941 1950 1095 1997 ἐκείνης,
1130 1953 1193 1997 τῆς

169 2011 407 2059 τελειότητος,
426 2010 469 2048 δι’
489 2011 531 2058 ἣν
550 2014 572 2058 ἡ
594 2010 856 2063 συγκατάὸασις
880 2010 1022 2063 γέγονε,
1040 2011 1090 2062 μὴ
1117 2028 1192 2050 πα-

173 2072 402 2124 ραγενομένης
421 2076 519 2123 ἡμῖν.

224 2135 296 2172 Νῦν
318 2133 354 2172 δὲ
375 2133 568 2186 παρόμοιον
597 2132 736 2185 γέγονεν
757 2127 826 2171 οἷον
855 2133 913 2172 ἐπὶ
937 2137 1006 2172 τῶν
1025 2137 1188 2172 νεοττῶν.

170 2197 240 2233 Καὶ
269 2195 337 2247 γὰρ
359 2194 508 2237 ἐκείνους
533 2193 614 2232 ὅταν
649 2195 799 2246 ἐκθρέψῃ
828 2199 850 2242 ἧ
877 2195 1014 2247 μήτηρ,
1045 2196 1192 2248 προάγει

174 2255 237 2306 μὲν
269 2259 332 2302 τῆς
357 2257 498 2299 καλιᾶς·
519 2255 560 2292 ἂν
586 2255 621 2293 δὲ
650 2258 877 2298 ἀσθενοῦντας
904 2256 960 2308 ἴδῃ
987 2256 1047 2294 καὶ
1078 2272 1192 2294 κατα-

170 2315 362 2358 πίπτοντας
400 2316 460 2353 καὶ
497 2315 679 2365 δεομένους
719 2316 771 2354 ἔτι
809 2319 872 2362 τῆς
911 2316 1006 2354 ἔνδον
1061 2321 1190 2367 μονῆς,

172 2377 314 2427 ἀφίησιν
331 2376 384 2415 ἔτι
404 2376 541 2419 πλείους
560 2375 712 2427 ἡμέρας,
731 2379 795 2428 οὐχ
812 2377 869 2414 ἵνα
891 2378 1077 2420 διαπαντὸς
1096 2379 1190 2417 ἔνδον

172 2436 334 2486 μένωσιν,
346 2437 422 2474 ἀλλ’
436 2435 493 2474 ἵνα
503 2436 683 2487 παγέντων
701 2437 814 2479 αὐτοῖς
828 2439 943 2482 καλῶς
956 2441 1024 2475 τῶν
1040 2443 1190 2491 πτερῶν,

171 2496 230 2534 καὶ
251 2499 312 2542 τῆς
338 2496 455 2548 ἰσχύος
475 2496 752 2548 προσγενομένης
786 2497 926 2544 ἁπάσης
940 2528 949 2544 ,
971 2498 1059 2548 μετὰ
1079 2501 1191 2550 ἀσφα-

170 2557 264 2596 λείας
277 2557 396 2596 λοιπὸν
411 2559 474 2602 τῆς
492 2558 653 2604 πτήσεως
673 2557 835 2609 ἔχωνται.
846 2558 950 2596 Οὕτω
966 2560 1025 2597 καὶ
1036 2562 1052 2597 ὁ
1065 2560 1190 2611 Κύριος

171 2619 270 2667 ἡμῶν
291 2617 324 2662 ἐξ
344 2619 456 2670 ἀρχῆς
480 2619 543 2666 μὲν
568 2612 679 2656 εἷλκεν
709 2619 766 2656 ἐπὶ
788 2619 846 2656 τὸν
866 2620 1024 2670 οὐρανὸν,
1046 2620 1104 2657 καὶ
1127 2620 1189 2666 τὴν

171 2680 242 2716 ἐκεῖ
269 2678 436 2730 φέρουσαν
469 2679 544 2717 ὁδὸν
577 2678 726 2726 ἐδείκνυ,
748 2679 809 2717 οὐκ
837 2681 969 2730 ἀγνοῶν
990 2679 1073 2729 μὲν,
1099 2681 1190 2719 ἀλλὰ

172 2738 231 2776 καὶ
263 2738 394 2790 σφόδρα
427 2738 548 2785 εἰδὼς,
582 2740 634 2777 ὅτι
671 2741 732 2776 οὐκ
772 2740 967 2791 ἀρκέσομεν
1006 2741 1092 2792 πρὸς
1128 2741 1190 2788 τὴν

172 2799 300 2843 πτῆσιν
330 2797 482 2846 ἐκείνην,
502 2799 609 2844 δεῖξαι
638 2799 673 2837 δὲ
702 2804 786 2850 ἡμῖν
823 2801 1047 2851 βουλόμενος,
1070 2803 1122 2839 ὅτι
1153 2804 1190 2839 οὐ

172 2858 268 2910 παρὰ
287 2858 349 2905 τὴν
369 2860 472 2898 αὐτοῦ
493 2860 657 2911 βούλησιν
670 2891 679 2907 ,
699 2862 788 2899 ἀλλὰ
813 2861 907 2912 παρὰ
927 2862 990 2907 τὴν
1017 2863 1191 2914 ’ἡμετέραν

173 2917 350 2956 ἀσθένειαν
365 2919 404 2956 τὸ
422 2922 553 2970 πτῶμα
571 2920 714 2972 γίνεται.
731 2922 877 2968 Ἐπειδὴ
901 2923 935 2960 δὲ
953 2922 1193 2970 ἔδειξεν,οῦτω

173 2977 292 3015 λοιπὸν
314 2979 456 3030 ἀφίησιν
477 2978 597 3034 ὥσπερ
617 2984 651 3020 ἐν
672 2985 780 3034 καλιᾷ
793 2985 842 3034 τῷ
862 2982 984 3036 κόσμῳ
1004 2983 1115 3035 τούτῳ
1133 2984 1192 3021 καὶ

173 3041 222 3090 τῷ
243 3038 346 3091 γάμῳ
364 3039 549 3091 τρέφεσθαι
568 3041 691 3094 χρόνον
711 3042 831 3082 πολύν.
847 3042 909 3086 Ὡς
931 3044 964 3081 δὲ
990 3047 1070 3093 ἡμῖν
1094 3046 1128 3081 ἐν
1145 3047 1194 3098 τῷ

174 3101 293 3152 πολλῷ
317 3100 432 3153 χρόνῳ
453 3101 495 3140 τὰ
515 3104 575 3148 τῆς
593 3106 718 3155 ἀρετῆς
738 3103 799 3155 ἔφυ
826 3104 951 3156 πτερὰ,
971 3106 1048 3142 τότε
1077 3105 1193 3156 ἠρέμα

175 3160 233 3198 καὶ
262 3161 351 3199 κατὰ
384 3163 506 3215 μικρὸν
540 3164 648 3202 ἐλθὼν
677 3165 822 3216 ἐξήγαγε
852 3167 914 3210 τῆς
945 3166 1092 3202 ἐνταῦθα
1132 3181 1195 3216 μο-

175 3222 256 3267 νῆς,
277 3221 449 3260 διδάσκων
481 3224 679 3276 ὑψηλότερα
710 3225 894 3264 πέτασθαι.
915 3228 962 3263 Οἱ
984 3225 1045 3275 μὲν
1066 3220 1124 3264 οὖν
1144 3226 1194 3264 ἔτι
1234 3238 1241 3265 “.

176 3279 382 3332 νωθρότερον
411 3283 642 3335 διακείμενοι,
666 3286 724 3323 καὶ
754 3287 812 3323 τὸν
847 3285 952 3336 βαθὺν
990 3286 1095 3324 ὕπνον
1128 3302 1194 3324 κα-

177 3339 371 3392 θεύδοντες,
400 3345 700 3399 ε’μφιλοχωροῦσιν
731 3346 782 3384 ἔτι
807 3349 849 3398 τῇ
882 3348 1007 3398 καλιᾷ,
1031 3352 1101 3391 τοῖς
1135 3351 1194 3384 τοῦ

180 3399 308 3449 κόσμου
355 3406 620 3455 προσηλωμένοι
669 3407 872 3458 πράγμασιν
890 3423 897 3430 ·
926 3409 957 3444 ot
1009 3408 1044 3446 δὲ
1091 3409 1196 3452 ὄντως

181 3465 342 3509 γενναῖοι,
365 3463 422 3501 καὶ
442 3469 502 3502 τοῦ
521 3466 631 3516 φωτὸς
652 3468 814 3516 ἐρασταὶ.
838 3468 926 3517 μετὰ
950 3470 1079 3513 πολλῆς
1100 3470 1192 3506 εὐκο-

1261 492 1376 544 magis
1391 506 1501 542 quam
1517 491 1682 530 virorum
1702 500 1796 529 recte
1810 491 1912 528 facta.
1930 489 2086 539 Ideoque
2104 488 2212 526 Chri-

1263 562 1338 591 stus
1367 554 1488 591 volens
1508 567 1571 591 nos
1591 553 1762 605 perfectos
1795 551 1942 589 reddere
1971 550 2078 602 jussit
2094 580 2105 599 ,
2124 549 2182 587 his
2202 578 2212 593 ,

1263 623 1446 665 tamquam
1465 613 1666 666 puerilibus
1684 612 1860 658 vestibus,
1879 611 2063 661 detractis,
2084 625 2163 661 quae
2180 620 2215 648 et
2230 621 2341 659 Ephes.
2361 624 2394 659 4.

1263 673 1382 712 virum
1403 673 1569 712 adultum
1581 673 1741 721 amicire,
1751 681 1785 710 et
1799 685 2002 709 mensuram
2016 672 2130 709 aetatis
2143 671 2216 723 ple·
2238 662 2284 690 ¹3·

1263 734 1437 772 nitudinis
1456 734 1592 772 Christi
1612 747 1737 771 ornare
1755 732 1904 770 minime
1916 741 2070 784 possent,
2091 732 2217 784 splen-

1268 794 1424 833 didiores
1443 795 1615 846 quasdam
1635 809 1676 832 ac
1695 793 1923 846 perfectiores
1950 792 2123 839 induere,
2148 807 2217 831 non

1267 855 1328 893 ille
1342 854 1486 906 quidem
1504 869 1623 893 secum
1638 867 1814 906 pugnans,
1828 852 1890 891 sed
1906 852 2063 890 maxime
2076 866 2220 890 consen·

1266 914 1373 953 tiens.
1387 917 1481 954 Nam
1499 915 1564 953 etsi
1582 914 1660 952 haec
1678 914 1752 952 illis
1767 915 1903 965 majora
1925 922 2007 950 sunt
2026 922 2218 965 praecepta,

1267 975 1362 1014 idem
1378 985 1496 1014 tamen
1516 975 1706 1013 consilium
1727 984 1777 1012 est
1786 974 2015 1026 legislatoris.
2029 972 2222 1021 Quodnam

1267 1035 1306 1073 id
1321 1036 1404 1074 est?
1423 1035 1554 1075 Recisa
1576 1035 1689 1072 animi
1708 1034 1819 1072 nostri
1847 1033 2040 1072 vitiositate
2067 1047 2148 1071 eurn
2176 1034 2222 1071 ad

1268 1098 1461 1149 perfectam
1480 1096 1652 1135 virtutem
1671 1094 1859 1133 deducere.
1880 1096 2007 1145 Itaque
2026 1094 2056 1132 si
2080 1094 2113 1132 ei
2132 1109 2222 1146 ope-

1267 1172 1345 1195 ram
1361 1157 1531 1204 dedisset,
1551 1171 1623 1195 non
1640 1165 1679 1194 ut
1702 1155 1886 1208 prioribus
1910 1156 2047 1207 majora
2061 1155 2222 1207 impone·

1267 1227 1333 1265 ret,
1355 1218 1417 1256 sed
1434 1218 1471 1256 in
1490 1216 1621 1256 iisdem
1641 1225 1812 1269 perpetuo
1832 1216 1975 1266 sineret,
1993 1230 2106 1267 neque
2123 1216 2168 1253 ab
2182 1230 2223 1254 ea

1267 1278 1404 1316 vilitate
1422 1291 1594 1328 umquam
1607 1276 1824 1322 sublevaret,
1837 1274 1874 1312 id
1889 1276 2016 1313 fuisset
2029 1275 2221 1313 vehemen-

1267 1348 1320 1376 ter
1341 1352 1461 1376 secum
1494 1337 1698 1390 pugnantis.
1723 1337 1775 1374 Ut
1804 1336 1899 1373 enim
1932 1336 1962 1372 si
1990 1335 2092 1373 initio
2111 1365 2121 1382 ‚
2139 1349 2222 1373 cum

1268 1397 1443 1449 puerilius
1458 1397 1626 1434 affectum
1639 1403 1729 1432 esset
1751 1407 1859 1444 genus
1877 1392 2091 1441 humanum,
2115 1406 2221 1430 accu-

1268 1467 1387 1496 ratum
1406 1457 1473 1495 hoc
1503 1456 1708 1494 institutum
1727 1453 1922 1501 sanxisset,
1940 1466 2136 1503 numquam
2156 1467 2220 1490 nec

1266 1516 1491 1553 moderatum
1510 1513 1782 1565 accepissemUS,
1793 1510 1855 1549 sed
1871 1510 2166 1548 immoderatione
2181 1524 2220 1547 ea

1268 1577 1364 1614 salus
1384 1576 1486 1614 nobis
1505 1575 1620 1613 omnis
1639 1573 1802 1626 periisset
1825 1588 1832 1607 :
1853 1572 1903 1609 ita
1921 1571 1952 1609 si
1974 1580 2053 1623 post
2071 1571 2219 1622 longum

1267 1638 1337 1675 hoc
1357 1637 1528 1689 spatium,
1548 1649 1588 1673 ac
1607 1634 1675 1672 sub
1702 1633 1778 1684 lege
1797 1631 2046 1683 disciplinam,
2062 1640 2221 1683 tempore

1266 1711 1329 1735 nos
1359 1697 1404 1734 ad
1432 1697 1605 1734 caelestem
1635 1694 1726 1732 hanc
1758 1691 2023 1744 philosophiam
2056 1701 2222 1739 vocante,

1265 1758 1399 1796 haerere
1425 1757 1460 1794 in
1494 1766 1586 1794 terra
1616 1755 1778 1800 sivisset,
1799 1753 1889 1790 nihil
1909 1766 2078 1803 magnum
2097 1767 2142 1790 ex
2163 1754 2222 1790 in-

1265 1818 1449 1870 dulgentia
1469 1832 1508 1855 ea
1525 1816 1821 1869 percepissemus,
1836 1828 1918 1850 cum
1938 1814 2108 1864 perfectio
2129 1828 2219 1865 pro-

1266 1889 1346 1931 pter
1364 1893 1471 1930 quam
1489 1879 1583 1916 facta
1603 1875 1828 1928 indulgentia
1850 1883 1902 1912 est
1918 1874 2021 1912 nobis
2035 1888 2103 1913 non
2122 1875 2219 1913 obti-

1267 1948 1387 1992 g1sset.

1320 2135 1426 2172 Nunc
1440 2133 1556 2172 simile
1570 2132 1743 2184 quiddam
1759 2131 1861 2170 nobis
1875 2145 1915 2169 ac
1929 2131 2040 2183 pullis
2053 2130 2218 2182 contigit.
2235 2152 2334 2181 xyst
2381 2153 2424 2181 De

1266 2191 1359 2229 Nam
1382 2191 1444 2228 ubi
1471 2205 1530 2229 eos
1553 2190 1719 2228 educavit
1735 2199 1861 2235 mater,
1885 2190 2018 2241 profert
2035 2189 2117 2227 illos
2140 2190 2219 2240 qui·
2235 2195 2290 2222 Dei
2320 2196 2421 2223 indui-

2234 2239 2339 2274 gentin.

1265 2250 1346 2288 dem
1365 2265 1384 2288 e
1403 2251 1509 2298 nido;
1525 2251 1586 2288 sed
1606 2250 1635 2288 si
1655 2249 1851 2287 imbecilles
1869 2248 1965 2286 videt
1983 2263 2024 2287 ac
2047 2249 2218 2299 labentes,

1265 2321 1297 2349 ct
1320 2311 1380 2361 qui
1400 2311 1519 2348 adhue
1539 2324 1627 2362 opus
1646 2310 1800 2347 habeant
1817 2310 1912 2346 intus
1932 2310 2121 2357 contineri,
2136 2311 2222 2348 sinit

1265 2374 1409 2424 insuper
1427 2372 1547 2424 plures
1566 2371 1663 2417 dies,
1683 2384 1752 2407 non
1779 2379 1817 2407 ut
1839 2379 2012 2421 perpetuo
2029 2374 2126 2408 intus
2145 2371 2220 2408 hae·

1265 2442 1378 2481 reant,
1398 2433 1460 2470 sed
1476 2441 1514 2469 ut
1533 2432 1599 2468 alis
1620 2431 1729 2482 probe
1749 2431 1985 2478 confirmatis,
2000 2439 2106 2480 atque
2120 2431 2216 2468 ouini

1264 2504 1441 2532 contracto
1480 2493 1606 2530 robore
1626 2521 1636 2538 ,
1656 2492 1737 2528 exin
1759 2491 1872 2528 securi
1902 2491 2062 2528 volatum
2083 2491 2214 2529 ineant.

1264 2558 1324 2595 Sic
1344 2568 1405 2592 nos
1427 2553 1599 2591 Dominus
1612 2552 1811 2602 nusum-janu
1827 2551 1913 2588 olim
1929 2550 1974 2587 ad
1991 2550 2116 2588 caelutu
2137 2561 2214 2589 tra-

1265 2618 1374 2658 holm
1390 2648 1399 2661 ,
1419 2631 1432 2654 ι
1445 2616 1583 2665 iamque
1604 2628 1681 2664 quse
1707 2627 1747 2650 co
1767 2614 1871 2650 sci-ret
1891 2613 2128 2659 monstrabam
2145 2628 2212 2652 nou

1265 2681 1324 2718 ille
1342 2678 1488 2728 quidem
1508 2677 1686 2725 ignorans,
1706 2674 1791 2724 quin
1806 2674 1897 2711 belle
1912 2674 2017 2711 etium
2035 2677 2210 2722 const-ius,

1265 2741 1418 2790 impares
1438 2736 1481 2785 ιιι]
1503 2751 1582 2773 euin
1605 2735 1762 2771 volatum
1783 2735 1934 2781 suun-os,
1951 2734 2011 2772 sed
2031 2735 2214 2775 ostendere

1265 2801 1369 2838 nobis
1386 2799 1517 2843 voltum,
1538 2811 1605 2833 ιιυιι
1625 2795 1808 2832 voluntate
1825 2810 1886 2832 sua
1902 2826 1911 2839 ,
1932 2795 1992 2832 sed
2017 2795 2212 2834 imlwcitli·

1265 2871 1334 2900 tute
1351 2870 1466 2898 nostru
1483 2859 1621 2909 lapsum
1639 2856 1730 2895 tici-i.
1747 2855 1852 2902 Quod
1871 2856 1932 2892 ubi
1947 2856 2214 2899 ostentum-ivit

1267 2937 1372 2974 porro
1403 2920 1437 2956 in
1468 2919 1533 2955 lunc
1563 2916 1697 2954 tumido
1724 2925 1756 2952 vt
1784 2916 2012 2954 matrimonio
2033 2927 2214 2968 uunquam

1268 2981 1350 3019 nitlo
1364 2979 1517 3031 quonlam
1533 2977 1672 3015 diutius
1689 2976 1749 3021 nli,
1769 2976 1881 3013 donce
1903 2977 2046 3015 tandem
2069 2979 2215 3016 virtutis

1267 3042 1367 3093 quasi
1388 3039 1604 3090 quibusdam
1618 3036 1741 3089 pennis
1763 3037 1868 3085 longo
1887 3037 2075 3075 inivi-vallo
2091 3041 2216 3086 enatis,

1267 3103 1394 3140 sensim
1419 3111 1524 3150 aitque
1554 3097 1768 3150 pvdcwuiim
1793 3098 1972 3146 ingressus
1994 3129 2003 3142 ,
2029 3099 2216 3138 domicilio

1269 3166 1333 3202 hoc
1352 3163 1497 3200 ‹alm-tm
1516 3160 1623 3197 altius
1642 3158 1763 3195 docuit
1779 3172 1814 3195 cx
1825 3159 1931 3196 olai-e.
1955 3161 2050 3210 Engo
2069 3161 2130 3199 alii
2151 3161 2216 3199 ‚td-

1269 3226 1336 3263 lmc
1353 3224 1558 3262 oscitantes,
1579 3228 1747 3268 arctoque
1764 3233 1887 3256 somno
1907 3221 2080 3272 cmmopiti
2101 3251 2110 3266 ‚
2133 3222 2217 3260 nido

1268 3286 1460 3323 etiannmm
1477 3290 1722 3321 emmau-scunt,
1742 3280 1930 3317 nnundanis
1954 3282 2055 3319 mixi
2079 3283 2182 3320 retnis
2205 3301 2214 3322 z

1267 3347 1327 3384 atii
1346 3360 1428 3383 ιιϊιι
1447 3342 1667 3395 μοιιιϊυκίμιε
1681 3342 1769 3379 luris
1782 3351 1973 3385 initiatores,
1989 3357 2029 3379 υι»
2050 3344 2218 3382 millium·

1268 3404 1644 3446 ‹lmen-10adsumunt·
1662 3403 1799 3445 volunt,
1815 3403 2052 3454 omnibusque
2072 3405 2106 3442 in
2127 3415 2217 3443 terra

1269 3467 1413 3514 relictis,
1433 3463 1673 3509 matrimonio,
1692 3463 1862 3507 nummis,
1881 3464 1990 3508 curis,
2012 3466 2218 3515 cunctisque
