2513 3871
119 2224 145 2244 ι.
176 2218 245 2244 Cor.
270 2223 301 2252 9.

118 2267 165 2285 ⁸⁶.

128 3136 207 3175 4.Ι)ον
228 3136 318 3163 Melo-

131 3184 173 3205 tin
218 3178 318 3204 Αηῖιη.

132 3220 224 3246 ‹ln-nu
241 3218 280 3245 lo-

128 3266 244 3298 quitur.

301 234 390 292 540

296 345 363 370 ceu
378 331 469 369 falce
487 327 655 381 quapiam
672 326 777 365 facile
796 324 961 373 resecuit,
979 322 1146 375 agricolae
1165 334 1258 374 pur-

298 398 380 440 gata
400 387 554 427 reddens
573 400 659 425 arva
685 384 731 423 ad
746 383 954 437 jaciendum
979 389 1171 420 sementem
1192 395 1200 417 :
1219 393 1260 418 ea

300 457 440 500 recepta
468 455 584 485 totum
609 459 728 484 semen
757 443 804 482 ad
823 441 1002 496 profunda
1020 439 1190 486 demisit,
1221 448 1261 478 ut

299 507 466 546 deorsum
486 505 685 544 radicatum
698 534 708 552 ,
736 517 799 542 nee
818 502 864 541 ad
884 501 1055 540 solarium
1076 499 1260 538 radiorum

301 566 473 618 impetum
489 562 641 609 eederet,
660 576 723 600 nee
739 576 759 600 a
774 560 887 613 spinis
902 559 994 598 male
1011 558 1259 597 suffocaretur.

301 625 470 663 Animum
483 621 631 674 quidem
639 621 686 659 ad
699 622 794 660 hune
804 618 943 659 curavit
955 617 1104 656 modum
1120 632 1128 652 ε
1146 616 1263 655 carnis

304 700 388 724 vero
404 684 590 724 lasciviam
607 682 849 736 temperantiae
861 679 1029 719 remediis
1043 678 1264 731 compressit,

306 756 490 798 tamquam
509 760 599 797 equo
626 744 784 797 cuipiam
807 741 945 788 rebelli,
970 739 1111 792 corpori
1133 738 1263 792 jejunii

303 809 461 847 sraenum
479 807 660 859 injiciens,
680 814 712 844 et
733 805 821 844 adeo
840 804 876 842 in
894 802 1078 841 diversum
1096 803 1265 849 tendens,

304 878 345 908 ut
362 869 440 922 ipsa
457 866 827 920 concupiscentiarum
849 879 910 903 ora
928 877 1010 901 cum
1026 861 1266 900 moderatione

304 937 520 980 congruente
535 935 748 965 cruentaret.
761 926 852 963 Nam
872 937 985 974 neque
996 935 1127 974 corpus
1142 935 1267 959 exeru-

303 990 445 1039 ciabat,
466 1003 511 1027 ne
534 987 724 1027 immodice
742 985 951 1037 stringendo
975 997 1106 1035 equum
1131 983 1199 1021 sibi
1220 983 1266 1021 ad

305 1050 545 1090 ministerium
562 1048 724 1088 redderet
740 1047 918 1094 inutilem,
936 1059 1051 1096 neque
1066 1044 1267 1097 patiebatur

309 1126 418 1165 supra
437 1110 585 1151 modum
611 1110 760 1148 obesum
779 1108 871 1155 fieri,
892 1121 936 1145 ne
955 1105 1195 1158 corpulentior
1213 1105 1266 1143 fa-

309 1181 386 1210 ctus
398 1202 408 1220 ‚
426 1186 550 1210 rursus
565 1170 717 1221 erigeret
733 1182 809 1207 sese
825 1167 996 1206 adversus
1012 1167 1183 1204 rationem
1200 1165 1266 1202 ba·

306 1232 416 1271 henas
438 1231 679 1270 moderantem
700 1245 708 1266 :
729 1229 792 1267 sed
809 1228 916 1266 simul
936 1237 969 1265 et
988 1227 1151 1265 sanitatis
1171 1225 1269 1263 illius

306 1302 340 1331 et
359 1291 614 1331 moderationis
636 1304 760 1329 curam
780 1289 920 1327 habuit.
944 1288 1064 1338 Neque
1082 1301 1168 1326 vero
1186 1300 1268 1324 cnm
1282 1275 1320 1341 ᾖ

307 1354 388 1393 talis
397 1354 627 1406 injuventute
638 1353 774 1400 fuisset,
783 1360 1013 1404 posteaquam
1024 1359 1179 1387 teneram
1190 1358 1271 1387 aeta-

308 1425 380 1454 tem
399 1414 566 1464 excessit,
582 1413 672 1452 lianc
682 1426 825 1464 quoque
838 1425 960 1450 curam
974 1410 1102 1462 abjecit
1118 1425 1127 1447 ε
1143 1424 1269 1449 verum

308 1477 416 1514 etiam
445 1489 540 1514 nunc
560 1474 623 1526 qui
644 1474 679 1512 in
711 1482 892 1513 senectute
909 1502 920 1521 ,
949 1471 1050 1511 velut
1070 1471 1105 1509 in
1130 1485 1269 1510 amoeno

310 1546 414 1590 portu
444 1535 540 1575 sedet
556 1566 567 1586 ,
596 1549 721 1574 rursus
747 1533 909 1573 eamdem
936 1547 1059 1572 curam
1089 1532 1267 1571 observat.

314 1599 405 1636 Nam
421 1598 609 1649 juventus,
632 1611 653 1635 0
672 1596 823 1641 dilecte,
845 1595 972 1648 pelago
992 1594 1122 1632 furenti
1142 1593 1272 1632 similis

309 1669 386 1708 est,
420 1657 622 1696 immitibus
650 1656 756 1696 undis
781 1671 823 1695 ac
840 1657 956 1695 ventis
985 1655 1088 1694 malis
1109 1655 1237 1693 referto
1258 1669 1267 1692 :

311 1720 459 1759 canities
478 1734 564 1757 vero
583 1719 681 1758 velut
699 1719 734 1757 in
757 1717 953 1769 tranquillo
973 1726 1078 1770 portu
1099 1716 1193 1754 fovet
1211 1729 1272 1753 eo-

311 1797 392 1820 rum
427 1781 565 1819 animos
581 1809 592 1827 ,
625 1779 690 1832 qui
724 1787 1011 1825 consenuerunt,
1037 1786 1211 1830 praestans
1236 1785 1275 1814 ut

314 1843 428 1881 aetatis
456 1841 630 1894 beneficio
658 1849 758 1893 parta
787 1839 1031 1893 periculorum
1052 1838 1276 1876 immunitate

309 1904 470 1957 jucunde
496 1903 676 1941 fruantur.
714 1901 790 1939 Hac
818 1900 1075 1952 tranquillitate
1103 1914 1184 1937 cum
1216 1899 1275 1937 hie

316 1979 411 2003 nunc
428 1973 504 2003 tuto
525 1962 697 2016 potiatur,
716 1971 822 2014 atque
842 1961 877 2001 in
898 1970 1020 2014 portu,
1047 1970 1084 1998 ut
1102 1959 1197 2008 dixi,
1216 1974 1275 1998 se—

315 2025 416 2073 dens,
433 2024 547 2063 nihilo
565 2023 684 2062 minus
703 2032 818 2061 tamen
837 2032 887 2061 est
905 2022 1082 2060 sollicitus
1098 2030 1160 2060 :at
1181 2021 1276 2059 hunc

318 2087 482 2125 timorem
497 2085 637 2137 accepit
650 2099 668 2122 a
686 2084 813 2132 Paulo,
834 2083 894 2135 qui
912 2097 993 2121 cum
1011 2082 1224 2121 ascendisset
1240 2082 1274 2120 in

316 2148 443 2187 wluin
459 2178 468 2195 ,
494 2156 599 2198 atque
627 2145 709 2184 inde
736 2160 898 2183 reversus
917 2153 1026 2182 terras
1046 2158 1172 2182 rursus
1190 2143 1277 2182 atti-

317 2209 441 2259 gisset,
457 2207 591 2253 aicbat,
614 2209 755 2245 Vereor
773 2222 820 2244 ne
835 2207 936 2255 sorte
956 2220 1043 2244 curn
1066 2207 1159 2244 aliis
1176 2219 1278 2257 prae-

317 2271 545 2317 dicaverim‚
576 2272 655 2320 ipse
678 2269 859 2319 reprobus
878 2267 1034 2322 eJflciar
1054 2283 1065 2303 .-
1087 2281 1200 2318 eoque
1219 2266 1277 2306 hic

318 2345 393 2369 sese
423 2330 458 2368 in
488 2340 659 2383 perpetuo
690 2330 815 2367 timore
835 2329 1043 2378 constituit,
1073 2338 1111 2367 ut
1130 2338 1220 2368 esset
1241 2329 1276 2367 in

319 2401 489 2444 perpetua
516 2391 672 2438 fiducia,
701 2389 944 2441 assideretque
971 2390 1098 2440 clavo,
1128 2405 1197 2429 non
1218 2390 1279 2429 ille

318 2453 466 2504 quidem
486 2452 670 2491 stellarum
691 2461 838 2491 exortus
857 2451 1072 2501 observans,
1090 2466 1202 2503 neque
1219 2466 1279 2490 ru-

321 2529 381 2567 pes
396 2514 463 2552 sub
479 2514 582 2565 aquis
599 2513 745 2551 latentes
758 2542 769 2560 ,
789 2527 901 2564 neque
921 2513 1100 2565 scopulos,
1117 2512 1182 2551 sed
1200 2511 1280 2550 dae-

320 2589 466 2613 monum
486 2574 640 2613 insultus
652 2603 662 2622 ,
680 2588 721 2612 ac
737 2573 873 2612 diaboli
891 2574 1080 2622 versutias,
1100 2573 1282 2626 cogitatio-

322 2651 477 2687 numque
494 2649 646 2688 pugnas,
668 2636 836 2686 omnique
856 2645 957 2688 parte
975 2636 1131 2673 lustrans
1145 2635 1284 2674 exerci-

324 2707 412 2743 tum,
427 2706 572 2735 cunctos
589 2695 624 2734 in
642 2705 717 2734 tuto
731 2697 926 2735 constituit.
942 2698 1065 2748 Neque
1081 2696 1177 2736 enim
1191 2695 1284 2735 illud

324 2757 428 2796 modo
444 2767 591 2811 spectat,
608 2771 650 2796 ne
663 2757 794 2811 scapha
807 2757 1054 2810 demergatur;
1071 2756 1132 2796 sed
1148 2772 1191 2797 ne
1205 2757 1285 2810 quis

325 2834 463 2867 corum,
479 2833 705 2870 quosserum
724 2818 828 2857 habet
846 2819 881 2857 in
899 2819 982 2857 navi
1000 2828 1171 2867 vectores,
1187 2834 1207 2858 a
1224 2829 1286 2858 tu-

327 2881 442 2918 multu
459 2880 613 2931 quodam
628 2895 690 2919 eeu
703 2895 722 2919 a
740 2881 866 2933 piratis
881 2876 1201 2934 abi·ipiatur,⁶niliil
1218 2896 1285 2921 non

329 2951 429 2980 curat
445 2941 636 2992 agitatque.
665 2942 732 2980 Per
748 2941 858 2990 hunc,
876 2957 1007 2995 perque
1029 2942 1135 2995 liujus
1147 2943 1287 2996 sapien-

330 3003 412 3040 tiam
432 3017 493 3040 nos
509 3017 628 3041 ‹nnnes
645 3003 799 3042 secundo
818 3004 1027 3055 navigamus
1045 3014 1167 3055 vento,
1184 3004 1288 3057 plena

332 3063 434 3101 navis
455 3063 531 3101 vela
554 3064 759 3116 pandentes.

758 246 796 274 5.
834 240 1021 273 sommus
1055 237 1297 270 cuttvsosT.

1290 759 1313 790 Ε

386 3125 421 3164 4.
445 3126 536 3163 Sane
555 3140 636 3163 cum
655 3125 809 3177 priorem
830 3125 933 3164 illum
955 3136 1089 3179 patrem
1109 3128 1292 3167 amisisse·
1315 3141 1339 3171 c

335 3197 427 3229 mus,
455 3184 516 3235 qni
538 3194 571 3222 et
596 3185 690 3223 bunc
715 3186 816 3224 nobis
844 3188 981 3237 genuit,
1001 3188 1036 3226 in
1053 3190 1216 3240 angustia
1237 3205 1292 3229 res

335 3252 461 3281 nostra:
475 3254 570 3282 erant
585 3260 592 3281 ε
610 3260 718 3295 quare
729 3246 980 3287 miserabiliter
993 3249 1293 3301 lamentabamur,

384 3411 394 3426 ⁸
420 3403 472 3434 Sic·
490 3402 589 3434 Smil-
604 3410 635 3434 ΡΙ.
651 3402 746 3435 Colli.
763 3413 862 3437 terte.
880 3407 992 3439 ‘'ort'l.
1009 3420 1086 3440 tero
1098 3416 1144 3444 1⁷}
1165 3417 1306 3455 *ictis-’nv-

1341 238 1364 267 Λ
1373 237 1530 268 ΜΞΙΙΙΕΡ
1539 258 1548 266 .
1587 237 1928 268 (ἸΟΝΘΤΛΝΤΙΝΟΡ
1938 256 1947 265 .

1333 323 1493 359 ἀκανθῶν
1514 322 1750 372 ἀποπνιγῆναι
1778 320 1899 360 πάλιν.
1921 318 2026 358 Ἀλλὰ
2051 318 2115 366 τὴν
2150 319 2213 369 μὲν
2242 320 2358 373 ψυχὴν

1332 380 1540 432 ἐθεράπευεν
1567 380 1658 420 οὕτω
1672 397 1681 406 ·
1697 380 1742 420 τὰ
1761 381 1797 420 δὲ
1815 384 1879 427 τῆς
1898 380 2026 432 σαρκὸς
2044 380 2271 431 σκιρτήματα
2287 385 2359 425 τοῖς

1334 447 1397 490 τ’ῆς
1416 442 1620 495 ἐγκρατείας
1638 443 1837 496 φαρμάκοις
1855 442 2085 481 κατέστελλεν
2096 472 2106 490 ,
2124 441 2244 493 ὥσπερ
2261 440 2361 495 ἵππῳ

1334 504 1403 543 τινὶ
1423 503 1598 557 δυσηνίῳ,
1616 507 1668 558 τῷ
1686 504 1825 554 σώματι
1848 503 1906 542 τὸν
1933 503 2004 542 ἀπὸ
2027 505 2090 550 τῆς
2109 503 2272 550 νηστείας
2294 518 2360 556 χα·

1335 566 1428 605 λινὸν
1448 565 1635 615 ἐμὸάλλων
1649 596 1660 614 ,
1677 567 1738 605 καὶ
1758 566 1864 619 μέχρι
1891 565 2055 605 τοσούτου
2083 565 2205 604 τείνων
2224 565 2338 604 ὀπίσω
2352 596 2362 613 ,

1336 631 1383 670 ὡς
1407 627 1495 665 αὐτὰ
1515 630 1584 665 τῶν
1611 629 1802 678 ἐπιθυμιῶν
1833 626 1979 678 αἱμάξαι
2010 626 2054 665 τὰ
2081 627 2241 677 στόματα
2272 626 2362 678 μετὰ

1337 693 1401 736 τ’ἧς
1436 688 1682 742 προσηκούσης
1711 690 1857 742 φειδοῦς.
1890 688 1984 727 Οὔτε
2011 688 2079 740 γὰρ
2110 688 2286 728 κατέτεινε
2323 688 2364 728 τὸ

1339 754 1444 802 σῶμα
1457 779 1465 794 ,
1485 750 1574 790 ὥστε
1606 750 1654 801 μὴ
1675 750 1956 801 συμποδισῡέντα
1977 750 2034 788 τὸν
2058 749 2167 788 ἵππον
2186 746 2362 802 ἄχρηστον

1340 814 1436 864 αὐτῷ
1453 813 1612 863 γενέσθαι
1633 813 1718 866 πρὸς
1737 811 1801 860 τὴν
1819 811 2010 859 διακονίαν,
2026 812 2104 851 οὗτε
2121 813 2168 856 είς
2192 811 2257 857 τὴν
2276 811 2363 863 ἄγαν

1340 874 1469 918 εὐεξίαν
1486 877 1651 924 ἐμπεσεῖν
1669 874 1785 926 ἠφίει,
1801 874 1937 924 μήποτε
1956 873 2227 924 πολυσαρκήσας
2238 872 2362 915 πάλιν.

1339 937 1578 986 κατεξαναστῇ
1611 939 1670 973 τοῦ
1700 938 1921 986 ἡνιοχοῦντος
1948 936 2051 973 αὐτὸν
2070 936 2264 986 λογισμοῦ,
2286 935 2364 972 ἀλλ’

1339 1002 1426 1047 ὁμοῦ
1446 998 1588 1047 καὶτῆς
1615 996 1746 1046 ὑγιείας
1779 998 1884 1035 αὐτοῦ
1914 997 1973 1034 καὶ
2002 998 2064 1042 τῆς
2090 995 2248 1040 εὐταξίας
2281 998 2366 1035 ἐπι-

1341 1062 1491 1111 μελεῖτο.
1513 1059 1582 1098 Καὶ
1614 1058 1693 1110 οὐχὶ
1725 1058 1798 1102 νέος
1825 1058 1886 1109 μὲν
1907 1057 1956 1096 ὢν
1975 1061 2128 1101 τοιοῦτος
2154 1052 2218 1106 ἦν,
2244 1057 2364 1104 ἐπειδὴ

1341 1120 1376 1159 δὲ
1397 1123 1557 1173 παρῆλθε
1575 1119 1640 1167 τὴν
1665 1122 1806 1167 ἠλικίαν
1836 1119 1971 1167 ἐκείνην
1987 1149 1998 1165 ,
2021 1119 2082 1157 καὶ
2109 1119 2174 1166 τὴν
2201 1119 2367 1171 πρόνοιαν

1341 1181 1471 1228 ταύτην
1492 1181 1627 1225 ἔλυσεν,
1648 1181 1738 1219 ἀλλὰ
1761 1182 1822 1220 καὶ
1839 1184 1898 1219 νῦν
1910 1211 1919 1228 ,
1935 1180 1993 1220 ὅτε
2011 1182 2059 1224 ὡς
2075 1183 2109 1220 ἐν
2130 1180 2230 1233 εὐδίῳ
2248 1180 2366 1232 λιμένι

1315 1243 1392 1299 Ξτῷ
1423 1242 1518 1295 γήρα
1559 1241 1732 1288 κάθηται,
1765 1244 1827 1287 τῆς
1868 1242 1973 1288 αὐτῆς
2009 1242 2128 1292 ἔχεται
2165 1242 2368 1293 ἐπιμελείας

1342 1302 1460 1341 πάλιν.
1477 1301 1522 1340 ‘ll
1545 1301 1608 1353 μὲν
1632 1301 1702 1355 γὰρ
1729 1302 1867 1349 νεότης,
1888 1303 2070 1353 ἀγαπητὲ,
2089 1301 2236 1354 πελάγει
2252 1318 2368 1354 προσ-

1342 1365 1433 1403 έοικε
1468 1363 1875 1416 μαινομένῳ,κυμοῖτων
1902 1364 2033 1416 ἀγρίων
2066 1364 2126 1402 καὶ
2158 1363 2368 1416 πνευμάτων

1341 1426 1485 1478 γέμοντι
1520 1427 1705 1477 πονηρῶν·
1736 1430 1758 1473 ἦ
1792 1424 1827 1464 δὲ
1861 1425 1968 1464 πολιὰ
2007 1424 2127 1479 ὥσπερ
2161 1427 2208 1470 εἰς
2242 1425 2369 1477 λιμένα

1344 1488 1543 1538 ἀκύμαντον
1579 1486 1641 1530 τὰς
1678 1489 1746 1526 τῶν
1778 1487 2023 1541 γεγηρακότων
2056 1487 2193 1539 ὁρμίζει
2231 1487 2370 1541 ψυχὰς,

1344 1549 1550 1601 παρέχουσα
1566 1551 1609 1600 τῇ
1629 1547 1727 1600 παρὰ
1749 1552 1811 1596 τῆς
1829 1549 1968 1595 ἡλικίας
1988 1551 2158 1602 ἐντρυφᾷν
2178 1549 2367 1602 ἀσφαλείᾳ.

1345 1612 1378 1649 Τ
1382 1609 1489 1657 αύτης
1533 1610 1593 1648 καὶ
1640 1605 1739 1654 οὗτος
1782 1611 1970 1649 ἀπολαύων
2019 1615 2102 1657 νῦν,
2138 1611 2199 1649 καὶ
2238 1613 2274 1650 ἐν
2319 1613 2370 1665 τῷ

1345 1671 1484 1721 λιμένι,
1508 1675 1554 1715 ὡς
1583 1672 1688 1723 ἔφθην
1716 1671 1842 1718 εἰπὼν,
1871 1672 2086 1723 καθήμενος,
2105 1675 2174 1711 τῶν
2205 1675 2240 1711 ἐν
2273 1672 2372 1725 μέσῳ

1346 1734 1493 1784 πελάγει
1513 1734 1729 1772 σαλευόντων
1761 1735 1826 1785 οὐχ
1845 1727 1949 1780 ἧττόν
1969 1736 2063 1772 ἐστιν
2086 1733 2292 1785 ἐναγώνιος·
2311 1733 2372 1772 καὶ

1347 1799 1466 1834 τοῦτον
1490 1794 1629 1839 ἐδέξατο
1647 1795 1743 1847 παρὰ
1762 1798 1822 1833 τοῦ
1845 1795 1988 1834 Παύλου
2009 1795 2067 1834 τὸν
2088 1795 2216 1848 φόὸον,
2235 1795 2271 1840 ὃς
2290 1796 2350 1834 καί
2358 1819 2371 1824 -

1348 1874 1400 1897 τοι
1430 1860 1476 1901 εἰς
1505 1857 1564 1896 τὸν
1591 1857 1735 1909 οὐρανὸν
1766 1857 1922 1904 ἀναῧὰς,
1953 1858 2012 1895 καὶ
2043 1858 2100 1896 τὸν
2132 1859 2209 1909 μετ’
2240 1858 2370 1897 ἐκεῖνον

1350 1919 1571 1973 διαδραμὼν,
1593 1919 1651 1957 καὶ
1681 1921 1741 1958 τοῦ
1765 1919 1883 1972 τρίτου
1911 1921 2017 1958 πάλιν
2039 1919 2238 1972 ἁψάμενος,
2257 1919 2372 1972 ἔλεγε·

1348 1981 1537 2032 Φοὸοῧμαι
1572 1982 1718 2032 μήπως,
1747 1981 1863 2024 ἄλλοις
1891 1980 2061 2033 κηρύξας,
2079 1981 2179 2024 αὐτὸς
2207 1981 2374 2032 ἀδόκιμος

1348 2043 1518 2096 γένωμαι.
1533 2042 1601 2082 Διὰ
1619 2046 1721 2082 τοῦτο
1739 2043 1798 2081 καὶ
1814 2036 1912 2086 οὗτος
1931 2044 1966 2081 ἐν
1987 2044 2138 2090 διηνεκεῖ
2159 2042 2373 2090 κατέστησεν

1350 2105 1473 2144 ἑαυτὸν
1508 2104 1627 2158 φόὸῳ,
1659 2105 1715 2142 ἵνα
1745 2105 1911 2152 διηνεκῶς
1940 2106 1974 2142 ἐν
1999 2107 2049 2157 τῷ
2081 2107 2219 2158 Οαρῤεἰν
2248 2098 2291 2156 ᾖ,
2313 2103 2375 2142 καὶ

1349 2167 1501 2214 κάθηται
1539 2167 1596 2205 ἐπὶ
1633 2170 1702 2205 τῶν
1730 2167 1874 2213 οἰάκων,
1898 2168 1987 2205 “οὗκ
2018 2166 2175 2218 ἀστέρων
2211 2164 2375 2210 ἐπιτολὰς

1349 2231 1586 2280 παρατηρῶν,
1603 2227 1678 2267 οὐδὲ
1709 2228 1857 2280 ὑφάλους
1888 2228 1947 2266 καὶ
1974 2228 2169 2274 σπιλάδας,
2189 2227 2280 2267 ἀλλὰ
2298 2228 2376 2267 δαι-

1352 2290 1466 2340 μόνων
1502 2290 1776 2335 ἐπαναστάσεις,
1794 2289 1854 2328 ml
1874 2289 2037 2328 διαὸόλου
2067 2290 2297 2343 κακουργίας,
2316 2289 2377 2329 καὶ

1352 2355 1529 2403 λογισμῶν
1583 2350 1720 2404 μάχας,
1762 2351 1821 2390 καὶ
1876 2351 1994 2403 κύκλῳ
2038 2354 2098 2390 τοῦ
2142 2350 2379 2404 στρατοπέδου

1350 2414 1515 2467 περιιὼν,
1537 2413 1694 2459 ἅπαντας
1723 2416 1758 2453 ἐν
1790 2413 1963 2467 ἀσφαλείᾳ
1983 2414 2203 2462 καθίστησιν.
2225 2414 2280 2454 Οὗ
2310 2413 2380 2467 γὰρ

1351 2475 1446 2520 ὅπιιις
1478 2475 1528 2527 μὴ
1562 2476 1770 2527 βαπτισΟείη
1790 2477 1830 2515 τὸ
1847 2477 1978 2529 σκάφος
2009 2482 2132 2515 σκοπεῖ
2155 2475 2281 2527 μόνον,
2302 2477 2381 2515 ἀλλ’

1354 2537 1447 2580 ὅπως
1480 2537 1568 2587 μηδὲ
1601 2539 1670 2574 τῶν
1698 2538 1920 2588 ἐμπλεόντων
1950 2554 2003 2582 τις
2031 2536 2214 2591 πειραθείη
2235 2535 2380 2588 0ορύὸου

1356 2599 1468 2643 τινος,
1490 2598 1630 2637 ἅπαντα
1648 2599 1953 2650 πραγματεύεται.
1976 2599 2045 2638 Διὰ
2075 2603 2193 2638 τοῦτον
2222 2597 2284 2637 καὶ
2314 2597 2380 2645 τὴν

1357 2658 1481 2699 τούτου
1509 2660 1633 2712 σοφίαν
1667 2663 1770 2711 ἡμεῖς
1800 2660 1835 2705 ἐξ
1868 2660 1983 2713 οὐρίας
2017 2660 2171 2712 πλέομεν
2205 2661 2382 2710 ἅπαντες,

1357 2722 1476 2774 πλήρη
1499 2721 1543 2759 τὰ
1561 2722 1656 2761 ἱστία
1677 2722 1892 2765 πετάσαντες
1911 2724 1973 2767 τῆς
1992 2722 2085 2770 νηός.

1421 3133 1544 3171 Καίτοι
1564 3149 1603 3186 γε
1627 3134 1684 3173 ὅτε
1713 3134 1772 3172 τὸν
1793 3135 1960 3187 πρότερον
1988 3137 2124 3189 πατέρα
2145 3136 2387 3189 α’πεὸἄλομεν,

1364 3193 1400 3237 ὃς
1428 3194 1486 3232 καὶ
1511 3200 1627 3233 τοῦτον
1647 3198 1732 3246 ἡμῖν
1753 3196 1948 3248 ἐγέννησεν,
1966 3199 1999 3235 ἐν
2021 3199 2152 3251 ἀπορία
2171 3198 2214 3238 τὰ
2234 3199 2390 3253 ἡμέτερα

1365 3247 1421 3299 ἦν.
1440 3255 1504 3294 Διὸ
1521 3256 1580 3294 καὶ
1600 3257 1756 3300 ἐλεεινῶς
1771 3258 1995 3309 ὶθρηνοῧμεν,
2007 3262 2053 3302 ὡς
2073 3260 2112 3298 οὗ
2128 3262 2391 3313 προσδοκῶντες
