2549 3825
43 3378 49 3518 ἰ

47 3525 52 3613 ι

49 3630 54 3730 l

35 3733 56 3825 i

648 260 706 289 AD
743 260 985 290 STAGisstUM
1025 260 1049 288 A
1088 259 1283 288 DEMONE
1322 259 1558 291 vieXATUM.

167 343 353 397 ρικώτατος
382 341 523 392 γέγονας
547 369 556 387 ,
589 344 783 387 τηνικαῦτα
820 341 905 393 πρὸς
940 342 979 379 τὸ
1014 340 1179 378 ἐπίπονον

163 417 264 453 τοῦτο
283 410 419 449 στάδιον
444 410 614 448 εἵλκυσεν.
638 409 722 447 Ἔτι
749 403 807 448 οῧν
836 412 904 447 τῶν
927 411 961 447 ἐν
989 412 1038 461 τῷ
1057 410 1180 459 κόσμῳ

163 480 406 534 στρεφομένων
431 479 611 530 μεμνήσῃ,
629 478 688 517 καὶ
703 478 761 516 τὸν
779 478 918 524 οἰκέτην
937 478 1027 522 ἄξεις
1043 480 1090 520 εἷς
1111 476 1180 527 με’-

164 567 222 590 σον
240 551 298 589 τὸν
321 549 380 588 σόν
397 565 404 572 ·
429 551 556 588 ἐκεῖνον
580 548 641 599 μὲν
661 548 730 601 γάρ
761 565 800 587 σε
820 542 918 599 οἶμαι
949 547 1180 595 αἰνίττεσθαι,

161 621 242 660 ὅταν
260 620 363 671 λέγῃς
393 619 446 658 ὅτι
465 618 586 658 πολλοὶ
609 622 678 657 τῶν
707 621 878 670 βιωτικῶν
906 619 1040 669 ἀνδρῶν
1070 617 1179 669 ταύτῃ

161 690 405 741 περιπεσόντες
426 691 470 740 τῇ
497 688 588 740 νόσῳ
618 688 788 740 ταχίστης
807 689 867 726 καὶ
896 687 1031 730 τελείας
1058 687 1180 738 ἔτυχον

163 759 381 808 ἀπαλλαγῆς.
396 757 489 795 Ἀλλ’
509 757 526 792 ὁ
542 757 695 806 οἰκέτης,
709 751 737 794 ῶ
750 757 908 809 φίλτατε,
926 761 944 795 ὁ
957 757 1014 800 σὸς
1030 756 1087 794 καὶ
1107 756 1181 794 ὅσοι

160 829 227 865 τῶν
245 828 358 864 αὐτῶν
376 826 495 878 ἔτυχον
517 826 660 878 ἐκείνῳ,
681 828 743 865 οὐκ
765 827 822 865 ἐπὶ
849 832 919 869 τοῖς
945 829 1061 868 αὐτοῖς
1086 828 1180 877 αὐτῷ

157 895 470 947 προσεπλᾶκησαν,
490 889 609 946 οἷσπερ
630 895 690 933 καὶ
710 895 750 933 σὺ
780 900 837 933 νῦν
850 910 857 917 ·
879 895 1000 946 ἐκείνῳ
1028 895 1091 946 μὲν
1111 895 1179 946 γὰρ

159 963 218 1002 καὶ
237 970 307 1007 τοῖς
327 963 492 1007 τοιούτοις
516 964 604 1016 ὑπὲρ
632 969 692 1003 τοῦ
716 968 870 1016 φοαῆσαι
900 965 1002 1016 μόνον
1017 994 1026 1011 ,
1048 965 1107 1002 καὶ
1128 967 1178 1016 τῷ

159 1031 255 1086 φόὸῳ
284 1037 430 1080 ποιῆσαι
459 1033 633 1085 βελτίους,
652 1039 753 1073 τοῦτο
781 1028 940 1087 ἐπαφῆκε
961 1036 1002 1073 τὸ
1024 1035 1140 1086 θηρίον
1153 1038 1179 1073 ,ὁ

158 1103 266 1146 Θεός·
295 1103 348 1141 σοὶ
369 1103 426 1151 δὲ,
446 1103 537 1142 ὥστε
569 1103 804 1155 ἀγωνίσασθαι
839 1104 1004 1155 γενναίως
1017 1133 1027 1151 ,
1046 1103 1105 1141 καὶ
1125 1120 1178 1141 νι-

158 1172 264 1215 κῆσαι
280 1172 450 1221 λαμπρῶς
462 1199 471 1217 ,
491 1170 550 1208 καὶ
577 1170 636 1208 τὸν
654 1173 718 1216 τῆς
738 1172 918 1221 ὑπομονῆς
937 1170 1178 1217 ἀναδήσασθαι

158 1238 339 1291 στέφανον.
360 1239 452 1287 Νίκη
475 1241 510 1278 δέ
530 1241 647 1290 ἐστιν’,
670 1241 734 1291 οὐχ
761 1240 844 1278 ὅταν
864 1257 914 1284 τις
927 1269 936 1287 ,
953 1245 1012 1278 τοῦ
1033 1239 1177 1292 θεάτρου

157 1308 209 1346 ἔτι
229 1311 459 1357 συνεστῶτος,
480 1309 679 1347 παλαίοντα
708 1309 811 1347 αὑτὸν
832 1309 980 1352 ἑλκύσας
1009 1309 1177 1360 ἀπαγάγῃ

156 1382 216 1416 τοῦ
236 1381 511 1429 ἀνταγωνιστοῧ,
532 1379 609 1417 ἀλλ’
629 1378 713 1416 ὅταν
731 1382 801 1431 ἀφῇ
832 1381 1085 1429 συμπλακῆναι
1104 1379 1180 1416 δια-

156 1448 304 1495 παντὸς,
325 1442 401 1486 εἶτα
429 1448 589 1486 παλαίων
611 1448 671 1486 καὶ
691 1447 748 1486 διὰ
775 1451 838 1494 τῆς
863 1448 1010 1498 ἀθυμίας
1030 1449 1101 1490 3εἷς
1126 1449 1178 1485 ἓν·

157 1518 322 1568 θυμήσεις
343 1518 490 1561 ἀτόπους
509 1518 602 1569 ἄγων
628 1517 757 1569 ἶσχθύσῃ
777 1517 899 1567 μηδέν.
927 1517 997 1555 Καὶ
1016 1517 1067 1554 ὅτι
1088 1517 1179 1554 οὕτω

154 1590 253 1625 ταῦτ’
282 1587 375 1639 ἔχει,
398 1589 526 1626 ἐκεῖθεν
552 1589 805 1638 συλλογιοῧμαι
827 1589 955 1630 καλῶς.
976 1587 1091 1624 Παντί
1111 1602 1178 1624 που

156 1656 258 1702 δῆλόν
280 1659 376 1704 ἐστι,
393 1656 457 1694 κᾶν
488 1656 590 1699 αὐτὸς
621 1656 818 1708 μετριάζειν
842 1656 963 1707 ἐθέλῃς
978 1686 988 1703 ,
1009 1655 1087 1694 ὅσον
1115 1658 1179 1701 τῆς

193 1729 214 1737 ω
263 1727 274 1740 9
307 1724 316 1738 t
448 1728 470 1748 ρ·
535 1741 547 1748 ‚
574 1724 608 1748 ι,1
754 1724 762 1740 ι
801 1727 816 1739 κ
870 1724 892 1747 ,ι
934 1741 941 1745 ,
1079 1727 1088 1739 ³
1137 1730 1158 1738 ω
1212 1737 1222 1746 ,

154 1740 214 1764 του
243 1740 378 1762 οικετου
399 1727 489 1771 ζωης
510 1727 656 1775 βελιιων
673 1728 695 1771 ἡ
725 1741 768 1772 ση
798 1741 1012 1776 οιενηνοᾸεν.
1039 1727 1176 1763 Ουκουν
1199 1737 1223 1767 k,

155 1795 212 1834 καὶ
239 1794 341 1846 λόγος
369 1810 430 1833 σου
454 1797 504 1848 τῷ
523 1796 607 1847 Θεῷ
626 1794 757 1832 πλείων
784 1795 844 1832 καὶ
863 1795 1024 1847 φροντὶς,
1043 1794 1064 1841 ἢ
1090 1795 1180 1834 ἐκεί-

154 1881 224 1904 νου.
248 1863 383 1903 Τούτου
415 1864 450 1903 δὲ
475 1863 570 1907 ὄντος
598 1863 724 1909 δήλου,
749 1866 892 1902 κάκεῖνο
916 1863 1044 1914 ὁμοίως
1075 1864 1175 1902 ἔσται

155 1931 301 1984 φανερὸν
315 1961 324 1979 ,
342 1931 396 1971 ὅτι
416 1933 445 1970 εἷ
470 1930 591 1982 μίσους
610 1930 699 1977 αὕτη
720 1930 944 1982 συγχώρησις
967 1925 1009 1977 ἦν
1021 1960 1032 1980 ,
1055 1932 1117 1970 οὐκ
1136 1931 1176 1969 ἂν

157 2001 204 2044 εἷς
233 2000 270 2039 ὃν
301 2002 433 2052 μᾶλλον
453 2000 577 2052 ἠγάπα
608 1999 737 2047 ταύτην
768 1999 913 2044 ἐξέτεινε
930 2030 940 2046 ,
959 2001 1016 2039 τὸν
1046 2001 1178 2048 ἥττονα

155 2071 244 2110 πολὺ
272 2071 356 2111 ὅντα
381 2076 500 2110 τοῦτον
519 2070 657 2123 ταχέως
678 2074 738 2109 τοῦ
768 2069 930 2121 δαίμονος
966 2071 1178 2124 ἐξαρπάσας.

155 2138 225 2177 Καὶ
253 2140 316 2176 οὖκ
348 2138 417 2176 ἀπὸ
441 2137 564 2176 τούτου
591 2137 694 2187 μόνον
721 2141 822 2175 τοῦτο
853 2138 1103 2190 ἰσχυρισαίμην
1137 2137 1178 2174 ἂν

154 2202 285 2255 ἔγωγε,
309 2204 400 2243 ἀλλὰ
421 2205 480 2243 καὶ
505 2204 539 2248 ἐξ
559 2206 669 2242 αὐτῶν
682 2234 691 2251 ,
708 2197 756 2241 ῶν
778 2205 1088 2256 ἐγκαταλελεῖφθαι
1114 2206 1176 2242 δο-

153 2275 243 2318 κεῖς,
263 2273 302 2309 ἐκ
326 2271 456 2310 τούτων
478 2271 632 2322 μάλιστα
648 2301 658 2319 ,
679 2270 732 2308 ὅτι
751 2271 884 2323 σφόδρα
905 2272 1002 2322 μέλει
1021 2274 1069 2322 τῷ
1091 2274 1174 2323 Θεῷ

152 2339 219 2375 τῶν
257 2341 353 2385 σῶν,
382 2338 562 2382 ἀποδεῖξαι
593 2337 821 2389 πειράσομαι.
852 2339 896 2376 Εἰ
933 2338 995 2388 μὲν
1024 2338 1092 2389 γὰρ
1124 2338 1172 2388 μὴ

1150 2391 1232 2419 ,179

1599 263 1683 292 [ΑΒ.
1726 262 1753 289 1.

2116 260 2208 307 219

1252 341 1400 391 longum
1414 356 1515 393 agere
1525 353 1664 396 tempus
1673 359 1682 391 3
1699 351 1925 395 posteaquam
1940 354 2024 378 vero
2037 340 2208 379 robustis-

1253 400 1364 438 simus
1380 402 1494 440 factus
1508 418 1556 451 es,
1573 413 1657 441 tunc
1671 403 1718 441 ad
1731 402 1948 440 laboriosum
1966 401 2034 439 hoc
2050 401 2205 439 stadium

1252 462 1439 511 pertraxit.
1471 463 1598 502 Adhuc
1624 465 1736 515 igitur
1754 477 1877 501 eorum
1897 462 1958 512 qui
1978 471 2061 499 sunt
2080 462 2116 499 in
2137 476 2204 499 sae-

1252 522 1333 557 culo
1352 523 1565 561 mentionem
1580 525 1680 573 facis,
1699 524 1946 573 famulumque
1960 531 2062 560 tuum
2078 525 2112 560 in
2133 537 2206 560 me-

1252 581 1353 618 dium
1369 582 1518 622 adducis
1534 601 1542 621 :
1561 585 1666 622 illum
1682 585 1775 622 enim
1790 593 1824 621 te
1840 583 2040 634 significare
2054 584 2207 621 voluisse

1252 655 1344 685 reor,
1368 656 1449 680 cum
1464 644 1599 683 diceres
1613 645 1790 697 plurimos
1805 644 1988 682 saeculares
2000 644 2108 690 viros,
2124 658 2206 682 cum

1252 701 1288 738 in
1310 701 1405 740 hunc
1425 705 1590 743 morbum
1608 706 1826 751 incidissent,
1847 704 2008 742 celeriter
2026 713 2131 755 atque
2151 705 2209 742 in-

1252 764 1439 813 tegerrime
1454 766 1562 803 fuisse
1579 767 1761 805 liberatos.
1776 767 1915 803 Verum
1935 765 2090 802 famulus
2107 774 2205 811 tuus,

1251 836 1272 860 ο
1285 825 1538 872 amantissime,
1553 837 1586 864 et
1603 836 1778 878 quotquot
1789 825 1932 864 eosdem
1946 825 2085 862 subiere
2096 839 2209 873 casus,

1251 898 1321 922 non
1348 885 1471 923 eadem
1491 901 1537 924 ex
1554 901 1658 925 causa
1681 902 1762 925 cum
1781 884 1991 937 hujusmodi
2011 886 2104 922 malo
2125 899 2211 922 con-

1251 945 1375 982 flictati
1396 956 1479 984 sunt
1492 977 1501 993 ,
1520 962 1591 998 qua
1611 958 1651 985 tu
1675 948 1795 986 modo.
1820 947 1878 985 [lli
1898 946 1992 993 enim
2018 960 2058 983 ac
2075 946 2212 984 caeteris

1251 1005 1431 1044 similibus
1446 1008 1561 1045 solum
1578 1008 1736 1046 terrendi
1754 1022 1871 1053 causa,
1887 1016 1927 1044 ut
1941 1021 1987 1044 ex
1999 1006 2212 1059 hujusmodi

1252 1066 1378 1105 timore
1404 1068 1570 1106 meliores
1594 1069 1734 1118 fierent,
1763 1067 1858 1106 hanc·
1878 1068 2037 1105 belluam
2061 1067 2211 1105 immisit

1251 1129 1365 1175 Deus;
1386 1129 1452 1166 tibi
1473 1144 1555 1167 vero
1578 1139 1616 1167 ut
1638 1143 1814 1181 pugnares
1834 1129 1974 1166 fortiter
1992 1137 2025 1165 et
2042 1136 2182 1166 strenue
2197 1158 2208 1176 ,

1249 1203 1290 1226 ac
1300 1190 1456 1228 vinceres
1468 1205 1703 1241 coronamque
1717 1190 1896 1242 patientiae
1917 1189 2077 1227 referres.
2094 1189 2207 1226 Porro

1249 1251 1399 1288 victoria
1422 1261 1506 1289 tunc
1533 1262 1608 1300 est,
1639 1266 1708 1290 non
1731 1266 1812 1289 cum
1832 1251 1911 1301 quis
1931 1250 2051 1287 adhuc
2073 1250 2211 1288 theatro

1250 1321 1452 1358 constante,
1472 1312 1642 1350 luctando
1662 1312 1820 1364 seipsum
1839 1310 2043 1348 adversario
2069 1310 2208 1348 subdu-

1253 1371 1321 1418 cit,
1340 1371 1402 1408 sed
1423 1386 1503 1410 cum
1521 1387 1557 1410 se
1576 1373 1622 1410 ad
1641 1371 1946 1423 congrediendum
1966 1379 2133 1423 paratum
2153 1371 2211 1408 lu-

1250 1433 1377 1470 ctatori
1397 1447 1536 1485 semper
1555 1434 1672 1479 offert,
1702 1433 1764 1483 qui
1783 1432 2010 1470 adversarius
2035 1432 2209 1470 absurdas

1251 1492 1481 1542 cogitationes
1506 1508 1580 1544 prae
1602 1502 1963 1543 moerore'suggerens
1982 1492 2074 1530 nihil
2094 1493 2210 1544 perfi-

1251 1565 1327 1589 cere
1342 1553 1464 1604 possit.
1482 1553 1586 1599 Quod
1602 1568 1686 1591 vero
1701 1568 1754 1591 res
1771 1554 1818 1590 ita
1834 1567 1870 1590 se
1882 1553 2021 1599 habeat,
2034 1553 2085 1590 sic
2102 1554 2211 1604 probe

1252 1613 1397 1665 colligo.
1415 1615 1561 1653 Constat
1575 1616 1733 1667 profecto
1748 1614 1928 1660 omnibus,
1947 1614 2210 1664 quantumlibet

1251 1681 1287 1710 tu
1308 1682 1341 1711 te
1368 1688 1429 1725 per
1450 1675 1689 1713 humilitatem
1711 1674 1871 1726 dejicias,
1901 1689 1919 1712 a
1941 1675 2035 1711 servi
2060 1674 2114 1712 tui
2135 1674 2209 1712 vita

1249 1741 1347 1771 tuam
1368 1735 1573 1785 longissime
1592 1735 1753 1782 differre,
1773 1749 1814 1772 ac
1829 1748 1902 1772 esse
1917 1734 2098 1772 meliorem
2113 1736 2210 1773 :Deo

1248 1793 1367 1844 itaque
1384 1797 1497 1846 major
1510 1796 1558 1833 tui
1578 1810 1686 1846 quam
1704 1795 1802 1832 illius
1823 1809 1905 1832 cura
1929 1795 1974 1832 sit
1989 1808 2129 1832 necesse
2144 1803 2207 1832 est.

1249 1857 1324 1893 Hoc
1339 1870 1421 1894 cum
1438 1857 1556 1908 palam
1579 1858 1646 1904 sit,
1667 1856 1705 1894 id
1722 1870 1864 1907 quoque
1883 1855 2049 1893 similiter
2065 1864 2206 1893 consta-

1249 1916 1315 1953 bit:
1334 1931 1460 1969 nempe
1474 1917 1504 1956 si
1519 1928 1608 1955 esset
1622 1917 1696 1955 odii
1714 1916 1898 1969 permissio
1915 1917 1991 1962 illa,
2011 1930 2207 1966 numquam

1248 1978 1406 2029 profecto
1426 1979 1455 2016 ei
1476 1992 1583 2029 quem
1602 1979 1715 2031 magis
1731 1979 1897 2029 diligeret
1919 1977 2017 2014 illam
2035 1978 2209 2021 auxisset,

1249 2048 1436 2090 postquam
1453 2055 1534 2078 eum
1553 2041 1615 2091 qui
1634 2041 1739 2091 longe
1755 2041 1870 2077 fuerat
1882 2039 2037 2076 deterior
2052 2048 2124 2076 tam
2140 2039 2210 2076 cito

1247 2098 1400 2137 daemoni
1421 2101 1613 2152 eripuerat.
1635 2102 1759 2151 Neque
1774 2100 1872 2138 enim
1893 2114 1937 2138 ex
1954 2099 2020 2138 hoc
2039 2100 2156 2137 solum
2170 2099 2208 2138 id

1247 2161 1540 2208 asseveraveriui,
1559 2160 1621 2199 sed
1644 2176 1692 2200 ex
1708 2161 1841 2211 quibus
1854 2176 1873 2198 a
1892 2161 1966 2198 Deo
1981 2169 2015 2197 te
2029 2160 2208 2198 desertum

1248 2230 1372 2272 putas,
1401 2236 1446 2259 cx
1470 2222 1522 2260 eis
1549 2222 1705 2260 maxime
1735 2222 1788 2260 illi
1815 2236 1937 2259 curam
1960 2222 2012 2258 tui
2032 2235 2208 2259 suminam

1247 2296 1321 2320 esse
1335 2284 1490 2322 conabor
1500 2284 1697 2322 ostendere.
1713 2286 1804 2322 Nam
1821 2284 1848 2321 si
1866 2297 1934 2321 non
1950 2282 2208 2321 studiosissime

1247 2353 1372 2381 cuncta
1395 2344 1563 2382 hacteuus
1582 2346 1732 2397 egisses,
1759 2345 1788 2382 si
1810 2358 1878 2381 nou
1903 2345 2206 2394 peregrinationes

152 2405 286 2452 πολλὴν
319 2406 475 2452 ἐποιήσω
512 2405 687 2451 σπουδὴν,
713 2404 801 2455 μηῗὲ
829 2405 1030 2455 ἀποδημίας
1065 2408 1175 2444 ἐστει-
1197 2430 1221 2456 A
1247 2406 1482 2458 longinquas,
1514 2417 1553 2445 ut
1583 2408 1712 2446 sanctis
1739 2408 1810 2445 illis
1838 2407 1930 2444 viris
1954 2407 2000 2445 ad
2029 2408 2206 2459 ejusmodi

152 2473 203 2510 λω
223 2472 380 2525 μακρὰς,
405 2472 496 2512 ὥστε
525 2473 751 2523 συγγενέσθαι
782 2471 946 2523 ἀνδράσιν
979 2473 1088 2522 ἁγίοις
1117 2474 1176 2511 καὶ

153 2540 284 2581 ἱκανοῖς
299 2538 343 2577 τὰ
366 2542 510 2577 τοιαῦτα
530 2538 621 2577 λύειν
642 2538 768 2588 δεσμὰ,
787 2538 869 2581 ἴσως
884 2539 923 2575 ἄν
947 2554 998 2582 τις
1018 2539 1176 2592 ἠπόρησε

151 2607 220 2645 τῶν
237 2608 375 2645 πολλῶν
392 2637 401 2651 ,
424 2609 462 2644 οὖ
481 2606 613 2658 σφόδρα
639 2608 701 2652 τῆς
727 2605 841 2648 αἰτίας
866 2604 970 2652 οὔσης
993 2607 1176 2657 ἐναργοῦς,

153 2673 196 2710 δι’
217 2674 258 2720 ἣν
285 2677 446 2712 τοσοῦτον
477 2673 568 2711 εἴασε
596 2672 743 2725 χρόνον·
763 2671 882 2719 ἐπειδὴ
907 2671 942 2710 δὲ
973 2673 1032 2711 καὶ
1052 2673 1175 2717 τόπους

153 2740 336 2792 μαρτύρων
358 2739 681 2787 καταλαίὼν,ἔνθα
712 2738 835 2778 πολλοὶ
859 2739 918 2776 καὶ
946 2742 1015 2777 τῶν
1043 2741 1174 2794 ἀνθρώ-

153 2821 236 2849 πους
267 2806 449 2845 ἐσθιόντων
478 2806 650 2854 ἰάθησαν,
677 2805 736 2844 καὶ
767 2812 838 2846 τοῖς
871 2809 1083 2856 θαυμαστοῖς
1114 2808 1173 2845 καὶ

153 2873 319 2923 γενναίοις
349 2873 491 2916 ἐκείνοις
524 2874 583 2911 καὶ
614 2873 790 2924 μηδέποτε
818 2872 1078 2925 διημαρτηκόσι
1104 2889 1171 2911 πο-

152 2938 210 2979 λθν
234 2940 319 2993 ὑπὲρ
334 2940 454 2979 τούτου
475 2940 680 2993 συνῴκησας
707 2940 830 2992 χρόνον
847 2970 856 2987 ,
879 2939 937 2977 καὶ
963 2940 1060 2977 οὐδὲν
1083 2941 1172 2985 ὅλως

151 3007 356 3060 παραλιπιῖψ
381 3011 449 3046 τῶν
473 3009 644 3060 φερόντων
666 3010 711 3051 εἰς
732 3008 794 3054 τὴν
816 3010 874 3045 τοῦ
907 3007 1034 3050 πάθους
1056 3007 1171 3044 ἀπαλ-

150 3074 259 3126 λαγὴν
279 3104 289 3123 ,
314 3076 505 3121 ε’πανῆλθες
532 3076 638 3113 πάλιν
667 3076 723 3114 τὸν
754 3074 919 3124 πολέμιον
955 3073 1044 3125 ἔχων
1078 3072 1167 3122 μετὰ

151 3144 275 3179 σαυτοῦ
290 3172 299 3188 ,
321 3141 472 3194 φανερὰν
492 3142 550 3179 καὶ
571 3144 698 3194 ἐναργῆ
719 3141 778 3179 καὶ
797 3147 867 3184 τοῖς
895 3141 1027 3193 σφόδρα
1056 3138 1165 3184 ιιίνοήἡ

151 3221 220 3250 τοις
237 3210 299 3254 τῆς
323 3209 404 3259 περὶ
430 3208 467 3247 σὲ
494 3212 586 3247 Θεοῦ
611 3209 772 3261 προνοίας
801 3209 967 3258 ἐκόμισας
996 3206 1058 3253 τὴν
1077 3207 1167 3244 ἀπό-

154 3271 265 3317 δειξιν.
286 3273 375 3311 Οὐδὲ
394 3273 462 3325 γὰρ
491 3274 530 3311 ἂν
556 3273 725 3321 τοσαύτην
744 3273 846 3325 χάριν
871 3273 1081 3316 ἐνεπόδισεν,
1099 3274 1168 3310 οὐδ’

157 3339 195 3376 ἂν
231 3340 307 3384 τοὺς
340 3344 440 3380 αὐτοῦ
479 3342 618 3384 δούλους
653 3344 880 3392 αἰσχυνθῆναι
912 3342 1102 3392 ἠνέσχετο,
1139 3346 1167 3379 εἶ

201 3466 211 3478 ··
237 3456 336 3491 Sami.
353 3465 382 3488 υἱ
399 3456 496 3488 (20¹¹).
518 3464 552 3495 εἰ,
570 3474 591 3498 ,υ
607 3463 678 3502 uffa,
696 3463 873 3499 ἰιθιμηοῑιμ

1199 3310 1217 3336 Ιὶ

1246 2474 1416 2512 solvenda
1454 2475 1597 2512 vincula
1628 2474 1882 2526 potentissimis
1914 2474 2178 2524 rongi-alereris
2193 2505 2202 2518 ,

1247 2541 1474 2592 suscepisses,
1495 2541 1619 2578 merito
1633 2542 1777 2578 foi-tasse
1795 2539 1944 2590 quidam
1965 2540 2202 2582 dubitassent,

1247 2620 1328 2643 cuin
1351 2621 1418 2644 uon
1445 2609 1528 2644 sutis
1551 2615 1670 2659 apertu
1697 2606 1875 2643 videretur
1893 2620 1967 2642 csse
1986 2620 2112 2648 causa.
2141 2621 2205 2644 cur

1246 2681 1384 2711 tautum
1404 2673 1574 2725 temporis
1591 2683 1624 2710 te
1638 2674 1820 2723 reliquerit
1836 2689 1843 2708 ε
1860 2682 1977 2724 postest
1999 2687 2082 2710 vero
2097 2688 2205 2724 quum

1247 2751 1449 2794 martyrum
1470 2741 1545 2778 locu
1563 2742 1723 2791 frequens
1742 2740 1860 2776 adiisti
1877 2770 1886 2783 ,
1910 2740 1970 2777 ubi
1992 2740 2137 2792 plui-itui
2159 2756 2203 2780 ex

1247 2809 1289 2846 iis
1306 2824 1458 2859 quoquc,
1479 2809 1539 2859 qui
1555 2809 1714 2845 luuuiues
1734 2807 1968 2854 devorabant,
1984 2822 2075 2860 saepe
2091 2810 2202 2847 sanati

1246 2885 1348 2919 sunt,
1381 2875 1649 2927 pluriuuuuque
1676 2873 1844 2924 temporis
1872 2874 1967 2925 apud
1996 2873 2090 2911 xirus
2121 2874 2201 2912 illos

1245 2940 1425 2978 mirabiles
1440 2955 1479 2978 xic
1498 2940 1772 2982 sti-cuuissuuus,
1789 2939 1851 2990 qui
1866 2940 2082 2978 curationem
2098 2955 2199 2980 uuiu-

1243 3022 1349 3058 quuiu
1364 3009 1493 3050 frustra
1508 3015 1741 3048 tetum-cnuti,
1758 3005 1898 3055 degis-ii.
1913 3006 2073 3057 nihilque
2086 3009 2197 3046 omui-

1244 3090 1288 3112 uu
1308 3075 1472 3117 omisisti,
1491 3074 1585 3124 quud
1605 3073 1649 3110 ml
1669 3073 1756 3110 lianc
1776 3073 2019 3111 lilwmtiuuciu
2040 3076 2200 3115 conferre

1245 3158 1345 3194 posse
1366 3143 1435 3180 ulla
1457 3142 1590 3178 ratium·
1611 3141 1809 3184 viden-etur,
1830 3155 2061 3192 tvvm->usque
2086 3158 2122 3180 es
2144 3144 2196 3182 se.-

1245 3225 1322 3247 reus
1345 3219 1460 3246 ῐιϊιιιιι
1482 3209 1664 3246 ἰιιίιιιίιῚιιιι
1678 3238 1686 3251 ,
1714 3217 1878 3259 apertum
1898 3223 1938 3246 ar
1957 3210 2195 3250 certissimum

1244 3275 1375 3313 ‹liviuw
1409 3276 1500 3312 virm
1538 3284 1569 3310 ιι·
1601 3274 1830 3325 providentiu-
1863 3274 2114 3315 docunmumn
2146 3280 2195 3316 ci<

1245 3357 1385 3392 qunque
1409 3343 1469 3390 qui
1499 3341 1600 3378 ιςιΙιΙι·
1631 3341 1832 3392 insipit-ntes
1857 3351 1935 3379 suut
1963 3344 2193 3394 conspicuum
