2513 3871
141 1651 256 1679 Judstri
274 1652 313 1677 ri-

123 1699 169 1720 tut
224 1694 308 1720 alaro-

123 1738 193 1771 μή.

125 1897 227 1924 Hrod-
260 1894 310 1923 23.

128 1945 175 1975 ¹7·

125 2071 228 2105 Lenes
246 2075 293 2105 15.

130 2806 298 2846 (ἣτε-’1.14.

324 274 417 321 8ιο

324 384 419 411 nunc
442 379 565 409 autem
591 381 660 407 non
679 366 856 420 amplius;
876 379 959 405 nam
987 374 1058 405 tota
1086 365 1187 404 itlius
1213 366 1278 404 di-

324 433 440 485 gnitas
453 430 594 471 sublata
608 437 673 477 est,
683 442 725 467 eo
737 426 835 479 quod
847 435 969 466 eontra
981 426 1049 465 Dei
1064 434 1219 465 mentem
1229 440 1279 465 ce-

322 493 493 531 lebratur.
503 491 648 541 Quique
656 489 813 528 maxime
823 488 960 528 violant
967 487 1083 539 legem
1091 487 1279 540 priscaque

322 554 424 598 festa,
443 553 470 592 ii
494 551 652 589 maxime
673 549 837 589 omnium
854 557 948 596 sunt,
964 548 1026 599 qui
1041 561 1138 587 nunc
1154 547 1278 586 viden·

323 623 383 652 tur
397 627 437 651 ea
459 611 650 651 celebrare.
671 613 720 649 At
735 624 799 649 nos
818 609 975 648 maxime
992 608 1107 660 legem
1126 622 1279 648 venera-

324 689 418 722 mur,
441 674 502 725 qui
520 686 599 711 eam
623 671 723 711 velut
749 671 931 710 hominem
950 670 1048 709 senio
1078 670 1279 708 consectum

324 737 505 787 quiescere
521 733 688 782 sinimus,
703 733 819 772 necin
839 731 996 771 stadium
1021 731 1278 784 protrahimus,

324 805 555 849 posteaquam
572 794 744 843 incanuit,
759 807 872 846 neque
891 793 1007 832 alieno
1026 801 1185 844 tempore
1203 806 1279 831 cer-

324 868 400 896 tare
416 855 675 908 compellimus.
691 856 795 894 Nunc
809 854 904 893 enim
920 867 984 892 nec
997 866 1072 891 esse
1087 853 1176 904 legis
1191 862 1278 892 tem-

325 934 407 973 pus,
429 932 493 957 nee
511 926 658 956 vetusta:
686 915 885 969 religionis,
908 915 994 954 satis
1020 923 1101 953 ante
1125 913 1278 953 demon-

325 980 520 1019 stravimus
537 995 546 1016 ε
571 992 635 1030 age
654 978 767 1030 igitur
784 976 883 1029 quod
902 985 1063 1030 superest
1085 975 1192 1014 hodie
1209 989 1278 1014 ex-

326 1043 515 1081 cutiamus.
526 1039 621 1079 Satis
636 1038 780 1090 quidem
791 1047 878 1086 erat,
891 1047 930 1076 ut
945 1051 1027 1075 cum
1038 1050 1084 1075 ex
1095 1037 1280 1090 prophetis

325 1102 494 1140 omnibus
507 1101 818 1146 demonstrassem,
839 1096 937 1149 quod
954 1110 1048 1135 nunc
1066 1106 1165 1135 extra
1182 1098 1279 1136 Jero—

325 1163 504 1215 solymam
520 1161 590 1199 tale
603 1159 791 1212 quippiam
806 1159 921 1196 faeere
944 1158 1177 1209 transgressio
1191 1157 1280 1208 legis

324 1224 369 1262 sit
384 1232 417 1261 et
433 1221 635 1274 impietatis,
649 1219 747 1258 omni
766 1219 886 1257 labore
903 1219 1051 1257 levaret.
1068 1219 1159 1257 Nam
1172 1218 1202 1255 si
1219 1231 1277 1256 ve·

324 1297 404 1322 rum
424 1290 527 1328 esset,
561 1279 660 1331 quod
689 1279 747 1317 isti
779 1292 917 1331 semper
948 1278 1081 1329 ubique
1107 1278 1280 1329 jactantes

323 1344 533 1389 mussitant,
562 1343 725 1379 futurum
753 1349 793 1378 ut
820 1339 1003 1378 civitatem
1035 1338 1154 1377 denuo
1183 1339 1278 1377 reci-

323 1406 437 1458 piant,
456 1417 500 1442 ne
515 1403 567 1441 sic
584 1400 730 1453 quidem
749 1401 886 1454 possint
903 1414 922 1438 a
943 1399 1086 1439 violatae
1105 1399 1194 1451 legis
1207 1399 1278 1438 cri-

323 1466 419 1504 mine
437 1463 582 1502 liberari
609 1477 617 1499 :
641 1470 794 1500 attamen
815 1474 879 1499 nos
905 1474 951 1499 ex
982 1459 1181 1498 abundanti
1210 1460 1278 1498 hoc

323 1540 463 1578 quoquc
489 1523 830 1571 demonstravimus,
860 1522 958 1573 quod
987 1536 1050 1560 nec
1080 1522 1207 1561 civitas
1231 1523 1278 1560 sit

325 1585 569 1634 instauranda,
590 1599 703 1635 neque
723 1584 879 1637 priscum
909 1582 1118 1636 reipublicae
1145 1591 1279 1621 statum

324 1649 394 1687 sint
412 1647 603 1700 recepturi.
625 1646 701 1684 Hoc
721 1655 840 1684 autem
858 1643 1116 1694 demonstrato,
1140 1644 1277 1695 reliqua

324 1710 442 1748 omnia
471 1710 505 1747 in
534 1708 693 1746 confesso
723 1716 818 1755 sunt,
844 1705 1013 1744 videlicet
1040 1704 1136 1756 quod
1166 1718 1279 1757 neque

324 1770 585 1809 sacrificiorum
601 1769 702 1816 ritus,
716 1781 829 1819 neque
841 1767 1148 1813 holocaustorum,
1164 1780 1279 1817 neque

324 1832 412 1883 legis
432 1832 503 1877 vis,
523 1844 586 1868 nec
604 1829 673 1867 alia
696 1842 778 1881 pars
805 1827 878 1866 ulla
899 1836 1009 1866 status
1038 1827 1137 1865 illius
1163 1827 1278 1865 consi-

325 1902 416 1931 stere
433 1892 571 1944 poterit.
589 1891 750 1929 Primum
769 1890 864 1927 enim
889 1888 1056 1941 pra‘cepit
1073 1889 1145 1934 lex,
1165 1898 1203 1926 ut
1227 1898 1279 1926 ter

328 1955 363 1993 in
383 1968 476 1992 anno
503 1966 607 1991 omne
629 1950 866 1989 masculinnm
886 1949 1091 1987 ascenderet
1120 1950 1155 1987 in
1188 1958 1277 1987 tem-

328 2015 451 2067 plum:
468 2023 636 2052 caetcrum
653 2011 790 2063 dejecto
807 2010 953 2062 templo,
969 2010 1035 2048 hoc
1055 2010 1130 2047 ficri
1143 2010 1276 2061 nequit.

328 2077 468 2114 Rursus
488 2081 716 2126 praeceperat,
735 2080 774 2109 ut
790 2071 850 2122 qui
867 2071 1045 2123 profluvio
1063 2071 1207 2109 seminis
1226 2071 1277 2109 la-

326 2135 467 2173 boraret
483 2165 493 2184 ,
533 2134 594 2184 qui
627 2133 725 2184 lepra
766 2132 1026 2169 contaminatus
1053 2141 1140 2170 esset
1154 2161 1164 2181 ,
1201 2146 1279 2183 qum

327 2206 506 2235 menstruo
522 2195 620 2233 fluxo
633 2202 910 2243 teneretur,quae
925 2194 1128 2246 peperisset,
1138 2194 1279 2232 offerret

325 2257 511 2296 sacrificia.
538 2255 645 2306 Atqui
667 2268 729 2292 net:
750 2254 816 2293 hoc
838 2254 912 2292 sieri
935 2263 1063 2307 potest,
1085 2268 1168 2292 cum
1187 2254 1279 2294 desit

325 2320 424 2357 locus
439 2348 449 2367 ,
484 2331 546 2355 nec
584 2324 697 2354 exstet
737 2315 858 2353 altare.
893 2315 1005 2355 Jussit
1048 2316 1125 2354 cani
1162 2330 1280 2355 sacros

325 2380 491 2431 hymnos,
507 2387 540 2416 ct
560 2377 625 2414 hoc
644 2385 724 2414 ante
746 2375 1015 2414 declaravimus
1035 2385 1110 2414 tum
1131 2377 1200 2415 loci
1221 2392 1280 2416 ra-

324 2440 419 2478 tione
450 2438 578 2485 vetari,
601 2446 677 2475 tum
707 2451 727 2474 a
756 2436 940 2489 prophetis
963 2437 1142 2486 damnari,
1172 2453 1280 2477 accu-

324 2503 488 2542 santibus
508 2501 603 2549 illos,
621 2514 662 2538 ac
680 2499 883 2538 dicentibus
902 2499 1000 2551 quod
1019 2500 1105 2538 soris
1124 2500 1279 2552 legerent

326 2565 453 2615 legem,
471 2573 504 2601 et
531 2562 744 2600 advocarent
764 2561 1033 2602 confessionem.
1057 2563 1147 2600 Cum
1170 2562 1281 2614 igitur

327 2639 370 2663 ne
395 2626 463 2676 legi
491 2624 640 2675 quidem
672 2623 731 2661 lex
754 2622 908 2675 potuerit
935 2631 1035 2662 extra
1071 2623 1276 2673 civitatem,

326 2685 508 2737 quomodo
535 2685 648 2735 legem
677 2697 822 2722 servare
850 2692 1016 2736 poterunt
1035 2693 1134 2722 extra
1153 2685 1280 2723 civita-

326 2750 427 2785 tem?
457 2747 555 2785 llanc
581 2746 629 2784 ob
659 2759 803 2783 causam
830 2754 863 2783 ct
892 2746 1060 2783 minitans
1080 2746 1151 2784 illis
1170 2746 1281 2796 dicit,

327 2809 417 2847 Non
447 2809 616 2845 visitabo
635 2806 753 2859 silias
783 2815 954 2853 vestras,
985 2821 1074 2845 cum
1107 2817 1281 2859 stuprum

327 2870 570 2913 admiserint,
595 2881 721 2919 neque
741 2881 859 2905 nurus
883 2876 1057 2914 vestras,
1084 2883 1171 2907 cum
1197 2884 1282 2908 moe-

328 2931 636 2982 chaam-suerint.
659 2927 758 2972 Quid
777 2937 896 2966 autem
918 2928 985 2967 boc
1008 2929 1088 2967 est?
1123 2931 1280 2969 Recitata

329 2991 440 3027 veteri
473 2991 546 3038 tege
574 2989 730 3028 conabor
757 2989 859 3028 vobis
890 2989 1037 3028 reddere
1065 2989 1277 3031 dilucidius.

331 3053 420 3097 Qua·
440 3051 548 3099 igitur
568 3051 628 3088 illa
649 3051 734 3089 lex?
753 3051 795 3089 Si
815 3052 967 3098 mulier,
985 3051 1112 3103 inquit,
1130 3067 1282 3104 prawn-

333 3113 455 3148 ricata
472 3113 590 3163 suerit
614 3125 639 3149 a
663 3114 749 3150 viro
775 3125 862 3156 suo,
889 3126 1052 3164 eumque
1085 3114 1281 3167 negligens

331 3170 565 3220 despexerit,
594 3172 868 3225 dormieritque
899 3173 1046 3225 alique's
1082 3187 1169 3212 cum
1208 3175 1280 3213 itta

331 3232 432 3266 coitu
459 3233 635 3278 seminis,
689 3241 724 3269 et
757 3233 915 3271 latuerit
933 3234 1065 3273 oculos
1085 3237 1190 3286 viri,
1213 3249 1280 3274 nec

333 3291 437 3326 testis
442 3291 476 3342 s
476 3294 570 3327 uerit
586 3292 768 3329 adversus
786 3292 911 3340 illam,
928 3309 996 3333 nec
1010 3297 1133 3347 suerit
1153 3298 1282 3348 depre-

333 3350 451 3385 hensa
470 3364 479 3383 .·
499 3364 544 3386 ac
564 3363 675 3401 super
689 3355 812 3402 ipsum
831 3356 986 3405 quidem
1004 3361 1154 3395 venerit
1172 3360 1280 3410 spiri-

333 3417 391 3444 tus
411 3408 625 3458 minimum,
648 3413 729 3457 ipsa
750 3427 841 3450 vero
860 3416 1075 3467 mansue-rit
1093 3421 1282 3457 contami-

333 3476 439 3505 nata.
473 3470 602 3505 Sensus
619 3470 744 3507 twrnm
768 3473 884 3511 w't‘ltm
898 3489 954 3512 ιιιη
977 3476 1033 3513 liii·
1053 3487 1100 3515 vsi
1122 3478 1183 3517 :Si
1203 3494 1278 3517 ιιιιι-

753 284 793 316 S.
829 282 1017 315 JOANNts
1051 282 1294 315 CHRYSOST.

1304 982 1329 1013 D

1292 2292 1340 2316 6⁶³

1332 283 1541 316 Ancnuzt’.
1578 283 1749 317 CONSTA
1755 285 1919 318 ΝΤΙΝΟΡ
1926 305 1938 316 .

1353 367 1451 420 παρὰ
1476 367 1622 420 γνώμην
1646 372 1708 408 τοῦ
1739 370 1833 409 Θεοῦ
1858 369 2028 420 γίνεσθαι.
2052 368 2124 409 Καὶ
2151 371 2185 409 οἱ
2221 371 2375 422 μάλιστα

1351 429 1617 482 καθυὸρίζοντες
1653 431 1715 469 καὶ
1748 430 1808 469 τὸν
1841 430 1947 480 νόμον
1980 430 2041 469 καὶ
2070 430 2132 476 τὰς
2159 431 2282 485 ἑορτὰς
2311 433 2376 478 τὰς

1349 490 1524 539 παλαιὰς,
1544 485 1639 530 οὗτοι
1668 491 1824 541 μάλιστα
1855 491 1998 531 πάντων
2027 492 2113 531 εἰσὶν
2140 494 2173 531 οἱ
2199 493 2378 538 δοκοῦντες

1351 554 1411 588 νῦν
1442 552 1643 590 ἐπιτελεῖν·
1665 554 1697 590 οἱ
1725 551 1762 591 δὲ
1785 552 1942 602 μάλιστα
1970 552 2029 592 τὸν
2064 552 2170 604 νόμον
2205 556 2378 604 τιμῶντες

1350 615 1471 663 ἡμεῖς,
1494 613 1526 651 οἱ
1544 612 1704 664 καθάπερ
1722 612 1945 665 γεγηρακότα
1968 613 2150 666 ἄνθρωπον
2175 614 2377 653 ἀναπαύον-

1350 689 1425 720 τες,
1452 673 1512 711 καὶ
1537 675 1601 725 οὐχ
1623 673 1781 718 ἕλκοντες
1817 675 1866 719 εἷς
1893 674 1938 712 τὰ
1970 675 2167 725 σκάμματα
2196 674 2285 725 μετὰ
2313 674 2377 723 τὴν

1351 733 1492 779 πολιὰν,
1513 733 1590 773 οὐδὲ
1608 733 1706 787 παρὰ
1726 734 1846 787 καιρὸν
1867 734 2094 786 ἀγωνίζεσθαι
2113 735 2376 787 ἀναγκάζοντες.

1350 794 1437 834 Ὀτι
1451 795 1519 847 γὰρ
1534 797 1597 833 οὐκ
1616 794 1691 833 ἔστι
1702 794 1809 846 νόμου
1823 796 1943 849 καιρὸς
1958 800 2032 843 νῦν,
2048 795 2127 835 οὔτε
2144 798 2209 843 τῆς
2225 797 2379 839 παλαιᾶς

1351 857 1548 905 πολιτείας,
1575 858 1704 901 ἱκανῶς
1732 857 1797 908 μὲν
1816 857 1876 896 καὶ
1904 856 2100 910 ἔμπροσθεν
2127 857 2378 908 ἀπεδείξαμεν·

1351 917 1434 970 φέρε
1454 918 1496 966 δὴ
1513 918 1572 957 καὶ
1591 918 1636 957 τὰ
1654 917 1803 970 λείψανα
1821 918 2056 969 γυμνάσωμεν
2074 917 2380 970 τήμερον.Ἥρκει

1354 980 1416 1030 μὲν
1438 973 1495 1018 οῦν
1522 979 1680 1024 δείξαντα
1702 980 1758 1017 διὰ
1780 982 1849 1018 τῶν
1869 982 2057 1032 προφητῶν
2074 979 2255 1028 ἁπάντων,
2270 978 2325 1018 ὅτι
2339 978 2381 1018 τὸ

1351 1047 1463 1079 ποιεῖν
1482 1057 1518 1079 τι
1539 1045 1692 1080 τοιοῦτον
1718 1041 1783 1086 ἔξω
1810 1043 1878 1079 τῶν
1900 1040 2156 1093 Ἱεροσολύμων
2174 1039 2380 1092 παρανομία

1351 1102 1403 1145 τίς
1421 1103 1498 1140 ἐστι
1516 1102 1575 1140 καὶ
1593 1101 1749 1150 deiecta,
1765 1102 1992 1154 &muers-On
2005 1101 2238 1155 πραγμάτων.
2252 1102 2296 1140 Ei
2309 1100 2378 1153 γὰρ

1351 1163 1411 1201 καὶ
1431 1162 1557 1210 ἀληθὲς
1575 1157 1638 1209 ἦν,
1656 1163 1676 1201 ὃ
1691 1166 1873 1215 πανταχοῦ
1906 1163 2142 1209 κομπάζοντες
2169 1163 2223 1201 ἀεὶ
2241 1162 2379 1216 ψιθυρί-

1352 1224 1479 1270 ζουσιν,
1497 1223 1550 1262 ὅτι
1569 1223 1633 1269 τὴν
1653 1223 1754 1262 πόλιν
1772 1224 2014 1276 ἀπολήψονται
2034 1223 2154 1270 πάλιν,
2176 1224 2253 1262 οὐδὲ
2269 1223 2379 1266 οὕτως

1351 1284 1579 1335 ἀπηλλάχθαι
1598 1286 1667 1322 τῶν
1692 1287 1756 1330 τῆς
1781 1284 2005 1336 παρανομίας
2039 1284 2273 1336 ἐγκλημάτων
2303 1284 2379 1324 ἐδύ·

1351 1360 1468 1383 ναντο.
1506 1344 1606 1392 Πλὴν
1647 1346 1726 1383 ἀλλ’
1753 1346 1856 1396 ἡμεῖς
1884 1347 1924 1384 ἐκ
1958 1344 2158 1397 περιουσίας
2189 1345 2250 1384 καὶ
2279 1351 2380 1385 τοῦτο

1351 1405 1600 1455 ἀπεδείξαμεν,
1618 1405 1673 1444 ὅτι
1700 1405 1779 1444 οὔτε
1805 1406 2041 1452 ἀναστήσεται
2074 1405 2196 1445 λοιπὸν
2218 1409 2241 1452 ἡ
2261 1406 2380 1453 πόλις,

1350 1465 1430 1503 οὔτε
1450 1466 1692 1517 ἀπολήψονται
1715 1465 1778 1513 τὴν
1809 1468 1942 1504 ἑαυτῶν
1970 1466 2162 1505 πολιτείαν.
2179 1465 2315 1506 Τούτου
2342 1466 2379 1505 δὲ

1351 1526 1633 1578 ἀποδειχθέντος,
1650 1526 1710 1564 καὶ
1728 1526 1772 1565 τὰ
1797 1526 1906 1565 λοιπὰ
1933 1526 2073 1566 ἅπαντα
2091 1526 2378 1579 συνωμολόγητο,

1351 1581 1420 1626 οἷον
1444 1589 1492 1631 ὡς
1510 1587 1587 1626 οὔτε
1614 1588 1734 1632 θυσίας
1763 1583 1871 1634 εἶδος,
1892 1588 1970 1627 οὔτε
1998 1587 2290 1637 ὁλοκαυτώσεως,
2315 1589 2382 1642 οὗχ

1351 1652 1374 1696 ἡ
1406 1652 1466 1687 τοῦ
1496 1648 1603 1700 νόμου
1636 1649 1802 1699 δύναμις,
1828 1650 1890 1688 οὐκ
1925 1650 2013 1688 ἄλλο
2042 1665 2076 1688 τι
2106 1652 2171 1695 τῆς
2202 1651 2381 1694 πολιτείας

1353 1709 1485 1755 ἐκείνης
1502 1713 1629 1756 στῆναι
1649 1710 1848 1757 δυνήσεται.
1865 1711 2014 1761 Πρῶτον
2033 1710 2096 1760 μὲν
2115 1710 2184 1764 γὰρ
2203 1710 2380 1750 ἐκέλευσεν

1351 1775 1370 1810 ὃ
1389 1771 1491 1820 νόμος
1511 1772 1584 1824 τρὶς
1603 1774 1663 1809 τοῦ
1684 1773 1840 1810 ἐνιαυτοῦ
1863 1777 1933 1810 πᾶν
1955 1771 2137 1823 ἀρσενικὸν
2157 1773 2204 1816 είς
2222 1771 2280 1810 τὸν
2299 1772 2380 1811 ναὸν

1353 1832 1553 1871 ἀναδαίνειν
1566 1848 1574 1856 ·
1606 1835 1665 1871 τοῦ
1705 1831 1741 1871 δὲ
1776 1837 1860 1871 ναοῦ
1899 1832 2173 1878 καταλυθέντος,
2214 1833 2381 1873 ἀδύνατον

1352 1897 1453 1932 τοῦτο
1470 1893 1642 1944 γενέσθαι.
1663 1892 1765 1932 Μετὰ
1788 1897 1899 1932 ταῦτα
1928 1894 2033 1931 πάλιν
2054 1893 2222 1932 ἐπέταττε
2246 1894 2304 1933 τὸν
2322 1909 2380 1945 γο-

1355 1956 1498 2006 νοῤῥυῆ,
1515 1954 1574 1993 τὸν
1594 1954 1737 2005 λεπρὸν,
1755 1953 1821 2000 τὴν
1840 1957 1875 1993 ἐν
1894 1954 2128 2004 καταμηνίοις
2142 1961 2301 2006 γυναῖκα,
2315 1955 2380 2003 τὴν

1354 2017 1470 2067 λεχῶ,
1499 2014 1619 2058 θυσίας
1644 2015 1846 2067 ἀναφέρειν·
1868 2015 1928 2054 καὶ
1957 2019 2059 2053 τοῦτο
2087 2016 2123 2054 δὲ
2157 2017 2264 2054 πάλιν
2294 2017 2380 2056 ἀδύ·

1352 2092 1454 2115 νατον
1466 2106 1478 2125 ,
1503 2078 1564 2114 οὐκ
1592 2077 1689 2119 ὄντος
1707 2079 1767 2115 τοῦ
1789 2077 1916 2124 τόπου,
1932 2076 2008 2115 οὐδὲ
2028 2081 2088 2115 τοῦ
2119 2080 2239 2128 βωμοῦ
2258 2094 2381 2130 φαινο-

1355 2137 1471 2188 μένου.
1500 2136 1709 2176 Ἔκέλευσεν
1744 2138 1839 2190 ᾅδειν
1872 2136 1983 2190 ἱεροὺς
2011 2137 2156 2188 ὕμνους·
2186 2138 2245 2176 καὶ
2279 2142 2381 2179 τοῦτο

1353 2199 1549 2251 ἔμπροσθεν
1575 2197 1803 2249 ἀπεδείξαμεν
1831 2198 1900 2237 ἀπὸ
1918 2202 1978 2236 τοῦ
2002 2199 2110 2237 τόπου
2138 2199 2378 2251 κωλυόμενον,

1354 2261 1414 2299 καὶ
1439 2259 1518 2304 τοὺς
1551 2261 1732 2312 προφήτας
1763 2261 2016 2312 ἐγκαλοῦντας,
2042 2261 2102 2299 καὶ
2125 2261 2290 2312 λέγοντας
2326 2262 2379 2301 ὅτι

1354 2321 1552 2373 ἀνέγνωσαν
1575 2321 1639 2366 ἔξω
1667 2321 1790 2372 νόμον,
1810 2322 1870 2360 καὶ
1890 2321 2149 2360 ἐπεκαλέσαντο
2179 2322 2379 2374 ὁμολογίαν.

1352 2381 1469 2421 υΟταν
1498 2383 1612 2421 τοίνυν
1636 2382 1725 2433 μηδὲ
1746 2382 2046 2434 ἀναγινώσκεσθαι
2077 2383 2222 2422 δυνατὸν
2248 2379 2292 2431 ἦν
2320 2384 2381 2423 τὸν

1353 2445 1458 2495 νόμον
1483 2443 1547 2488 ἔξω
1567 2447 1630 2491 τῆς
1648 2444 1803 2491 πόλεως,
1825 2445 1898 2487 πῶς
1924 2443 2026 2482 αὐτὸν
2050 2443 2216 2495 πράττειν
2236 2443 2302 2490 ἔξω
2319 2447 2382 2491 τῆς

1354 2507 1487 2549 πολεως
1509 2504 1651 2543 δυνατόν
1667 2520 1677 2554 ;
1695 2505 1763 2544 Διὰ
1781 2508 1865 2556 γοῦν
1884 2508 1987 2543 τοῦτο
2006 2505 2067 2543 καὶ
2087 2507 2242 2544 ἀπειλῶν
2267 2507 2383 2550 αὐτοῖς

1354 2565 1471 2618 ἔλεγεν
1483 2581 1490 2589 ·
1507 2567 1586 2604 Οὐκ
1606 2565 1845 2618 ἐπισκέψομαι
1862 2565 1925 2609 τὰς
1953 2565 2144 2617 θυγατέρας
2164 2569 2282 2617 ὑμῶν,
2300 2566 2382 2605 ὅταν

1355 2627 1635 2680 ἐκπορνεύσωσι,
1653 2628 1715 2666 καὶ
1738 2627 1802 2670 τὰς
1826 2627 1960 2678 νύμφας
1979 2629 2077 2675 ὑμῶν
2090 2655 2100 2671 ,
2120 2627 2202 2665 ὅταν
2235 2629 2382 2680 μοιχεύ-

1355 2705 1455 2728 σωσι.
1468 2690 1502 2727 Τ
1507 2688 1516 2726 ί
1540 2687 1575 2726 δὲ
1606 2687 1709 2726 τοῦτό
1741 2690 1839 2735 ἐστι,
1861 2689 1979 2737 δόμον
2008 2689 2090 2737 ὑμῖν
2122 2687 2287 2738 ἀναγνοὺς
2306 2704 2382 2727 πα-

1353 2750 1465 2798 λαιὸν,
1481 2748 1694 2801 σαφέστερον
1713 2750 1861 2794 ποιῆσαι
1879 2748 2109 2799 πειράσομαι.
2130 2749 2195 2793 Τίς
2209 2743 2268 2787 οὖν
2288 2751 2382 2789 ἐστιν

1353 2814 1372 2850 6
1391 2810 1513 2861 νόμος;
1534 2809 1621 2848 Ἐὰν
1648 2809 1794 2861 παραὸῇ
1811 2809 1895 2861 γυψὶΙ
1925 2810 2015 2847 κατὰ
2033 2815 2093 2849 τοῦ
2117 2811 2238 2863 ἀνδρὸς
2256 2812 2384 2859 αὐτῆς,

1354 2871 1414 2911 καὶ
1438 2870 1572 2923 παρίδῃ
1604 2871 1708 2909 αὐτὸν
1731 2871 1960 2921 ὑπεριδοῦσα,
1982 2871 2041 2909 καὶ
2060 2875 2212 2924 κοιμηθῇ
2231 2886 2282 2916 τις
2306 2874 2383 2924 μετ’

1355 2933 1461 2979 αὐτῆς
1480 2932 1600 2977 κοίτην
1620 2930 1842 2982 σπέρματος,
1867 2931 1927 2969 καὶ
1953 2931 2043 2983 λα’θῃ
2067 2931 2102 2976 ἐξ
2119 2933 2307 2985 ὀφθαλμῶν
2323 2937 2384 2973 τοῦ

1355 2993 1492 3045 ἀνδρὸς,
1516 2992 1575 3031 καὶ
1603 2992 1735 3044 μα’ρτυς
1758 2991 1806 3041 μὴ
1833 2987 1855 3043 ᾖ
1876 2995 1952 3030 κατ’
1976 2993 2101 3041 αὐτῆς,
2119 2993 2178 3031 καὶ
2199 2992 2248 3044 μὴ
2264 2987 2288 3046 ἦ
2305 3009 2383 3033 συν·

1356 3055 1553 3105 ειλημμένη
1571 3084 1581 3101 ,
1596 3054 1656 3092 καὶ
1676 3053 1804 3105 ἐπέλθῃ
1833 3053 1887 3091 ἐπ’
1910 3056 2003 3105 αὐτῷ
2021 3058 2158 3104 πνεῦμα
2177 3054 2360 3101 ζηλώσιως
2372 3085 2382 3102 ,

1354 3116 1442 3163 αὕτη
1461 3115 1496 3153 δὲ
1514 3115 1563 3166 μὴ
1579 3109 1602 3167 ᾖ
1619 3114 1860 3165 μεμιασμένη.
1879 3114 1928 3150 ’Ὸ
1945 3114 1980 3153 δὲ
2001 3115 2094 3166 λέγει
2108 3116 2260 3155 τοιοῦτόν
2276 3118 2382 3156 ἔστιν·

1354 3177 1413 3216 ἐὰν
1437 3179 1606 3229 μοιχευθῇ
1621 3205 1631 3222 ,
1647 3175 1754 3227 φησὶ,
1773 3174 1874 3227 γυνὴ,
1896 3175 1955 3212 καὶ
1982 3176 2186 3228 ὑποπτεύσῃ
2212 3177 2278 3224 τὴν
2307 3193 2383 3230 μοι·

1357 3237 1460 3289 κείαν
1480 3240 1499 3276 ὁ
1519 3235 1666 3288 ἀνὴρ,ἣ
1688 3235 1737 3286 μὴ
1769 3239 1954 3287 μοιχευθῇ,
1980 3231 2079 3281 οἶτος
2111 3237 2146 3277 δὶ
2166 3237 2383 3292 ὑποπτεύσῃ,

1354 3299 1414 3337 καὶ
1447 3298 1535 3349 μήτε
1567 3297 1700 3350 μα’ρτυς
1727 3291 1772 3349 ᾖ,
1793 3298 1883 3347 μήτε
1920 3297 2041 3344 κύησις
2074 3298 2288 3351 ἐλέγχουσα,
2309 3299 2383 3345 ἄξει

1355 3358 1461 3405 αὐτὴν
1483 3359 1567 3410 πρὸς
1583 3359 1642 3397 τὸν
1657 3359 1773 3411 ἱερέα,
1797 3358 1901 3410 φησὶ,
1919 3359 1977 3395 καὶ
1998 3359 2178 3409 προσοίσει
2201 3361 2242 3398 τὸ
2273 3361 2382 3412 δῶρον

1355 3423 1479 3468 αὐτ-ἧς,
1503 3422 1647 3471 ἄλευρον
1682 3419 1844 3472 κρίθινον.
1877 3419 1924 3458 Ἰ“ί
1955 3419 2082 3466 δήποτε
2111 3422 2149 3459 οὖ
2178 3420 2382 3471 σεμίδαλιν,

1356 3483 1415 3519 οὐκ
1431 3482 1575 3532 ἅὶευρον
1593 3486 1712 3532 κυροῖ,
1724 3480 1813 3519 ἀλλὰ
1832 3481 1999 3533 κρίθινον,
2015 3481 2161 3528 Ἐπειδὴ
2174 3482 2295 3526 πένθος
2311 3482 2383 3522 ἰστὶ
