2513 3871
180 401 189 420 1
201 415 206 420 .
220 392 281 430 Qui
296 401 346 420 tu·

155 437 257 471 spicati
287 435 345 461 sint

159 486 210 502 nus
226 486 276 512 per
291 484 342 502 ou-

153 516 285 553 porbiam
302 525 343 543 re·

155 567 267 585 rumne
277 578 285 589 ,

155 608 235 624 uuam
247 599 345 626 enisu-

155 641 310 667 'nationem

155 681 271 708 imme.

170 2364 198 2383 ο.
211 2354 267 2381 Nm
281 2362 337 2379 non

151 2403 269 2433 ,ιιιψὶνῐ
286 2405 336 2421 νδ*

153 2450 217 2466 uam
235 2439 296 2474 glu-

152 2491 223 2506 uam
251 2481 297 2506 {u-

149 2535 161 2557 μ
168 2533 235 2550 ,,,,,

357 225 452 285 466

360 326 451 363 inter
471 323 637 375 spiritum
656 329 690 358 et
709 333 850 358 carnem
872 328 924 358 est
944 318 1190 362 intervallum,
1210 316 1316 355 audc-

360 385 459 424 bitne
471 382 651 435 quispiam
666 395 722 419 me
733 380 909 434 superbiae
919 378 1109 418 accusare?
1119 377 1193 428 Qui
1208 391 1315 430 porro

361 459 430 484 non
449 443 646 482 absurdum
666 442 796 491 suerit,
815 456 874 481 eos
893 441 956 493 qui
976 441 1113 480 minora
1141 447 1315 492 respuunt

360 505 504 544 insaniae
519 518 686 543 accusare
696 534 705 548 ,
723 518 782 542 eos
797 512 917 542 autem
932 532 942 552 ‚
958 502 1021 554 qui
1037 501 1073 540 in
1088 501 1193 553 longe
1205 499 1315 539 subli-

780 239 819 268 S.

323 599 328 603 .
359 565 534 605 mioribus
550 564 709 617 idipsum
727 564 885 614 faciunt,
901 577 971 602 non
984 563 1061 614 jam
1077 563 1113 601 in
1133 561 1310 608 amentiae,
1335 564 1358 594 B

358 626 421 666 sed
440 627 476 665 in
495 625 672 679 superbiae
692 625 826 663 crimen
847 623 1000 663 vocare?
1019 622 1127 661 Haud
1155 636 1255 661 secus
1273 636 1315 660 ac

358 687 386 726 si
403 688 485 739 quis
501 701 599 735 eum,
617 686 677 738 qui
698 685 808 724 boum
827 694 1027 724 armentum
1043 683 1252 736 despiceret,
1272 697 1314 721 ac

356 748 535 787 bubulcus
549 762 623 786 mse
639 747 760 795 nollet,
780 760 847 785 non
865 746 1060 799 superbiae,
1077 743 1137 783 sed
1149 744 1313 782 amentia:

356 823 536 856 accusans,
569 822 651 846 eum
683 807 747 858 qui
780 807 889 845 totius
921 806 1020 845 orbis
1051 805 1244 858 imperium
1279 814 1313 843 et

355 870 515 909 omnium
526 869 660 920 ubique
671 878 844 908 terrarum
854 868 1077 907 exercituum
1086 867 1312 906 dominatum

359 945 428 969 uon
441 932 629 984 acciperet,
648 944 716 969 non
734 930 888 968 insanire
902 928 1130 980 diceret‚sed
1145 929 1312 982 superbia

356 992 486 1030 inflari.
503 991 573 1031 Sed
589 1005 658 1029 non
678 991 726 1029 ita
741 999 814 1037 est,
837 1004 906 1028 non
927 990 973 1028 ita
993 1003 1093 1035 sane,
1115 1003 1228 1040 neque
1251 1003 1312 1027 nos

358 1053 486 1104 inagis,
503 1066 610 1104 quam
630 1051 777 1105 seipsos,
794 1051 1031 1090 criminantur
1045 1051 1107 1103 qui
1124 1050 1201 1088 baec
1211 1050 1314 1102 jacti·

355 1125 441 1154 taut.
455 1116 547 1154 Nam
567 1115 623 1153 vel
639 1115 809 1166 cogitasse
827 1123 964 1152 tantum
976 1141 986 1159 ,
1000 1112 1098 1164 quod
1118 1113 1232 1165 possit
1245 1113 1312 1151 hu-

356 1191 458 1214 mana
480 1185 605 1214 natura
626 1184 759 1214 tantam
776 1174 959 1227 despicere
976 1173 1207 1225 dignitatem,
1227 1173 1312 1212 satis

355 1237 490 1275 indicat
514 1236 602 1287 quid
622 1235 802 1288 opinionis
830 1235 922 1273 circa
945 1235 1046 1273 illam
1071 1234 1225 1272 babeant
1247 1234 1311 1285 qui

353 1298 390 1336 id
402 1297 625 1350 protulerunt
638 1310 647 1334 :
662 1296 728 1334 nisi
738 1295 831 1334 enim
846 1303 1011 1348 putarent
1021 1308 1095 1333 esse
1107 1309 1180 1333 rem
1194 1295 1309 1332 levem

350 1373 390 1396 ac
410 1358 512 1411 parvi
532 1357 654 1410 pretii,
677 1370 874 1408 numquam
892 1355 979 1408 ipsis
998 1355 1081 1393 talis
1096 1355 1252 1408 suspicio
1272 1355 1307 1393 in

350 1430 502 1457 mentem
517 1419 680 1457 venisset.
697 1418 771 1456 Cur
785 1417 879 1455 enim
895 1417 942 1455 de
956 1416 1115 1469 angelica
1133 1416 1310 1468 dignitate

349 1480 470 1518 nullus
489 1494 658 1531 umquam
679 1477 770 1530 quid
786 1477 904 1516 simile
919 1475 1093 1530 suspicari
1112 1477 1168 1515 vel
1189 1476 1307 1515 dicere

349 1555 458 1579 ausus
477 1549 549 1585 cst.
571 1553 696 1592 nempe
723 1539 922 1577 humanum
945 1552 1019 1576 esse
1038 1538 1223 1586 animum,
1243 1538 1307 1589 qui

351 1615 424 1653 prae
443 1601 611 1653 superbia
629 1600 720 1638 nolit
735 1599 782 1638 ad
808 1598 908 1637 illius
927 1607 1065 1637 naturae
1092 1598 1315 1653 dignitatcss

349 1662 566 1715 pervenire?
587 1663 719 1713 Magna
741 1661 874 1713 quippe
897 1659 1117 1713 concipimus
1134 1660 1179 1698 de
1198 1661 1306 1698 Pote-

349 1724 502 1762 statibus
512 1723 601 1772 illis,
613 1722 722 1774 idque
735 1721 884 1775 impedit
899 1723 1093 1773 quominus
1106 1720 1306 1769 credamus,

349 1799 450 1837 posse
461 1785 641 1823 hominem
656 1783 844 1836 quidpiam
863 1784 978 1836 majus
992 1783 1124 1821 honore
1137 1783 1200 1821 illo
1212 1798 1307 1835 sape-

350 1859 400 1883 re.
413 1846 496 1893 Quo
507 1845 547 1882 sit
559 1844 688 1895 utjure
699 1843 779 1894 quis
794 1843 874 1881 illos
887 1843 1007 1895 potius
1019 1842 1196 1895 superbia:
1209 1857 1308 1881 accu-

349 1914 416 1952 set,
430 1905 491 1956 qui
504 1905 570 1943 bac
584 1904 629 1942 de
642 1919 678 1942 re
691 1918 753 1942 nos
763 1903 1012 1942 criminantur.
1027 1905 1148 1955 Neque
1161 1904 1255 1942 enim
1268 1904 1306 1942 id

349 1967 395 2004 de
408 1966 492 2005 aliis
508 1965 676 2018 suspicati
696 1964 842 2003 fuissent
858 1994 868 2012 ,
886 1965 952 2002 nisi
975 1965 1075 2017 prius
1094 1979 1167 2003 rem
1191 1965 1304 2017 ipsam

349 2027 452 2078 quasi
473 2027 609 2065 nullius
630 2026 733 2079 pretii
751 2025 994 2063 aestimassent.
1016 2027 1127 2064 Porro
1148 2026 1174 2064 si
1198 2026 1232 2064 id
1251 2041 1305 2065 me

351 2087 475 2138 gloria:
495 2101 598 2125 causa
618 2086 742 2124 fecisse
759 2085 897 2131 dicant,
917 2099 1036 2123 secum
1057 2085 1246 2125 dissentire
1265 2101 1307 2125 ac

351 2162 511 2200 pugnare
542 2148 660 2200 palam
685 2145 993 2199 deprehendentur
1025 2162 1033 2184 :
1061 2147 1177 2185 nescio
1208 2148 1304 2186 enim

349 2223 458 2259 quam
481 2208 586 2246 aliam
611 2207 807 2246 orationem
827 2207 1095 2258 qua-sivissent,
1118 2208 1146 2246 si
1170 2222 1233 2247 nos
1259 2209 1306 2247 ab

352 2270 467 2307 inanis
493 2270 614 2321 gloria}
641 2268 790 2306 crimine
816 2268 968 2306 liberare
988 2268 1194 2308 voluissent.
1214 2271 1304 2309 Nam

353 2331 381 2369 si
398 2329 604 2382 hujusmodi
620 2344 674 2367 me
691 2343 861 2380 umquam
877 2343 978 2367 amor
990 2329 1135 2376 invasit,
1147 2331 1307 2384 accipere

353 2392 485 2445 potius,
506 2406 610 2443 quam
628 2391 748 2441 sugere
762 2391 931 2443 oportuit.
951 2391 1098 2437 Quare?
1117 2392 1211 2438 Quia
1230 2407 1308 2430 ma-

353 2468 458 2503 gnam
470 2453 504 2491 id
518 2453 618 2490 nobis
630 2452 780 2503 gloriam
792 2452 980 2490 attulisset.
992 2452 1176 2504 Siquidem
1185 2454 1304 2494 virum

354 2515 428 2553 lia-c
443 2524 558 2558 aetatc,
568 2513 628 2565 qui
643 2527 756 2565 nuper
767 2528 784 2550 a
798 2513 1027 2551 saecularibus
1043 2514 1139 2552 curis
1151 2528 1188 2552 se
1201 2515 1307 2554 abdi-

353 2576 507 2624 caverit,
533 2589 645 2626 usque
669 2573 758 2612 adeo
784 2573 1039 2612 admirandum
1067 2573 1165 2627 apud
1185 2590 1307 2614 omnes

353 2636 540 2690 derepente
554 2635 668 2675 videri
685 2666 695 2682 ‚
711 2643 749 2673 ut
770 2634 813 2673 iis
829 2635 952 2681 etiam,
971 2635 1031 2686 qui
1050 2634 1084 2673 in
1099 2635 1306 2688 hujusmodi

354 2697 540 2736 laboribus
563 2706 673 2735 totam
693 2704 833 2734 oetatcm
852 2695 1102 2734 contrivissent
1119 2697 1304 2735 anteferre·

357 2767 424 2804 tur,
440 2768 472 2796 ct
485 2758 588 2810 plura
603 2757 659 2795 bis
681 2755 848 2796 omnibus
863 2756 1034 2807 suffragia
1053 2757 1252 2810 acciperet;
1272 2757 1308 2796 id

356 2828 448 2856 certe
460 2833 621 2871 magnam
633 2827 665 2857 et
676 2816 926 2856 admirabilem
937 2816 981 2855 de
992 2817 1094 2856 nobis
1103 2818 1308 2871 opinionem

358 2881 525 2918 omnibus
546 2879 749 2925 indidisset,
774 2892 908 2929 nosque
927 2878 1139 2931 conspicuos
1165 2889 1199 2918 et
1227 2880 1309 2919 illu-

359 2949 445 2978 stres
475 2940 708 2978 exhibuisset.
730 2939 834 2977 Nunc
859 2952 963 2986 vero,
983 2940 1107 2992 paucis
1130 2942 1307 2994 exceptis,

359 3003 514 3039 maxima
547 3015 627 3054 pars
654 3000 820 3039 Ecclesia:
840 3014 904 3039 nos
933 3015 975 3038 ne
1003 3001 1145 3041 nomine
1162 3002 1307 3053 quidem

359 3071 487 3099 norunt
506 3078 513 3098 :
536 3061 622 3099 adeo
643 3070 679 3098 ut
701 3075 743 3099 ne
760 3061 928 3099 omnibus
946 3061 1092 3113 quidem
1120 3072 1244 3101 notum
1263 3064 1310 3102 sit

358 3123 451 3172 quod
466 3122 708 3169 abnuerimus,
719 3122 777 3160 sed
791 3122 914 3174 paucis
927 3131 1080 3170 tantum,
1091 3138 1180 3176 quos
1194 3134 1307 3163 tamen

358 3196 479 3220 omncs
508 3196 574 3220 non
601 3191 688 3234 puto
716 3183 828 3234 probe
847 3197 948 3222 nosse
965 3184 1052 3235 quid
1076 3194 1214 3235 gestum
1234 3186 1277 3224 sit
1296 3203 1303 3224 ε

1331 1287 1355 1317 C

1332 2697 1356 2728 E

400 3313 416 3337 ὓ·
442 3310 543 3344 Snvil.
562 3319 594 3343 et
611 3311 737 3354 aliquot
754 3313 829 3344 Mu.
849 3321 891 3354 μὴ
907 3319 1158 3359 χχταῆιχόμηον,

399 3374 411 3385 r
437 3362 538 3395 Satvil.
555 3370 587 3394 et
612 3363 738 3404 aliquot
759 3364 834 3395 Man.
854 3371 903 3398 931
935 3373 1111 3409 ἁνιχομίνν.
1130 3369 1140 3409 l
1158 3369 1357 3412 scripsimus

354 3420 515 3457 ἀιιὶομέιν
531 3426 590 3457 pro
609 3420 643 3446 ἄν
658 3417 814 3457 &ogd-112]

859 236 1044 268 JOANMS
1077 232 1320 265 cntwsos'r.
1359 231 1568 264 anemae.
1604 232 1964 265 CONSTANTINOP-

1385 315 1514 369 σαρκὸς
1546 314 1587 354 τὸ
1630 316 1759 367 μέσον,
1790 316 1961 366 τολμήσει
1992 331 2046 359 τις
2082 317 2177 365 ἡμᾶς
2219 318 2409 370 ὖπιροψίας

1384 375 1600 428 γράφεσθαι3
1617 377 1687 417 Καὶ
1706 379 1782 421 πῶς
1809 377 1872 415 οὐκ
1895 377 2025 415 ἄτοπον
2049 375 2128 419 τοῦς
2152 376 2216 428 μὲν
2235 376 2280 416 τὰ
2300 377 2411 430 μικρὰ

1385 437 1617 483 διαπτύοντας
1648 441 1695 482 ὥς
1724 436 1991 491 παραπαίοντας
2025 438 2226 485 αἰτιᾶσθαι,
2255 436 2335 482 τοὺς
2373 438 2410 477 δὲ

1383 498 1442 537 ἐπὶ
1475 501 1544 537 τῶν
1572 498 1662 551 ἄγαν
1699 498 1941 550 ὑπερεχόντων
1978 500 2081 536 τοῦτο
2115 502 2299 543 ποιοῦντας
2341 500 2411 537 τῶν

1384 559 1447 609 μὲν
1479 561 1542 606 τῆς
1570 558 1819 611 παραπληξίας
1847 558 2079 610 ἐγκλημάτων
2097 557 2354 610 ἐξαιρεῖν,ταῑς
2374 561 2412 599 δὲ

1382 623 1445 667 τῆς
1465 620 1703 672 ὑπερηφανίας
1733 619 1946 658 ὓποὸἀλλειν
1979 618 2286 672 αἰτίαιςςσΩσπερ
2316 619 2358 658 ἂν
2382 619 2417 659 εί

1383 696 1435 723 τις
1462 682 1520 720 τὸν
1551 681 1678 733 ἀγέλης
1704 683 1793 732 βοῶν
1823 684 2130 732 καταφρονοῦντα,
2156 679 2214 718 καὶ
2247 678 2296 730 μὴ
2328 681 2412 731 βου·-

1382 741 1527 791 λόμενον
1550 734 1639 780 εἶναι
1663 741 1828 792 βουκόλον
1842 771 1852 789 ,
1871 742 1919 784 εἷς
1947 739 2188 792 ὑπερηφανίαν
2209 739 2273 791 μὲν
2303 741 2410 779 οὖδα-

1384 805 1480 853 μῶς,
1504 804 1551 845 εἷς
1581 803 1618 843 δὲ
1646 804 1779 855 φρενῶν
1803 802 1968 841 ἔκστασιν
2003 800 2223 853 αἰτιώμενος,
2236 801 2296 841 τὸν
2316 802 2413 841 ἇπά-

1383 879 1446 908 σης
1471 867 1533 910 τῆς
1564 863 1769 915 οἰκουμένης
1799 863 1863 909 τὴν
1897 862 2079 914 βασιλείαν
2107 862 2228 902 καὶτὸ
2251 861 2413 914 γενέσθαι

1384 923 1500 975 κύριον
1521 927 1589 962 τῶν
1618 925 1823 976 ἁπανταχοῦ
1852 923 2100 977 στρατοπέδων
2117 922 2191 975 1’μὴ
2225 923 2413 976 δεχόμενον

1384 985 1461 1023 ἀντὶ
1493 990 1554 1035 τοῦ
1581 985 1767 1036 μαίνεσθαι
1786 987 2007 1038 τετυφῶσθαι
2035 985 2133 1038 φαίη.
2150 985 2243 1024 Ἀλλ’
2261 987 2323 1024 οὐκ
2338 986 2412 1024 ἔστι

1383 1048 1519 1094 ταῦτα,
1545 1049 1606 1085 οὐκ
1644 1046 1758 1094 ἔστιν,
1793 1046 1869 1085 οὐδὲ
1909 1049 2004 1097 ἡμᾶς
2048 1048 2181 1096 μᾶλλον
2213 1046 2236 1093 ἢ
2270 1046 2413 1090 ἑαυτοὺς

1385 1110 1415 1145 οἱ
1436 1112 1546 1146 ταῦτα
1564 1109 1722 1159 λέγοντες
1741 1108 1982 1147 διαδοίλλουσι.
1998 1108 2052 1147 Τὸ
2072 1107 2141 1159 γὰρ
2168 1110 2329 1154 ἐννοῆσαι
2349 1109 2413 1159 μό·

1382 1184 1460 1213 νον,
1490 1169 1546 1207 ὅτι
1576 1169 1717 1207 δυνατὸν
1749 1168 1950 1220 ἀνθρωπεία
1969 1167 2069 1221 φύσει
2087 1172 2148 1216 τ’ἧς
2177 1168 2274 1213 ἀξίας
2304 1171 2410 1223 ὓπερ·

1382 1231 1554 1280 φρονῆσαι
1573 1229 1729 1276 ἐκείνης,
1750 1229 1878 1281 δεῖγμα
1907 1231 1985 1267 κατ’
2007 1231 2124 1267 αὐτῶν
2150 1231 2221 1267 τῶν
2248 1230 2412 1284 ἐκφερόν-

1381 1305 1450 1326 των
1472 1290 1564 1328 ἐστὶν
1590 1285 1632 1336 ἧς
1669 1289 1789 1341 ἔχουσι
1817 1289 1898 1342 περὶ
1927 1293 1987 1328 τοῦ
2009 1291 2218 1342 πράγματος
2236 1290 2351 1338 δόξης.
2369 1293 2418 1331 Εἰ

1378 1351 1447 1403 γὰρ
1481 1350 1530 1401 μὴ
1562 1354 1632 1389 τῶν
1663 1351 1842 1403 τυχόντων
1877 1351 1986 1399 αὐτὸ,
2015 1351 2076 1389 καὶ
2111 1344 2160 1389 ὧν
2188 1352 2228 1390 οὗ
2258 1351 2365 1396 πολὺς
2394 1356 2414 1392 ὁ

1378 1410 1501 1463 λόγος,
1539 1411 1695 1461 ἐνόμιζον
1733 1405 1838 1458 εἶναι,
1872 1413 1942 1450 οὐδ’
1974 1411 2016 1450 ἂν
2060 1414 2277 1451 ὑποπτεῦσαι
2309 1415 2414 1452 τοῦτο

1379 1473 1529 1519 ἐπῆλθεν
1567 1475 1694 1517 αὐτοῖς.
1715 1472 1785 1512 Διὰ
1807 1474 1843 1511 τί
1859 1475 1928 1527 γὰρ
1949 1473 2030 1526 περὶ
2055 1476 2119 1521 τ’ἥς
2153 1476 2223 1512 τῶν
2253 1474 2413 1526 ἀγγέλων

1380 1533 1478 1579 ἀξίας
1508 1535 1617 1578 οὐδεὶς
1637 1534 1812 1586 ἐτόλμησέ
1831 1551 1865 1574 τι
1885 1537 2042 1575 τοιοῦτον
2062 1535 2279 1575 ὑποπτεῦσαί
2306 1551 2412 1586 ποτε,

1379 1596 1440 1633 καὶ
1465 1597 1574 1634 εἰπεῖν
1607 1596 1662 1635 ὅτι
1682 1597 1776 1634 ἐστὶν
1810 1597 2011 1649 ἀνθρωπίνη
2044 1595 2140 1649 ψυχὴ
2168 1597 2213 1635 δι’
2244 1597 2411 1637 ἀπόνοιαν

1379 1659 1467 1696 ςοῦκ
1486 1659 1679 1707 ἀνελομένη
1707 1658 1766 1696 ἐπὶ
1785 1658 1825 1695 τὸ
1844 1660 1907 1704 τῆς
1935 1657 2071 1710 φύσεως
2102 1657 2236 1706 ἐκείνης
2270 1657 2410 1710 ἀξίωμα

1378 1719 1516 1766 ἐλθεῖν;
1540 1719 1689 1770 Μεγάλαι
1719 1719 1788 1770 γάρ
1827 1735 1905 1757 τινα
1946 1719 2191 1771 φανταζόμεθα
2224 1719 2306 1771 περὶ
2339 1722 2408 1759 τῶν

1378 1779 1559 1830 δυνάμεων
1579 1780 1742 1827 ἐκείνων,
1761 1780 1821 1819 καὶ
1844 1784 1944 1819 τοῦτο
1966 1784 2061 1830 ἡμᾶς
2089 1782 2150 1819 οὐκ
2176 1781 2300 1833 ἀφίησι
2319 1780 2409 1820 ‘'m-

1378 1845 1523 1879 στεῦσαι
1551 1841 1604 1879 ὅτι
1638 1841 1780 1881 δύναται
1809 1842 1989 1894 ἄνθρωπος
2015 1845 2077 1889 τῆς
2105 1844 2212 1893 τιμῆς
2235 1843 2407 1896 φρονῆσαί

1376 1917 1409 1939 τι
1443 1905 1558 1952 μεῖζον
1589 1903 1733 1950 ἐκείνης.
1751 1902 1859 1941 εὨστε
1890 1901 2013 1946 αὐτοὺς
2033 1904 2166 1954 μᾶλλον
2196 1903 2339 1948 δικαίως
2365 1905 2406 1942 ἀν

1377 1979 1430 2007 τις
1460 1963 1635 2015 γράψαιτο
1672 1964 1836 2007 ἀπονοίας
1867 1963 1945 2008 τοῦς
1979 1967 2082 2015 ἡμῶν
2114 1967 2217 2003 τοῦτο
2247 1980 2405 2016 κατηγο-

1380 2028 1534 2076 ροῦντας.
1554 2026 1608 2063 Οὐ
1630 2024 1699 2076 γὰρ
1718 2026 1758 2063 ἄν
1784 2040 1870 2063 ποτε
1896 2025 1976 2077 περὶ
1997 2025 2124 2076 ἑτέρων
2152 2028 2255 2063 τοῦτο
2273 2025 2406 2064 ὓπέλα·

1377 2085 1453 2134 ὂον,
1475 2088 1504 2124 εἰ
1536 2085 1585 2136 μὴ
1615 2085 1783 2138 πρότερον
1812 2086 1911 2124 αὐτοὶ
1938 2089 1997 2124 τοῦ
2022 2086 2229 2137 πράγματος
2246 2116 2255 2134 ,
2278 2089 2325 2131 ὡς
2345 2087 2405 2126 οὗ-

1378 2147 1470 2190 δενὸς
1498 2146 1612 2193 ὄντος,
1632 2146 1873 2199 κατέγνωσαν.
1893 2148 1937 2186 Ei
1964 2146 1999 2184 δὲ
2021 2146 2107 2199 πρὸς
2136 2146 2235 2192 δόξαν
2269 2149 2405 2199 ὁρῶντά

1379 2224 1424 2258 με
1452 2212 1553 2247 τοῦτο
1571 2208 1801 2255 πεποιηκέναι
1816 2207 1956 2261 ’φατι-ἰν,
1975 2207 2243 2260 περιπίπτοντες
2270 2210 2406 2253 ἑαυτοῖς

1376 2269 1651 2321 ἐλεγχθήσονται
1682 2270 1742 2308 καὶ
1787 2269 1981 2321 μαχόμενοι
2016 2272 2197 2322 φανερῶς·
2222 2268 2298 2308 οὐδὲ
2336 2269 2406 2322 γὰρ

1376 2324 1455 2369 οἶδα
1474 2330 1594 2374 ποίους
1621 2330 1660 2368 ἂν
1687 2330 1823 2384 ἑτέρους
1840 2331 1910 2383 πρὸ
1926 2330 2055 2369 τούτων
2075 2330 2248 2377 ἐζήτησαν
2264 2329 2405 2381 λόγους,

1379 2393 1407 2430 εἰ
1426 2395 1494 2430 τῶν
1518 2395 1580 2438 τῆς
1599 2392 1791 2437 κενοδοξίας
1805 2396 1899 2442 ἡμᾶς
1923 2391 2099 2439 ἠθέλησαν
2120 2391 2322 2436 ἀπαλλάξαι
2341 2392 2405 2443 ἔγ·-

1378 2454 1582 2504 κλημάτων.
1634 2455 1678 2492 lit
1717 2454 1785 2507 γὰρ
1821 2449 1919 2497 οὗτός
1953 2449 2022 2504 ῐμέ
2066 2468 2150 2492 ποτε
2197 2455 2355 2500 εἰσῆλθεν
2387 2457 2406 2492 ὁ

1378 2514 1483 2564 ἔρως,
1500 2514 1757 2559 καταδέξασθαι
1773 2515 1907 2564 μᾶλλον
1927 2516 2051 2567 ἐχρῆν,
2066 2513 2088 2560 ἢ
2108 2520 2241 2566 φυγεῖν.
2259 2513 2328 2553 Διὰ
2345 2514 2381 2552 τί
2394 2529 2403 2558 ;

1376 2576 1463 2615 Ὅτι
1485 2575 1619 2622 πολλὴν
1649 2579 1735 2625 ἡμῖν
1762 2580 1864 2614 τοῦτο
1883 2574 1946 2621 τὴν
1972 2575 2071 2619 δόξαν
2101 2575 2245 2625 ἤνεγκεν
2274 2575 2330 2614 ἄν.
2351 2576 2405 2614 Τὸ

1378 2636 1446 2689 γὰρ
1473 2638 1508 2674 ἐν
1527 2635 1640 2687 τούτῳ
1669 2639 1732 2683 τῆς
1762 2635 1901 2681 ἡλικίας
1927 2636 2034 2682 ὄντα,
2064 2636 2124 2674 καὶ
2157 2636 2226 2688 πρὸ
2256 2637 2404 2689 βραχέος

1380 2696 1582 2736 ἀποστάντα
1606 2698 1674 2734 τῶν
1704 2697 1878 2747 βιωτικῶν
1910 2696 2122 2748 φροντίδων,
2153 2695 2315 2749 ἐξαίφνης
2346 2698 2404 2736 οὖ-

1379 2774 1430 2796 τω
1461 2757 1556 2802 δόξαι
1584 2756 1681 2810 παρὰ
1713 2763 1820 2795 πᾶσιν
1853 2750 1941 2794 εἶναι
1969 2756 2192 2807 θαυμαστὸν,
2211 2757 2302 2797 ὥστε
2333 2761 2403 2797 τῶν

1380 2819 1438 2857 τὸν
1467 2818 1606 2857 ἅπαντα
1630 2818 1754 2870 χρόνον
1774 2819 1808 2856 ἐν
1828 2823 1899 2861 τοῖς
1926 2817 2091 2862 τοιούτοις
2119 2817 2402 2862 ἐξαναλωθέντων

1379 2880 1497 2924 πόνοις
1523 2881 1797 2931 προτιμηθῆναι,
1819 2878 1877 2917 καὶ
1906 2879 2068 2922 πλείονας
2099 2879 2234 2932 ψήφους
2262 2881 2403 2919 πάντων

1379 2942 1520 2982 ἐκείνων
1557 2940 1696 2987 λαὸεῖν,
1727 2940 1914 2991 θαυμαστοί
1951 2956 2027 2978 τινα
2059 2940 2119 2978 καὶ
2157 2942 2295 2992 μεγάλα
2324 2942 2406 2992 περὶ

1379 3005 1481 3054 ἡμῶν
1508 3003 1642 3045 πάντας
1670 3002 1711 3039 ἂν
1739 3001 1945 3040 ὑποπτεύειν
1967 3002 2177 3050 ἔπεισε,καὶ
2196 3001 2343 3052 σεμνοὺς
2361 3002 2402 3040 ἂν

1379 3067 1473 3114 ἡμᾶς
1508 3064 1566 3103 καὶ
1600 3062 1853 3116 περιελέπτους
1882 3062 2090 3109 κατέστησε.
2124 3063 2196 3101 Νῦν
2221 3062 2281 3109 δὲ,
2310 3062 2403 3108 πλὴν

1379 3126 1530 3177 ὀλίγων,
1556 3126 1596 3164 τὸ
1640 3125 1745 3164 πλέον
1777 3127 1839 3171 τ’ἦς
1866 3122 2083 3168 Ὶίκκλησιάς
2127 3124 2231 3175 μέρος
2265 3124 2337 3162 οὐδ’
2367 3124 2402 3166 d}

1380 3188 1548 3237 ὀνόματος
1574 3189 1668 3237 ἡμᾶς
1701 3186 1835 3224 ἴσασιν·
1862 3184 1953 3222 ὥστε
1978 3185 2054 3223 οὐδὲ
2081 3185 2133 3223 ὅτι
2162 3185 2401 3237 παρῃτήμιθα

1437 3318 1454 3343 ‘¹
1479 3318 1615 3362 Aliquot
1631 3317 1707 3350 Mas.
1727 3319 1921 3352 ὑποπτιῦααι.
1939 3315 1999 3348 Atii
2016 3324 2048 3349 et
2063 3315 2153 3348 Ediu
2167 3322 2332 3352 mmmm.

1436 3379 1447 3390 ·
1469 3370 1570 3403 smil.
1585 3378 1618 3403 et
1635 3370 1737 3413 aliqui
1749 3379 1880 3412 φήσουσι.

1437 3426 1447 3449 1'
1477 3423 1607 3465 Aliquot
1627 3422 1845 3465 Manu-scripti
1861 3427 1913 3464 μοι’
1930 3436 2013 3455 ποτε.
