2513 3871
166 540 213 567 Ob
230 540 334 568 infide-

144 580 186 608 les
214 582 332 608 admn-

144 629 187 649 Ιεε
200 634 261 648 orat
271 629 291 649 nt

141 663 286 694 Christian.

139 1265 232 1294 Joan.
255 1273 302 1295 11.

155 2918 199 2944 ΙΛ,
218 2930 242 2944 v.
267 2918 314 2946 25.

154 2973 198 3003 Μ’.
219 2986 244 3001 v.

351 258 448 314 646

351 356 439 396 dat?
458 356 535 396 Sed
550 363 706 407 propter
720 352 908 405 populum
926 353 1028 390 hunc
1047 354 1310 390 circumstan-

350 427 426 457 tem
445 419 549 462 dixi,
571 415 712 467 inquit,
732 423 773 453 ut
798 420 1030 467 cognoscant
1058 424 1190 450 omnes
1213 415 1309 463 quia

350 488 391 517 tu
419 493 480 517 me
508 479 658 516 misisu’.
691 477 771 515 Non
791 489 877 527 ergo
903 474 1046 526 signum
1072 482 1125 511 est
1154 471 1192 511 id
1213 471 1310 523 quod

349 540 499 591 geritur,
513 538 573 577 sed
593 538 784 577 instructio
800 551 924 575 eorum
937 535 1000 587 qui
1014 534 1156 573 adsunt.
1171 533 1307 578 Vides,

348 615 420 651 quo
439 608 542 653 pacto
563 612 635 637 non
656 607 802 651 propter
821 605 1003 635 mortuum
1026 595 1148 633 fierent
1168 607 1309 647 preces,

348 661 409 700 sed
419 670 567 714 propter
577 659 740 698 infideles
749 658 811 711 qui
821 658 980 696 aderant.
997 658 1047 695 Ut
1062 663 1310 705 cognoscant,

348 722 485 773 inquit,
506 722 599 773 quia
625 728 665 758 tu
688 734 747 757 me
772 720 923 758 misistt'.
948 718 994 756 Et
1014 730 1086 767 quo
1113 724 1218 768 pacto
1237 715 1314 753 fieri

347 779 498 831 poterit,
515 778 610 816 dicet
630 777 761 828 aliquis
774 806 783 821 ,
804 786 843 815 ut
862 788 1117 826 cognoscamus
1137 783 1170 813 tc
1185 774 1232 812 ab
1252 773 1314 812 illo

347 840 495 878 missum
519 838 621 877 esse?
643 837 798 877 Attende
822 851 943 889 quasso
967 835 1174 887 diligenter.
1198 834 1311 881 Ecce,

346 901 475 952 inquit,
493 899 639 953 propria
660 913 734 937 mea
754 899 967 938 auctoritate
983 905 1165 934 mortuum
1181 910 1310 934 evoco:

344 975 425 1000 ecce
461 962 607 1015 propria
646 968 816 1013 potestate
851 958 956 997 morti
995 958 1152 1010 impero:
1169 957 1309 995 Patrem
1332 966 1356 994 (Ζ

345 1036 434 1062 voco
466 1026 607 1062 Patrem
625 1032 678 1060 :et
702 1023 875 1060 Lazarum
900 1033 1009 1058 evoco
1027 1033 1047 1056 e
1066 1018 1242 1070 sepulcro,
1268 1019 1307 1056 Si

346 1082 505 1134 primum
526 1080 619 1119 illud
639 1094 764 1119 verum
784 1093 853 1119 non
873 1087 936 1124 est,
955 1091 998 1115 ne
1016 1077 1083 1114 hoc
1102 1076 1163 1114 fiat
1179 1090 1308 1114 secun-

344 1141 529 1180 dumtsin
557 1150 677 1179 autem
707 1153 789 1178 vere
822 1139 925 1176 Pater
944 1147 995 1175 est
1021 1146 1136 1189 pater,
1163 1135 1307 1174 obediat

346 1212 511 1241 mortuus
535 1202 582 1240 ad
613 1214 736 1239 eorum
761 1199 825 1250 qui
854 1198 986 1236 adsunt
1019 1196 1302 1236 instructionem.

346 1262 447 1310 Quid
462 1262 557 1300 enim
577 1261 744 1300 Christus
761 1257 931 1297 dicebat?
950 1259 1122 1304 Lazare,
1139 1258 1234 1293 veni
1245 1257 1306 1305 so-

345 1338 423 1364 ras.
446 1323 602 1373 Quando
620 1323 729 1361 fiebat
747 1321 880 1370 oratio,
902 1333 972 1357 non
992 1317 1187 1357 resurrexit
1205 1330 1306 1356 mor-

345 1396 428 1425 tuus
439 1402 447 1422 :
460 1386 521 1424 sed
535 1384 678 1437 quando
689 1382 798 1429 dixit,
812 1383 975 1430 Lazare,
986 1380 1211 1430 νεηίῘοι-ας,
1223 1386 1307 1417 tunc

349 1457 513 1487 mortuus
531 1446 738 1485 resurrexit.
758 1444 790 1482 Ο
810 1456 974 1494 magnam
996 1441 1121 1479 mortis
1139 1439 1308 1493 tyranni-

342 1508 449 1549 dem!
467 1524 488 1547 o
502 1521 668 1560 magnam
684 1504 914 1559 tyrannidem
934 1502 1080 1541 virtutis
1099 1501 1214 1546 illius,
1229 1515 1307 1552 quae

344 1571 501 1610 animam
528 1569 626 1608 illam
659 1565 867 1606 detinebat!
907 1578 928 1602 o
962 1563 1114 1610 inferne,
1137 1562 1229 1600 sacta
1256 1570 1308 1600 est

344 1632 479 1681 oratio,
498 1639 534 1670 et
553 1638 734 1668 mortuum
756 1640 826 1665 non
851 1623 1036 1663 dimittis?
1055 1624 1310 1674 Nequaquam,

345 1694 475 1745 inquit.
492 1694 573 1741 Qua
592 1690 637 1729 de
654 1688 787 1728 causa?
805 1687 900 1737 Quia
923 1700 992 1725 non
1008 1686 1131 1738 jussus
1149 1697 1230 1722 sum
1246 1682 1309 1721 di-

345 1756 498 1795 mittere.
534 1754 663 1792 Custos
697 1763 775 1789 sum
813 1747 964 1787 carceris
976 1777 986 1795 ,
1022 1746 1084 1797 qui
1118 1758 1219 1784 reum
1252 1744 1310 1782 hic

344 1815 508 1854 detineo:
526 1814 592 1852 nisi
610 1813 731 1865 jussus
750 1810 900 1856 fuerim,
920 1807 1037 1858 inquit
1052 1836 1062 1854 ,
1091 1819 1159 1844 non
1187 1805 1310 1843 dimit-

347 1875 629 1927 tamzsiquidem
646 1872 760 1912 oratio
780 1884 849 1910 non
869 1877 1014 1921 propter
1042 1881 1116 1912 mc,
1139 1866 1201 1905 sed
1226 1880 1310 1919 pro-

347 1947 445 1992 ptere
458 1952 497 1976 os
512 1937 573 1988 qui
587 1935 736 1974 aderant
752 1931 928 1978 infideles,
942 1938 993 1968 est
1008 1929 1113 1967 sacta.
1124 1929 1216 1967 Nam
1231 1941 1309 1979 ego,

348 1999 417 2037 nisi
432 1998 520 2036 mihi
537 1995 644 2035 suerit
660 1995 873 2047 imperatum
889 2021 898 2037 ,
915 2005 1015 2029 rcum
1033 2004 1100 2027 non
1115 1989 1308 2027 dimittam.

353 2061 490 2099 Vocem
505 2066 689 2109 exspecto,
705 2064 742 2092 ut
757 2053 915 2091 animam
929 2050 1122 2089 dimittam.
1140 2052 1310 2099 Lazare,

352 2123 446 2160 veni
456 2122 579 2172 [oras.
591 2116 739 2156 Audivit
749 2122 964 2168 praeceptum
974 2110 1203 2151 Dominicum
1217 2126 1308 2150 mor-

350 2191 447 2228 tuus,
471 2190 506 2220 et
524 2179 708 2218 confestim
730 2177 824 2228 leges
840 2174 966 2213 mortis
982 2173 1148 2212 violavit.
1171 2173 1312 2212 Erube-

350 2253 447 2282 seant
462 2241 628 2287 hrt-retici,
642 2249 676 2278 et
691 2246 835 2292 pereant
848 2251 868 2275 a
879 2236 968 2274 facie
981 2245 1095 2274 terrm.
1105 2234 1199 2273 Satis
1212 2235 1307 2274 enim

349 2319 394 2344 ex
412 2307 488 2358 ipso
503 2303 700 2355 Scripturae
715 2308 815 2338 textu
832 2306 967 2337 constat
982 2310 1050 2335 non
1063 2295 1112 2334 ad
1126 2305 1308 2335 mortuum

349 2364 592 2404 suscitandum
619 2362 814 2401 orationem
833 2373 908 2398 esse
934 2358 1083 2403 saetam,
1107 2356 1170 2395 sed
1192 2366 1229 2395 ut
1249 2372 1308 2396 eo·

349 2441 428 2465 rum
439 2457 448 2474 ,
463 2427 525 2478 qui
538 2424 697 2471 aderant,
712 2421 915 2461 infidelium
931 2419 1132 2458 infirmitati
1147 2419 1308 2458 consule-

350 2498 456 2526 retur.
475 2489 638 2533 Lazare,
651 2489 742 2524 veni
753 2485 874 2534 foras.
890 2484 1012 2530 Quare
1026 2495 1111 2518 vero
1124 2490 1306 2520 mortuum

349 2549 556 2589 nominatim
571 2547 740 2587 vocavit?
753 2544 895 2592 Quaeris
911 2553 950 2582 tu
967 2542 1102 2594 quare?
1118 2544 1184 2588 Ne,
1198 2542 1226 2580 si
1242 2543 1309 2580 ab·

350 2612 502 2651 solutam
515 2624 639 2649 vocem
653 2607 699 2647 ad
712 2615 871 2646 mortuos
882 2604 1093 2650 direxisset,
1110 2617 1232 2642 omnes
1245 2604 1307 2655 qui

350 2674 383 2711 in
395 2672 566 2723 sepulcris
577 2678 675 2709 erant
685 2667 855 2707 excitaret
867 2682 874 2702 :
887 2665 1019 2704 idcirco
1030 2665 1130 2710 dicit,
1142 2666 1307 2712 Lazare,

351 2736 442 2771 veni
448 2734 581 2786 foras.
600 2731 656 2772 Te
671 2743 783 2767 unum
797 2741 915 2765 coram
933 2726 1001 2764 lioc
1017 2726 1150 2778 popuio
1167 2726 1308 2764 interim

353 2808 478 2833 revoco
493 2824 503 2840 ‚
524 2802 562 2832 ut
582 2792 651 2831 bac
669 2791 704 2830 in
726 2798 826 2843 parte
844 2788 1021 2841 specimen
1042 2787 1187 2825 virtutis
1204 2788 1308 2826 sutu-

352 2870 472 2895 rorum
489 2854 693 2894 exhibeam.
712 2853 791 2903 Ego
806 2852 902 2890 enim
921 2849 983 2900 qui
1004 2863 1115 2887 unum
1131 2848 1306 2896 excitavi,

352 2925 464 2955 totum
476 2916 596 2955 orbem
608 2923 781 2953 terrarum
792 2910 971 2951 excitabo.-
986 2912 1021 2949 E
1023 2924 1071 2958 go
1083 2910 1215 2963 quippe
1225 2923 1310 2949 sum

309 2998 314 3002 ·
353 2980 581 3017 resurrectio
607 2984 644 3014 et
672 2977 772 3013 vila.
799 2974 975 3019 Lazaro,
996 2973 1090 3010 veni
1110 2973 1236 3020 foras.
1263 2970 1310 3010 Et

355 3038 486 3090 prodiit
505 3046 666 3076 mortuus
685 3026 817 3088 ligatus
838 3032 944 3087 pedes
963 3041 996 3071 et
1015 3046 1142 3071 manus
1161 3032 1308 3071 institis.

355 3101 388 3136 Ο
404 3113 476 3138 rem
491 3098 667 3137 insolitam
682 3105 714 3134 et
729 3093 952 3135 mirabilem!
968 3093 1028 3144 qui
1044 3107 1063 3131 a
1080 3094 1204 3132 mortis
1217 3094 1309 3132 vin-
1320 3098 1368 3122 ⁶²⁹

356 3160 446 3197 cutis
465 3161 619 3197 animam
637 3156 756 3202 solvit,
776 3155 837 3206 qui
855 3156 947 3193 sores
966 3153 1094 3192 inferni
1115 3153 1306 3206 perfregit,

355 3218 414 3267 qui
446 3227 562 3269 portas
591 3231 698 3255 :ereas
725 3224 758 3254 et
778 3223 893 3253 vectes
915 3214 1047 3252 ferreos
1064 3213 1253 3258 contrivit,
1276 3221 1311 3250 et

355 3278 508 3316 animam
537 3293 555 3315 a
577 3279 700 3315 mortis
721 3275 873 3314 vinculis
894 3274 1083 3318 liberavit,
1103 3287 1171 3313 non
1196 3274 1311 3325 potuit

354 3337 460 3374 etiam
480 3337 617 3374 institas
637 3335 785 3372 mortuis
802 3334 950 3373 otvcre?
971 3335 1064 3373 Sane
1082 3333 1197 3387 potuit
1220 3349 1228 3369 τ
1249 3333 1310 3372 soti

355 3393 492 3434 Judaens
510 3394 658 3444 imperat
678 3393 814 3429 solvant
834 3392 985 3438 institas,
1003 3407 1091 3443 quas
1106 3393 1171 3444 ipsi
1189 3394 1309 3445 prius,

352 3453 440 3493 dum
469 3453 570 3492 inum
595 3451 754 3502 sepulcro
781 3451 983 3501 conderent,
1010 3453 1245 3499 strinxerant,
1271 3462 1308 3491 ut

783 270 822 300 S.
858 267 1045 299 JOANNts
1079 266 1322 298 etinvsosT.
1362 267 1568 299 Ancuttzt’.
1606 268 1964 301 CONSTANTINOP-

1377 350 1523 398 πάντες,
1543 350 1598 390 ὅτι
1628 352 1670 392 σύ
1697 368 1742 403 με
1768 352 1991 396 ἀπέστειλας.
2010 353 2148 392 Οὗκοῦν
2173 353 2237 391 οὗκ
2261 354 2337 391 ἔστι
2361 353 2402 393 τὸ

1377 418 1559 470 γινόμενον
1579 424 1746 470 σημεῖον,
1775 419 1866 457 ἀλλὰ
1887 418 2085 471 κατήχησις
2107 421 2177 458 τῶν
2203 418 2400 471 παρόντων.

1379 479 1480 531 Este<
1495 487 1571 530 πῶς
1591 487 1655 526 οὐκ
1675 486 1810 539 ἐγένετο
1829 489 1851 533 ἡ
1877 485 2059 538 προσευχὴ
2086 485 2145 526 διὰ
2173 485 2232 526 τὸν
2260 486 2402 539 νεκρὸν,

1379 553 1470 592 ἀλλὰ
1487 553 1544 593 διὰ
1556 553 1635 598 τοὺς
1649 554 1825 607 παρόντας
1844 552 2011 598 ἀπίστους
2022 583 2032 601 ,
2049 552 2107 592 ἵνα
2125 556 2234 605 γνῶσι
2247 583 2257 602 ,
2279 552 2402 605 φησὶν,

1378 619 1432 658 ὅτι
1448 620 1490 658 σύ
1509 635 1552 671 με
1566 621 1785 664 ἀπέστειλας.
1803 620 1874 659 Καὶ
1889 621 1963 663 πῶς
1980 620 2107 673 ἔχομεν
2120 623 2268 673 γνῶναι,
2284 619 2404 673 φησὶν,

1379 688 1432 726 ὅτι
1454 688 1555 732 αὐτός
1570 704 1608 728 σε
1628 689 1836 736 ἀπέστειλε;
1856 687 2018 741 Πρόσεχε
2032 719 2043 737 ,
2074 689 2294 740 παρακαλῶ,
2313 687 2402 740 μετὰ

1381 755 1495 803 πάσης
1517 756 1708 809 ἀκριὸείας.
1727 755 1816 795 Ἰδοὺ
1829 786 1838 802 ,
1858 755 1963 808 φησὶ,
1989 753 2079 805 μετὰ
2096 757 2157 801 τῆς
2178 756 2265 806 ἐμῆς
2279 756 2403 794 αὐθεν-

1380 822 1455 868 τίας
1483 826 1581 863 καλῶ
1614 824 1671 863 τὸν
1703 824 1841 875 νεκρόν·
1864 822 1937 861 ἰδοὺ
1964 825 2008 875 τῇ
2042 822 2154 877 οἰκεία
2173 821 2310 877 ἐξουσία
2327 824 2404 861 ἐπι·

1380 891 1497 930 τάττω
1529 895 1580 944 τῷ
1618 892 1757 944 Θανάτῳ
1771 907 1779 915 ·
1810 892 1909 930 καλῶ
1949 890 2008 929 τὸν
2054 889 2200 942 Πατέρα
2243 888 2401 942 πατέρα·

1379 960 1477 997 καλῶ
1499 959 1558 998 καὶ
1579 959 1637 998 τὸν
1655 959 1814 1011 Λάζαρον
1835 961 1874 998 ἐκ
1893 962 1952 997 τοῦ
1973 957 2096 1010 τάφου.
2119 959 2163 997 Εἰ
2190 959 2252 997 οὐκ
2269 956 2345 997 (στι
2361 956 2404 996 τὸ

1377 1027 1516 1077 πρῶτον
1537 1026 1681 1073 ἀληθὲς,
1699 1025 1788 1076 μηδὲ
1809 1029 1911 1064 τοῦτο
1929 1025 2101 1077 γενέσθω·
2122 1026 2152 1063 εἰ
2173 1023 2209 1063 δὲ
2231 1025 2370 1072 ἀληθῶς
2384 1027 2403 1062 ὁ

1378 1093 1507 1144 Πατὴρ
1534 1093 1672 1147 πατὴρ,
1694 1092 1897 1132 ὑπακουέτω
1934 1092 1993 1131 καὶ
2012 1095 2031 1131 ὁ
2047 1092 2167 1144 νεκρὸς
2195 1091 2283 1143 πρὸς
2301 1091 2400 1128 διδα-

1375 1159 1526 1197 σκαλίαν
1547 1163 1616 1197 τῶν
1648 1160 1847 1212 παρόντων.
1879 1160 1927 1199 Τι’
1955 1159 2060 1212 γὰρὸ
2090 1159 2242 1212 Χριστὸς
2274 1157 2396 1210 ἷλεγε;

1374 1226 1536 1277 Λάζαρε,
1564 1226 1666 1279 δεύρο
1694 1227 1768 1271 ἔξω.
1789 1227 1880 1265 ‘'O-re
1907 1227 2047 1278 γέγονεν
2067 1230 2089 1272 ἡ
2107 1225 2312 1278 προσευχὴ,
2332 1227 2396 1264 οὐκ

1375 1292 1505 1338 ἀνέστη
1522 1295 1540 1332 ὁ
1559 1294 1695 1345 νεκρός·
1715 1294 1793 1333 ἀλλ’
1810 1293 1866 1332 ὅτε
1899 1289 1996 1341 εἶπε,
2017 1293 2176 1344 Λάζαρε,
2192 1295 2294 1344 δεῦρο
2313 1292 2378 1338 ἔξω
2390 1323 2401 1340 ,

1375 1359 1455 1399 τότε
1475 1360 1604 1409 ἀνέστη
1624 1363 1643 1400 ὃ
1667 1361 1800 1414 νεκρός.
1827 1359 1880 1400 Ὦ
1911 1360 2073 1414 τυραννὶς
2103 1364 2164 1399 τοῦ
2188 1360 2356 1399 θανάτου·
2373 1358 2404 1398 ὢ

1378 1426 1538 1478 τυραννὶς
1584 1430 1647 1475 τῆς
1689 1428 1868 1480 δυνάμεως
1908 1427 2044 1474 ἐκείνης
2079 1429 2143 1473 τῆς
2185 1426 2404 1480 κατεχούσης

1378 1493 1443 1540 τὴν
1476 1495 1611 1548 ψυχήν·
1645 1495 1674 1533 ὧ
1711 1495 1801 1548 ᾄδη,
1837 1494 2017 1548 προσευχὴ
2064 1494 2208 1546 γέγονε,
2241 1493 2303 1532 καὶ
2340 1494 2404 1532 οὐκ

1380 1562 1543 1607 ἀπολύεις
1561 1563 1619 1602 τὸν
1652 1563 1795 1615 νεκρόν;
1825 1563 1938 1615 Οὐχὶ,
1969 1562 2069 1614 φησί.
2090 1561 2160 1601 Διὰ
2183 1561 2241 1608 τίς
2261 1561 2348 1601 Ὅτι
2365 1564 2405 1602 οὗ

1379 1629 1636 1680 προσετάχθην.
1653 1628 1804 1679 Δέσμιός
1821 1630 1893 1680 εἶμι
1916 1628 2037 1668 αὐτόθι
2051 1628 2211 1682 κατέχων
2223 1629 2283 1668 τὸν
2302 1627 2408 1669 ὑπεύ-

1379 1699 1494 1734 θυνον·
1516 1695 1576 1734 ἐὰν
1605 1695 1654 1746 μὴ
1677 1700 1915 1749 προσταχῡῶ,
1949 1697 2075 1749 φησὶν,
2106 1699 2168 1735 οὐκ
2197 1695 2365 1735 ἀπολύω·
2382 1699 2404 1743 ἡ

1378 1762 1447 1816 γὰρ
1478 1762 1675 1816 προσευχὴ,
1709 1764 1833 1814 φησὶν,
1862 1765 1900 1803 οὐ
1931 1766 1975 1802 δι’
2019 1764 2080 1814 ἐμὲ
2115 1764 2278 1815 γέγονεν,
2315 1763 2406 1803 ἀλλὰ

1333 1844 1358 1874 ι)
1380 1830 1437 1868 διὰ
1469 1829 1548 1873 τοὺς
1579 1830 1754 1881 παρόντας
1790 1830 1969 1875 ἀπίστους.
2002 1830 2098 1882 Ἐγὼ
2128 1830 2219 1883 γὰρ,
2254 1829 2313 1869 ἐὰν
2354 1830 2405 1881 μὴ

1380 1899 1612 1949 προσταχθῶ,
1643 1899 1705 1936 οὐκ
1734 1898 1878 1937 ἀπολύω
1911 1898 1969 1936 τὸν
2001 1898 2214 1937 ὑπεύθυνον·
2241 1897 2407 1949 ἀναμένω

1379 1963 1443 2012 τὴν
1481 1963 1620 2017 φωνὴν,
1650 1963 1706 2003 ἵνα
1755 1966 1922 2004 ἀπολύσω
1964 1964 2028 2011 τὴν
2077 1965 2205 2019 ψυχήν.
2239 1965 2381 2019 Λάζαρε
2395 1995 2406 2014 ,

1380 2032 1479 2084 δεῦρο
1499 2031 1577 2076 ἔξω.
1594 2030 1749 2072 Ἤκουσε
1778 2035 1838 2072 τοῦ
1867 2034 2073 2072 δεσποτικοῦ
2101 2033 2408 2086 προσ-τάγματοςὸ

1378 2099 1517 2152 νεκρὸς,
1531 2099 1591 2138 καὶ
1609 2099 1733 2143 εὐθέως
1752 2104 1813 2139 τοῦ
1839 2099 1988 2139 Θανάτου
2008 2100 2088 2144 τοὺς
2106 2101 2231 2151 νόμους
2250 2101 2405 2154 παρέλυ·

1379 2183 1450 2207 σεν.
1478 2166 1774 2219 Λίσιυνέσθωσαν
1797 2169 1829 2206 οἳ
1856 2167 2026 2220 αἱρετικοὶ
2041 2197 2051 2214 ,
2073 2168 2134 2207 καὶ
2153 2168 2404 2209 ἀπολέσθωσαν

1380 2233 1450 2271 ἀπὸ
1478 2233 1669 2286 προσώπου
1686 2235 1749 2279 τῆς
1768 2236 1844 2285 γῆς.
1864 2235 1934 2273 Καὶ
1953 2234 2021 2287 γὰρ
2043 2233 2219 2279 ἀπέδειξεν
2237 2237 2256 2274 ὁ
2276 2235 2378 2286 λόγος
2390 2262 2403 2285 ,

1377 2300 1430 2338 ὅτι
1451 2301 1489 2339 οὐ
1508 2300 1565 2338 διὰ
1580 2300 1643 2347 τὴν
1665 2304 1725 2340 τοῦ
1745 2305 1868 2353 νεκροῦ
1887 2301 2077 2340 ἀνάστασιν
2097 2301 2235 2353 γέγονεν
2249 2304 2272 2349 ἡ
2291 2317 2407 2355 προσ-

1381 2368 1485 2420 ευχὴ,
1519 2368 1610 2407 ἀλλὰ
1643 2368 1699 2407 διὰ
1731 2368 1796 2416 τὴν
1822 2370 1892 2407 τῶν
1922 2369 2001 2406 τότε
2032 2368 2214 2419 παρόντων
2247 2368 2403 2409 ἀπίστων

1379 2436 1571 2475 ἀσθένειαν.
1594 2438 1755 2489 Λάζαρε,
1773 2437 1874 2489 δεῦρο
1901 2435 1980 2480 ἔξω.
2007 2435 2077 2474 Καὶ
2096 2436 2154 2475 διὰ
2180 2435 2216 2475 τί
2233 2437 2403 2489 ὀνομαστὶ

1329 2520 1354 2551 13
1378 2506 1435 2542 τὸν
1471 2505 1591 2556 νεκρὸν
1623 2504 1789 2552 ἐκάλεσε;
1818 2503 1885 2544 Διὰ
1916 2504 1973 2551 τί,
2000 2503 2080 2542 Ἵνα
2111 2503 2160 2555 μὴ
2191 2504 2255 2552 τὴν
2284 2504 2403 2559 φωνὴν

1379 2574 1643 2625 ἀπολελυμένην
1673 2576 1720 2617 εἰς
1757 2573 1834 2617 τοὺς
1863 2572 2003 2626 νεκροὺς
2033 2573 2234 2620 ἀποτείνας,
2269 2573 2403 2618 πάντας

1378 2641 1455 2685 τοὺς
1482 2644 1516 2680 ἐν
1535 2647 1606 2684 τοῖς
1625 2640 1745 2692 τάφοις
1760 2639 1877 2693 ἐγείρῃ
1889 2668 1898 2684 ,
1918 2640 1975 2678 διὰ
1994 2642 2094 2680 τοῦτό
2111 2656 2216 2692 φησι,
2241 2641 2401 2696 Λάζαρε,

1380 2711 1480 2763 δεῦρο
1505 2709 1580 2753 ἔξω.
1611 2708 1658 2747 Σὲ
1679 2707 1782 2756 μόνον
1802 2708 1860 2745 ἐπὶ
1885 2710 1945 2746 τοῦ
1965 2707 2135 2758 παρόντος
2164 2706 2250 2752 τέως
2269 2710 2402 2748 ἀνακα-

1379 2781 1508 2829 λοῧμαι
1527 2778 1632 2830 ὄχλου
1646 2805 1656 2823 ,
1674 2776 1731 2813 ἵνα
1752 2773 1810 2813 διὰ
1827 2777 1887 2812 τοῦ
1915 2772 2040 2825 μέρους
2061 2774 2120 2812 καὶ
2138 2773 2200 2820 τὴν
2221 2777 2290 2813 τῶν
2309 2777 2401 2826 μελ-

1379 2849 1509 2888 λόντων
1538 2846 1697 2891 ἐπιδείξω
1725 2845 1891 2894 δύναμιν·
1912 2846 1930 2882 ὁ
1951 2842 2019 2895 γὰρ
2051 2843 2113 2881 ἵνα
2147 2843 2284 2897 ἐγείρας
2310 2843 2404 2896 ἐγὼ,

1380 2916 1441 2963 τὴν
1459 2913 1663 2964 οἰκουμένην
1693 2913 1842 2950 ἀνιστῶ·
1861 2910 1957 2961 Ἰἰγὼ
1984 2910 2051 2962 γάρ
2078 2913 2151 2962 εἶμι
2171 2915 2194 2959 ἠ
2215 2913 2405 2958 ἀνάστασις

1382 2983 1440 3022 καὶ
1459 2986 1480 3030 ἡ
1501 2981 1586 3028 ζωή.
1608 2980 1770 3033 Λάζαρε,
1791 2980 1889 3031 δεῦρο
1911 2979 1986 3023 ἔξω.
2007 2980 2076 3018 Καὶ
2098 2981 2268 3027 ἑξῆλθενὸ
2285 2982 2405 3035 νεκρὸς

1382 3050 1562 3101 δεδεμένος
1587 3046 1810 3100 κειρίαις-Ὦ
1838 3049 1907 3085 τῶν
1937 3046 2141 3099 παραδόξων
2169 3048 2403 3102 πραγμάτων·

1381 3122 1399 3158 ὁ
1426 3118 1489 3166 τὴν
1515 3116 1632 3171 ψυχὴν
1665 3118 1703 3154 ἐκ
1732 3117 1801 3153 τῶν
1823 3115 1960 3164 δεσμῶν
1991 3118 2050 3153 τοῦ
2070 3114 2220 3154 θανάτου
2238 3115 2366 3163 λύσας,
2385 3118 2404 3155 ὁ

1381 3189 1442 3231 τὰς
1462 3186 1573 3229 πύλας
1593 3188 1653 3223 τοῦ
1671 3183 1753 3236 ᾅδου
1774 3181 1957 3235 suffitia:
1972 3211 1981 3227 ,
2006 3185 2024 3219 ὁ
2049 3182 2162 3226 πύλας
2189 3185 2326 3236 χαλκᾶς
2343 3185 2404 3224 καὶ

1383 3253 1533 3307 μοχλοὺς
1552 3254 1712 3303 σιδηροῦς
1732 3249 1942 3302 συντρῖψτς,
1963 3251 2021 3287 καὶ
2048 3250 2111 3297 τὴν
2133 3250 2248 3303 ψυχὴν
2269 3252 2310 3290 ἐκ
2333 3253 2402 3290 τῶν

1383 3322 1521 3372 δεσμῶν
1548 3324 1607 3358 τοῦ
1635 3317 1782 3356 θανάτου
1819 3315 2072 3368 ε’λευῡεριιίσας,
2092 3319 2153 3355 οὐκ
2174 3317 2326 3363 ἠδύνατο
2344 3318 2404 3357 καὶ

1384 3393 1446 3431 τὰς
1466 3386 1598 3439 κυρίας
1628 3388 1729 3425 λῦσαι
1750 3389 1809 3423 τοῦ
1840 3387 1980 3435 νεκροῦ,
2003 3385 2070 3422 Ναὶ
2085 3416 2096 3432 ,
2117 3383 2283 3430 ἠδύνατο·
2312 3385 2403 3424 ἀλλὰ

1385 3453 1515 3491 κελεύει
1548 3458 1615 3492 τοὶς
1637 3450 1816 3491 Ἰουδαίοις
1848 3451 1948 3486 λῦσαι
1981 3448 2041 3490 τὰς
2070 3449 2218 3499 κυρίας,
2238 3449 2277 3494 ἃς
2308 3450 2401 3488 αὐτοὶ
