2513 3871
309 265 402 328 938

307 364 359 400 sic
382 360 591 398 defunctum
611 356 738 407 luges?
756 369 799 393 an
826 355 913 408 quia
943 353 1130 407 improbus
1147 361 1224 391 erat
1240 353 1259 390 Ξ)

308 422 417 472 Atqui
437 419 516 458 ideo
529 417 653 469 gratiae
666 414 826 467 agendae,
841 414 940 466 quod
954 415 1031 466 ejus
1045 412 1258 466 improbitas

305 480 451 533 praecisa
483 477 601 515 luerit.
624 479 669 513 At
702 476 797 527 frugi
827 484 861 514 et
892 475 1007 513 bonus
1037 474 1140 513 erat?
1173 473 1257 512 Ideo

303 540 415 579 taetari
436 538 601 577 convenit
619 567 629 583 ‚
650 535 747 588 quod
777 535 848 574 cito
875 535 1046 588 abreptus
1065 535 1135 581 sit,
1155 534 1257 587 prius

301 614 408 651 quam
443 598 655 651 improbitas
688 606 840 635 mentem
866 597 944 649 ejus
978 604 1144 643 mutaret,
1162 595 1258 633 abie-

302 662 418 713 ritque
445 661 481 698 in
512 661 648 708 locum,
677 658 739 697 ubi
770 658 806 696 in
829 668 906 697 tuto
935 668 1112 705 versatur,
1144 671 1258 708 neque

303 722 374 760 ulla
404 722 553 760 mutatio
574 720 775 759 metuenda.
795 719 867 758 sed
896 719 1043 771 juvenis
1073 718 1176 757 erat?
1195 717 1257 757 ld-

301 784 398 822 ciroo
428 782 581 833 gloriam
606 781 759 834 rapienti
780 782 853 819 Deo
876 781 1006 819 referas
1025 810 1035 828 ,
1069 779 1165 831 quod
1185 779 1256 817 cito

300 846 405 884 illum
415 844 462 883 ad
479 845 663 883 meliorem
679 853 810 882 sortem
822 843 1014 881 vocaverit.
1026 843 1143 881 Senex
1156 841 1257 880 erat?

300 908 360 946 Ob
375 907 413 946 id
434 907 558 958 gratim
576 906 734 957 agendae,
753 906 882 944 iterum
899 905 1050 958 rapienti
1081 906 1156 944 Deo
1174 905 1257 955 glo-

305 968 398 1007 riam
419 968 562 1006 reseras.
584 968 688 1006 Nunc
706 966 877 1006 efferendi
894 966 1041 1004 modum
1057 967 1223 1005 erubesce
1246 982 1254 1002 ε

301 1028 524 1082 psalmodia,
541 1042 676 1081 preces,
698 1038 840 1081 patrum
863 1037 1073 1074 conventus,
1107 1029 1258 1067 fratrum

301 1089 496 1129 multitudo
511 1099 629 1136 tanta;
645 1089 735 1136 baec,
753 1090 913 1140 inquam,
930 1103 998 1127 non
1018 1089 1097 1127 ideo
1111 1088 1257 1137 adsunt,

301 1161 340 1189 ut
360 1151 457 1198 fleas,
478 1165 626 1189 moereas
644 1160 677 1188 et
693 1150 904 1201 indigneris,
926 1149 990 1188 sed
1010 1160 1047 1188 ut
1064 1151 1198 1201 gratias
1224 1151 1256 1189 ei

301 1224 412 1262 agas,
442 1211 504 1262 qui
536 1210 746 1248 defunctum
773 1210 922 1262 accepit.
940 1209 1257 1258 Quemadmodum

299 1271 395 1310 enim
416 1285 487 1318 eos,
506 1271 568 1321 qui
597 1271 644 1309 ad
665 1271 915 1322 magistratum
944 1280 1131 1318 vocantur,
1151 1271 1257 1309 multi

300 1347 381 1371 cum
397 1331 564 1371 laudibus
581 1341 615 1369 et
629 1331 884 1370 acclamatione
902 1332 1119 1370 comitantur
1134 1347 1142 1368 τ
1160 1332 1207 1370 ita
1222 1341 1258 1370 et

299 1402 451 1438 sanctos,
467 1392 530 1443 qui
546 1391 791 1441 decesserunt,
803 1401 927 1444 utpote
939 1392 1002 1443 qui
1022 1392 1068 1430 ad
1083 1393 1255 1444 majorem

298 1462 487 1491 evocentur
505 1452 689 1498 honorem,
700 1466 781 1490 cum
795 1453 934 1504 magnis
946 1466 1069 1492 omnes
1084 1452 1254 1492 laudibus

97 1519 175 1547 ⁸¹⁰¹·
202 1521 284 1557 qum
299 1514 497 1554 deducunt.
515 1516 615 1552 Mors
633 1514 733 1565 quies
753 1523 819 1560 est,
837 1524 871 1553 et
890 1530 908 1553 a
930 1514 1126 1553 sudoribus
1146 1515 1258 1554 curis·

95 1568 148 1589 est.

298 1590 368 1627 que
393 1575 625 1615 saeeularibus
653 1575 831 1615 liberatio.
849 1577 942 1615 Cum
971 1577 1082 1627 igitur
1100 1591 1147 1616 ex
1166 1591 1255 1630 pro-

299 1638 443 1690 pinquis
478 1637 636 1688 aliquem
674 1636 810 1676 videris
843 1637 928 1676 hinc
959 1637 1150 1676 abeuntem
1172 1667 1182 1686 ,
1213 1652 1257 1677 ne

300 1698 446 1750 indigne
461 1699 564 1746 seras,
579 1698 641 1737 sed
655 1712 908 1752 compungere,
930 1698 975 1737 ad
995 1699 1148 1751 teipsum
1165 1699 1256 1748 redi,

299 1760 551 1798 conscientiam
572 1768 744 1806 scrutare,
763 1759 831 1798 boc
851 1758 1052 1807 considera,
1073 1759 1175 1799 brevi
1195 1774 1258 1812 pa—

297 1836 371 1860 rem
400 1821 466 1859 tibi
488 1820 712 1859 subeundem
732 1834 807 1858 esse
836 1820 957 1859 finem.
981 1821 1256 1873 Temperantior

297 1891 382 1928 esto,
410 1891 445 1920 et
473 1881 621 1920 alterius
650 1890 765 1920 morte
798 1881 924 1920 timere
944 1881 1057 1927 disce,
1075 1881 1255 1933 ignaviam

298 1957 438 1981 omnem
464 1941 634 1995 praecide,
655 1942 746 1980 facta
767 1950 829 1980 tua
847 1941 1027 1994 expende,
1043 1950 1157 1980 errata
1179 1956 1256 1981 cor-

300 2004 397 2054 rige,
414 2003 587 2056 optimam
604 2003 661 2041 sac
680 2016 823 2041 morum
849 2002 1097 2041 mutationem.
1116 2003 1192 2041 Hoc
1210 2004 1256 2042 ab

301 2064 509 2103 infidelibus
528 2063 748 2113 disserimus,
768 2063 866 2115 quod
884 2063 990 2102 aliter
1009 2074 1117 2114 atque
1136 2065 1190 2103 illi
1212 2065 1257 2104 de

302 2125 408 2163 rebus
428 2125 514 2177 ipsis
533 2124 747 2175 judicemus.
765 2124 924 2176 Respicit
940 2124 1095 2163 infidelis
1114 2126 1256 2172 etelum,

301 2194 334 2224 ct
351 2185 492 2231 adorat,
507 2184 604 2236 quod
617 2184 724 2223 deum
745 2199 819 2223 esse
836 2183 957 2223 credat
975 2202 983 2222 ε
1002 2194 1131 2224 terrain
1146 2187 1257 2238 respi-

301 2247 363 2292 cit,
381 2247 567 2300 ipsamque
581 2246 677 2294 colit,
688 2255 722 2283 et
740 2246 798 2289 iis,
809 2260 887 2296 quae
900 2246 935 2284 in
950 2260 1092 2285 sensum
1108 2246 1254 2292 cadunt,

1271 2288 1318 2312 766

740 274 778 304 S.
817 273 1002 303 JotNMS
1042 270 1281 302 cutu'sos'T.
1326 270 1532 300 Attenfflr.
1573 271 1932 303 CONSTANTtNOP.

1331 353 1448 402 νῶμεν
1463 382 1473 398 ,
1490 352 1552 391 καὶ
1571 352 1622 403 μὴ
1641 353 1816 399 τοσαύτην
1833 354 1894 392 καὶ
1912 355 2046 396 ἑαυτοῖς
2072 354 2135 393 καὶ
2157 362 2230 400 τοῖς
2246 358 2355 408 ὁρῶσι

1330 412 1553 466 προξενῶμεν
1590 412 1656 460 τὴν
1691 413 1842 465 βλάὸην.
1872 414 1978 459 Τίνος
2012 413 2081 466 γὰρ
2107 414 2245 464 ἕνεκεν,
2276 418 2355 456 εἰπέ

1332 490 1406 524 μοι,
1425 475 1587 528 δακρύεις
1606 474 1697 514 οὕτω
1723 475 1784 514 τὸν
1803 475 2089 523 ἀπιλῠόντα;8τι
2117 477 2268 530 πονηρὸς
2292 472 2356 526 ἦνς

1331 536 1471 574 Οὐκοῦν
1497 536 1555 574 διὰ
1583 541 1685 576 τοῦτο
1706 537 1925 590 εὐχαριστεῖν
1951 538 2021 585 δεῖ,
2042 538 2099 578 ὅτι
2130 538 2279 586 ἐνεκόπη
2312 539 2357 578 τὰ

1330 597 1394 642 τῆς
1412 595 1538 641 κακίας
1564 598 1674 649 αὐτῷ.
1692 597 1799 636 Ἀλλὰ
1816 598 1969 650 χρηστὸς
1997 598 2058 637 καὶ
2085 599 2264 647 ἐπιεικής;
2287 600 2357 639 Καὶ

1332 658 1389 696 διὰ
1408 660 1511 697 τοῦτο
1537 658 1676 710 χαίρειν
1703 659 1772 707 δεῖ,
1800 659 1855 698 ὅτι
1882 659 2021 712 ταχέως
2045 661 2215 712 ἡρπάγη,
2233 659 2357 712 πρὶνῆ

1330 721 1375 771 τῇ
1404 720 1513 773 κακία
1541 719 1673 771 ἀλλάξῃ
1704 720 1864 768 σύνεσιν,
1895 721 1956 760 καὶ
1983 723 2142 770 ἀπῆλθεν
2161 725 2209 767 εἰς
2226 722 2357 776 χωρίον

1330 781 1412 820 ἔνθα
1436 783 1492 820 ἐπ’
1512 781 1704 833 ἀσφαλείας
1736 781 1857 820 λοιπὸν
1889 782 2041 831 ἔστηκε,
2066 785 2128 823 καὶ
2156 783 2356 835 μεταὸολὴν

1331 842 1392 880 οὐκ
1410 842 1503 881 ἔστιν
1533 842 1753 881 ὑποπτεῦσαί
1772 859 1864 883 τινα.
1889 842 1995 882 Ἀλλὰ
2015 845 2089 888 νέος
2118 838 2184 892 ἦνς
2204 844 2276 884 Καὶ
2298 845 2357 883 διὰ

1331 908 1431 943 τοῦτο
1458 903 1601 948 δόξασον
1629 903 1686 942 τὸν
1713 903 1867 943 λαθόντα
1881 934 1892 952 ,
1915 906 1970 943 ὅτι
1987 905 2125 957 ταχέως
2148 905 2251 944 αὑτὸν
2273 905 2357 959 πρὸς

1331 963 1397 1010 τὴν
1415 964 1577 1014 βελτίονα
1596 965 1692 1010 λῆξιν
1709 965 1887 1004 ἐκάλεσεν.
1906 964 2013 1004 Ἀλλὰ
2037 965 2265 1018 γεγηρακώςς
2286 966 2358 1005 Καὶ

1332 1025 1390 1064 διὰ
1417 1029 1519 1064 τοῦτο
1548 1026 1802 1077 εὐχαρίστησον
1817 1054 1827 1072 ,
1858 1025 1917 1064 καὶ
1946 1026 2006 1065 τὸν
2034 1028 2188 1066 λαθόντα
2215 1026 2357 1072 δόξασον

1332 1086 1454 1125 πάλιν.
1476 1086 1695 1138 Αἷσχύνῠητι
1712 1087 1753 1125 τὸ
1770 1090 1896 1138 σχῆμα
1925 1090 1989 1134 τῆς
2015 1090 2183 1141 ἐκφορᾶς·
2207 1089 2356 1140 ψαλμῳ-

1333 1147 1405 1185 δίαι
1419 1176 1430 1194 ,
1448 1147 1508 1184 καὶ
1530 1147 1629 1198 εὐχαὶ
1643 1178 1653 1195 ,
1671 1147 1730 1184 καὶ
1756 1148 1917 1199 πατέρων
1943 1150 2132 1200 σύλλογος,
2147 1148 2207 1186 καὶ
2225 1150 2357 1195 πλῆθος

1332 1208 1491 1259 ἀδελφῶν
1521 1211 1707 1251 τοσοῦτον,
1732 1209 1796 1259 οὐχ
1825 1208 1883 1247 ἵνα
1914 1210 2039 1261 κλαίῃς
2074 1210 2133 1248 καὶ
2163 1209 2270 1262 ὀδύρῃ
2296 1210 2355 1248 καὶ

1332 1268 1598 1318 ἀποδυσπετῇς,
1614 1269 1691 1306 ἀλλ’
1709 1267 1766 1305 ἵνα
1786 1270 1997 1320 εὖχαριστῇς
2023 1272 2075 1321 τῷ
2098 1270 2255 1310 λαὸόντι.
2276 1271 2355 1310 Κα-

1331 1327 1443 1379 θάπερ
1462 1327 1532 1380 γὰρ
1557 1327 1636 1371 τοὺς
1660 1329 1715 1367 ἐπ’
1736 1328 1849 1381 ἀρχὴν
1874 1330 2108 1380 καλουμένους
2125 1331 2249 1369 πολλοὶ
2269 1346 2359 1383 προ-

1330 1388 1512 1438 πέμπουσι
1530 1393 1607 1432 ταῐς
1633 1389 1844 1441 εὐφημίαις,
1864 1389 1956 1429 οὕτω
1976 1390 2036 1428 καὶ
2064 1393 2134 1429 τῶν
2152 1390 2262 1442 ἁγίων
2280 1391 2358 1435 τοὺς

1331 1449 1519 1497 ἀπιόντας,
1542 1449 1603 1488 ἅτε
1636 1450 1695 1488 ἐπὶ
1731 1450 1874 1501 μείζονα
1906 1451 2097 1499 κληθέντας
2114 1451 2246 1503 τιμὴν,
2269 1452 2358 1503 μετὰ

1330 1511 1463 1556 πολλῆς
1492 1511 1643 1555 ἅπαντες
1675 1512 1925 1564 προπέμπουσι
1958 1515 2021 1559 τῆς
2054 1513 2238 1564 εὐφημίας.
2260 1512 2361 1552 Ἀνά-

1331 1571 1459 1616 παυσίς
1498 1574 1593 1611 ἐστιν
1629 1575 1648 1611 ὁ
1681 1573 1850 1620 θάνατος,
1883 1572 2042 1624 ἱδρώτων
2073 1574 2134 1612 καὶ
2168 1574 2358 1626 φροντίδων

1333 1635 1508 1683 βιωτικῶν
1529 1634 1731 1686 ἀπαλλαγή.
1751 1633 1866 1672 ςὈταν
1893 1628 1951 1672 οὖν
1969 1634 2047 1686 ἴδῃς
2063 1635 2143 1674 τινὰ
2164 1637 2234 1674 τῶν
2250 1649 2359 1686 προσ·

1330 1693 1488 1741 ηκόντων
1508 1696 1707 1733 ἀπελθόντα
1735 1697 1915 1741 ἐντεῦθεν,
1939 1695 1988 1746 μὴ
2009 1696 2250 1748 δυσχεράνῃς,
2267 1697 2359 1736 ἀλλὰ

1331 1754 1574 1806 κατανύγηῡι,
1606 1756 1692 1807 πρὸς
1723 1757 1866 1795 σεαυτὸν
1900 1757 2090 1803 ἐπάνελθε,
2129 1758 2170 1796 τὸ
2209 1757 2362 1800 συνειδὸς

1330 1815 1514 1863 ἐξέτασον,
1540 1817 1719 1862 σκόπησον
1739 1817 1794 1855 ὅτι
1815 1817 1876 1856 καὶ
1895 1817 1934 1855 σὲ
1951 1817 2075 1868 μικρὸν
2093 1816 2236 1870 ὕστερον
2258 1820 2361 1856 τοῦτο

1331 1877 1428 1927 μένει
1449 1877 1489 1915 τὸ
1509 1878 1620 1921 τέλος.
1644 1879 1750 1916 Ιένοῦ
1767 1878 2045 1930 σωφρονέστερος
2063 1878 2123 1916 καὶ
2138 1877 2233 1922 δέξαι
2254 1877 2359 1930 φόόον

1331 1938 1402 1976 ἀπὸ
1427 1941 1489 1986 τῆς
1521 1939 1639 1990 ἑτέρου
1673 1941 1859 1986 τελευτῆς,
1880 1940 1940 1978 καὶ
1971 1940 2145 1993 ῥᾳθυμίαν
2170 1939 2360 1992 περίκοψον

1331 1999 1495 2047 ἅπασαν,
1514 2001 1722 2052 ἀναλόγισαι
1751 2001 1793 2039 τὰ
1825 2001 2079 2052 πεπραγμένα,
2099 2001 2285 2052 διόρθωσον
2315 2001 2360 2040 τὰ

1330 2062 1591 2115 ἡμαρτημένα,
1621 2062 1768 2114 ἀρίστην
1813 2063 1961 2109 ποίησον
1995 2063 2207 2113 μεταὸολήν.
2234 2064 2361 2118 Τούτῳ
2396 2091 2405 2099 ·

1331 2123 1565 2174 διεστήκαμεν
1586 2127 1654 2162 τῶν
1683 2124 1840 2162 ἀπίστων
1859 2153 1871 2171 ,
1889 2127 1940 2175 τῷ
1969 2125 2099 2176 κρίσεις
2130 2124 2251 2176 ἑτέρας
2278 2126 2359 2176 περὶ

1331 2188 1401 2223 τῶν
1429 2185 1648 2236 πραγμάτων
1673 2185 1779 2237 ἔχειν.
1799 2183 1891 2237 Ὁρᾷ
1909 2186 1967 2224 τὸν
1987 2186 2130 2236 οὐρανὸν
2151 2188 2170 2223 ὁ
2188 2186 2335 2230 ἄπιστος
2348 2218 2360 2233 ,

1333 2245 1394 2285 καὶ
1419 2251 1620 2297 προσκυνεῖ·
1641 2247 1716 2284 θεὸν
1735 2245 1803 2296 γὰρ
1820 2239 1910 2284 εἶναι
1935 2246 2070 2296 νομίζει
2084 2262 2092 2270 ·
2107 2249 2172 2299 ὁρᾷ
2189 2246 2254 2294 τὴν
2269 2250 2335 2299 γῆν
2349 2278 2359 2294 ,

302 2308 430 2347 inhiat.
453 2311 497 2346 At
517 2322 582 2346 nos
596 2322 695 2346 secus
716 2323 724 2343 ε
744 2307 910 2346 videmus
934 2308 1030 2346 enim
1058 2308 1208 2356 caelum,
1225 2318 1258 2347 et
1284 2326 1307 2353 A
1333 2309 1394 2347 καὶ
1414 2308 1617 2359 θεραπεύει,
1637 2308 1696 2345 καὶ
1725 2308 1810 2360 πρὸς
1835 2308 1879 2348 τὰ
1899 2307 2051 2354 αἰσθητὰ
2078 2307 2240 2360 κέχηνεν.
2266 2307 2357 2347 Ἀλλ’

301 2370 378 2420 ejus
405 2370 570 2422 opilicem
603 2368 855 2407 admiramur:
876 2369 994 2421 ipsum
1023 2370 1157 2422 quippe
1188 2383 1258 2408 non

300 2431 425 2479 deum,
442 2431 504 2469 sed
525 2430 591 2469 Dei
620 2429 807 2482 opificium
827 2444 901 2469 esse
929 2430 1122 2469 credimus.
1143 2430 1260 2471 Video

302 2491 478 2530 mundum
504 2492 733 2539 universum,
755 2505 797 2529 ac
824 2505 888 2544 per
912 2491 1016 2530 illum
1035 2491 1194 2530 deducor
1214 2491 1260 2530 ad

303 2562 509 2591 creatorem.
532 2553 642 2592 Videt
664 2552 724 2590 ille
755 2551 928 2599 divitias,
953 2552 1110 2604 ipsisque
1146 2553 1260 2591 inhiat

303 2622 336 2650 et
358 2614 574 2665 obstupescit
595 2629 604 2650 z
623 2612 729 2651 video
748 2622 782 2651 et
797 2627 862 2664 ego
878 2613 1041 2661 divitias,
1059 2623 1092 2652 et
1114 2613 1259 2656 irrideo.

305 2673 415 2713 videt
444 2675 505 2713 ille
526 2683 774 2727 paupertatem
793 2683 827 2712 et
855 2674 1057 2725 ingemiscit
1077 2690 1085 2712 :
1106 2675 1210 2714 video
1227 2685 1260 2713 et

304 2750 368 2783 ego
389 2745 652 2788 paupertatem,
673 2744 707 2773 et
728 2735 882 2774 exsulto.
906 2736 987 2774 Alio
1007 2750 1086 2786 ego,
1109 2737 1181 2775 alio
1201 2737 1262 2775 ille

307 2799 412 2838 modo
440 2815 494 2838 res
514 2801 737 2853 inspicimus.
755 2800 816 2839 Sic
835 2809 868 2838 et
900 2801 935 2839 in
956 2811 1069 2840 morte
1087 2816 1148 2840 nos
1164 2803 1260 2853 geri·

308 2878 410 2902 mus:
432 2865 531 2903 videt
560 2866 622 2904 ille
646 2874 843 2914 mortuum,
864 2875 897 2904 et
918 2876 1101 2906 mortuum
1129 2878 1230 2920 putat
1250 2885 1258 2905 ε

309 2932 414 2971 video
426 2947 490 2983 ego
506 2943 743 2979 mortunm‚et
760 2947 924 2972 somnum
942 2949 1005 2987 pro
1021 2945 1134 2974 morte
1144 2936 1260 2975 video.

315 3002 360 3036 Ac
379 3000 680 3050 quemadmodum
704 3002 740 3039 in
768 3001 882 3040 literis
901 3003 1032 3042 accidit
1047 3034 1056 3049 ,
1079 3014 1117 3043 ut
1138 3005 1262 3043 iisdem

313 3065 423 3103 oculis
442 3066 536 3118 ipsas
561 3081 762 3115 cernamus,
780 3067 876 3106 docti
895 3078 927 3106 et
947 3069 1079 3109 indocti
1095 3101 1103 3116 ,
1122 3085 1182 3109 nec
1201 3087 1263 3110 ea-

315 3132 393 3169 dem
415 3142 529 3170 tamcn
552 3143 690 3181 ments-3
709 3134 769 3173 secl
792 3136 850 3186 qui
885 3136 1004 3175 literas
1033 3152 1100 3177 non
1122 3149 1264 3186 norunt,

318 3212 374 3234 cas
395 3199 508 3236 solum
529 3214 592 3251 pro
611 3200 723 3238 liu-ris
741 3201 912 3249 bala-anu
934 3205 994 3256 qui
1024 3220 1107 3244 vero
1123 3217 1265 3254 norunt,

322 3277 446 3311 magua
462 3273 534 3301 arte
550 3279 687 3303 ssi-nsum
706 3267 738 3304 in
761 3268 832 3306 iltis.
852 3279 1053 3310 contentum
1069 3274 1236 3324 colligant
1258 3291 1264 3311 z

323 3328 371 3364 ‚sic
391 3338 420 3365 rt
447 3329 478 3364 in
508 3330 592 3378 ipsi-s
614 3331 716 3368 relius
738 3333 859 3372 iisdem
889 3338 1000 3375 oeulis
1034 3340 1198 3379 videmus
1227 3357 1265 3380 ea

324 3408 400 3443 «pm-
420 3403 637 3440 contingunt,
650 3395 926 3438 w‹11.·›uv.··l«·n1
951 3413 1063 3441 tuenti·
1083 3414 1116 3442 et
1135 3406 1264 3444 anitum.

327 3462 378 3496 Λιι
400 3459 505 3509 igitur
533 3460 590 3508 qni
623 3461 654 3497 in
690 3464 852 3500 omuibus
889 3466 967 3503 alm
997 3469 1100 3506 relius
1121 3471 1166 3508 al»
1196 3472 1266 3509 illis

1333 2373 1436 2420 ἡμεῖς
1469 2370 1535 2422 οὐχ
1557 2369 1687 2414 οὕτως·
1707 2371 1786 2408 ἀλλ’
1805 2371 1942 2421 ὁρῶμεν
1962 2370 2021 2408 τὸν
2043 2369 2202 2417 οὐρανὸν,
2222 2369 2283 2408 καὶ
2301 2369 2360 2409 τὸν

1333 2432 1555 2478 πεποιηκότα
1590 2432 1691 2470 αὐτὸν
1717 2430 1941 2481 θαυμάζομεν
1956 2447 1964 2454 ·
1985 2433 2024 2469 οὗ
2043 2431 2112 2484 γὰρ
2130 2430 2205 2470 Θεὸν
2231 2431 2358 2478 αὐτὸν,

1333 2496 1410 2533 ἀλλ’
1445 2494 1544 2546 ἔργον
1581 2487 1670 2532 εἶναι
1705 2496 1798 2532 Θεοῦ
1834 2493 2132 2543 πεπιστεύκαμεν.
2165 2491 2264 2545 Ὁρῶ
2294 2492 2358 2539 τὴν

1334 2555 1447 2594 κτίσιν
1468 2556 1630 2600 ἅπασαν,
1665 2554 1725 2593 καὶ
1757 2553 1802 2593 δι’
1823 2557 1930 2602 αὐτῆς
1957 2557 2245 2607 χειραγωγοῦμαι
2278 2554 2360 2606 πρὸς

1334 2617 1392 2655 τὸν
1418 2616 1640 2668 δημιουργόν.
1666 2615 1759 2667 Ὁρᾷ
1787 2617 1936 2654 πλοῦτον
1971 2617 2119 2662 ἐκεῖνος,
2141 2614 2202 2653 καὶ
2231 2614 2359 2666 κίχηνε

1335 2678 1407 2716 καὶ.
1422 2677 1687 2724 ἐκπέπληκται·
1707 2679 1778 2727 ὁρῶ
1806 2677 1956 2714 πλοῦτον
1977 2675 2062 2725 ἐγὼ,
2081 2675 2139 2713 καὶ
2164 2676 2360 2725 καταγελῶ.

1334 2737 1427 2790 Ὁρᾷ
1446 2738 1567 2776 πενίαν
1586 2738 1713 2779 ἐκεῖνος
1726 2766 1734 2781 ,
1751 2736 1810 2773 καὶ
1834 2735 2013 2787 ὀδύρεται·
2034 2738 2104 2788 ὁρῶ
2124 2735 2245 2774 πενίαν
2262 2734 2332 2787 ἐγὼ
2348 2766 2359 2784 ,

1336 2799 1396 2837 καὶ
1423 2799 1638 2850 ἀγάλλομαι.
1657 2796 1810 2847 Ἑτέρως
1830 2796 1899 2847 ἐγὼ
1929 2797 2048 2847 βλέπω
2075 2797 2119 2835 τὰ
2139 2795 2357 2848 πράγματα,

1337 2860 1398 2897 καὶ
1412 2859 1539 2910 ἑτέρως
1559 2860 1700 2901 ἐκεῖνος.
1713 2857 1817 2896 Οὕτω
1832 2858 1893 2896 καὶ
1913 2858 1971 2896 ἐπὶ
1990 2860 2050 2896 τοῦ
2074 2858 2223 2896 θανάτου
2242 2861 2360 2897 ποιοῦ·

1338 2936 1420 2971 μεν·
1446 2923 1511 2972 ὁρᾷ
1539 2920 1658 2970 νεκρὸν
1689 2920 1839 2963 ἐκεῖνος,
1859 2918 1918 2955 καὶ
1948 2918 2080 2967 νομίζει
2112 2918 2232 2969 νεκρὸν
2252 2911 2359 2957 εἶναι·

1336 2985 1407 3034 ὁρῶ
1441 2982 1561 3034 νεκρὸν
1598 2980 1689 3030 ἐγὼ,
1717 2979 1777 3018 καὶ
1807 2978 1912 3016 ὕπνον
1944 2978 2021 3016 ἀντὶ
2042 2979 2191 3017 θανάτου
2227 2978 2359 3030 βλέπω.

1340 3044 1409 3083 Καὶ
1441 3043 1600 3093 καθάπερ
1630 3041 1778 3079 ἐπὶτῶν
1808 3040 2027 3091 γραμμάτων
2058 3046 2127 3082 τοῖς
2159 3039 2222 3090 μὲν
2245 3039 2362 3082 αὐτοῖς

1339 3107 1475 3157 ὁρῶμεν
1508 3103 1596 3142 αὐτὰ
1627 3103 1816 3153 ὀφθαλμοῖς
1837 3100 1872 3137 οἵ
1903 3115 1939 3137 τε
1969 3100 2116 3146 εἰδότες,
2137 3099 2172 3139 οἵ
2195 3115 2232 3138 τε
2256 3101 2360 3151 ἀγνο-

1339 3171 1456 3208 οῦντες
1487 3164 1530 3202 τὰ
1552 3163 1773 3215 ,γράμματα,
1791 3163 1830 3199 οὗ
1860 3163 1904 3210 τῇ
1936 3163 2024 3209 αὐτῇ
2050 3160 2084 3199 δὲ
2107 3160 2260 3211 διανοίᾳ,
2284 3160 2363 3200 ἀλλ’

1340 3230 1371 3265 οἱ
1394 3228 1458 3277 μὲν
1477 3228 1538 3264 οὐκ
1561 3225 1688 3265 εἰδότες
1715 3223 1911 3275 γράμματα
1940 3222 2059 3265 ἁπλῶς
2079 3216 2168 3260 εἶναι
2188 3222 2361 3272 νομίζουσι

1341 3288 1383 3325 τὰ
1407 3287 1618 3337 βλεπόμενα,
1633 3286 1663 3322 οἱ
1684 3283 1719 3322 δὲ
1740 3283 1965 3331 ἐπιστάμενοι
1986 3283 2074 3330 μετὰ
2093 3285 2225 3329 πολλῆς
2239 3283 2364 3334 τέχνης

1343 3350 1398 3387 τὸν
1416 3348 1682 3396 ἔναποκείμενον
1701 3349 1776 3382 νοῦν
1797 3343 2023 3392 ἀναλέγονται
2036 3359 2043 3366 ·
2065 3343 2209 3389 ούτωδὴ
2229 3344 2287 3381 καὶ
2307 3345 2364 3382 ἐπι

1345 3414 1410 3448 τῶν
1439 3409 1657 3459 πραγμάτων
1689 3412 1755 3447 τοῖς
1784 3406 1847 3453 μὲν
1877 3407 1990 3445 αὐτοις
2022 3406 2210 3455 ὁρῡαλμοὶς
2229 3406 2364 3455 δρῶμεν

1345 3472 1385 3508 τὰ
1414 3470 1671 3518 sopharna-ata.
1696 3469 1732 3504 οὐ
1756 3471 1796 3515 τὴ
1828 3467 1911 3514 αὐτῇ
1932 3466 1964 3502 δὲ
1987 3466 2118 3516 διανοίᾳ
2138 3466 2195 3503 καὶ
2224 3464 2360 3515 γνώμῃ.
