2549 3825
26 908 30 929 l

25 935 30 960 l

956 233 1183 264 ADVERSUS
1217 233 1408 264 JUDAEOS.
1449 235 1512 265 lvo

211 319 275 371 οὐχ
299 321 330 357 οἱ
364 319 570 361 κλέπτοντες
600 317 830 368 μόνον,ἀλλὰ
865 316 924 354 καὶ
956 319 986 354 οἱ
1017 317 1129 368 κύριοι
1174 316 1236 367 μὲν

209 390 305 433 ὄντες
323 392 500 436 κωλῦσαι,
515 394 528 410 ⁰
549 387 598 440 μὴ
627 387 818 430 κωλύοντες
845 388 904 435 δὲ,
922 387 985 434 τὴν
1013 388 1121 434 αὐτὴν
1142 386 1235 426 ἐκεί-

209 472 279 499 νοις
301 456 434 496 διδόασι
453 455 551 503 δίκην
567 470 574 479 ·
596 454 702 498 οὕτως
726 457 792 507 οὐχ
815 458 848 493 οἱ
875 456 1078 499 ἀσεὸοῦντες
1112 457 1230 506 μόνον,

210 523 297 562 ἀλλὰ
317 524 376 562 καὶ
405 526 436 561 οἱ
456 523 639 573 δυνάμενοι
660 521 723 573 μὲν
748 525 942 574 ἀπαγαγεῖν
962 527 1024 570 τ’ἧς
1045 524 1225 569 ἀσεῧείας,

212 592 261 641 μὴ
291 591 492 642 βουλόμενοι
516 590 550 628 δὲ
577 589 600 637 ἢ
621 591 664 627 δι’
685 589 782 628 ὄκνον
804 589 826 636 ἢ
849 591 905 628 διὰ
924 591 1091 641 νωθρίαν,
1107 590 1236 641 ὁμοίως

214 658 428 702 κολάζονται.
449 657 552 695 Ἐπεὶ
577 657 637 695 καὶ
664 660 681 695 ὃ
712 657 751 695 τὸ
783 656 954 695 τάλαντον
988 659 1099 695 ἐκεῖνο
1127 672 1236 694 κατο-

215 724 334 775 ρύξας,
359 724 549 779 ὁλόκληρον
577 725 738 764 ἀπέδωκε
767 727 817 776 τῷ
847 723 924 776 ἰδίῳ
956 723 1132 775 δεσπότῃ·
1156 724 1234 761 ἀλλ’

212 793 307 843 ὅμως
326 791 446 839 ἐπειδὴ
469 792 517 842 μὴ
545 791 750 830 ἐπλεόνασεν
773 792 856 830 αὐτὸ
890 790 1082 834 ἐκολάζετο.
1104 789 1175 828 Καὶ
1195 788 1236 828 σὺ

2177 219 2267 282 765

1311 317 1516 354 commercii
1536 317 1615 354 est?
1636 317 1774 356 alienus
1802 326 1876 368 est,
1909 319 2050 370 ignotus
2073 326 2136 357 est.
2169 320 2266 356 Dum

1308 377 1416 415 fuerit
1433 377 1550 416 fidelis
1563 407 1574 429 ‚
1593 377 1681 416 dum
1703 378 1908 416 eorumdem
1926 379 2104 432 particeps
2132 388 2266 432 myste-

1308 438 1446 475 riorum
1462 468 1471 485 ‚
1488 438 1578 476 dum
1594 439 1629 477 in
1645 439 1806 477 eamdem
1824 440 1988 478 convenit
2003 439 2219 486 Ecclesiam,
2232 449 2267 478 et

1307 499 1501 545 fratribus,
1523 509 1557 538 et
1577 501 1735 553 cognatis
1748 532 1757 549 ‚
1778 510 1812 539 et
1831 500 2036 539 necessariis
2049 530 2059 549 ‚
2079 510 2113 538 et
2132 500 2266 539 caeteris

1308 561 1474 598 omnibus
1492 571 1544 600 est
1562 563 1810 615 propinquior.
1830 563 1986 601 Proinde
2002 563 2093 602 sicut
2107 576 2178 601 non
2195 563 2266 615 ipsi

1309 629 1447 659 tantum
1469 622 1563 660 fures
1582 622 1668 661 dant
1688 637 1807 675 poenas
1820 654 1830 669 ,
1850 638 1976 661 verum
2004 623 2110 662 etiam
2140 624 2266 662 eadem

1307 695 1411 732 poena
1432 682 1636 734 plectuntur
1656 683 1706 731 ii,
1737 684 1867 734 quibus
1893 698 1975 721 cum
1997 693 2086 722 esset
2113 693 2267 737 potestas

1308 741 1473 790 vetandi,
1506 756 1576 781 non
1603 753 1794 782 vetuerunt
1821 745 2023 782 tamen:ita
2051 759 2119 783 non
2148 747 2265 784 solum

1307 802 1370 852 qui
1392 802 1502 854 impie
1517 813 1650 855 agunt,
1672 819 1796 843 verum
1812 805 1918 843 etiam
1937 805 1990 842 illi
2006 806 2065 856 qui
2083 820 2163 844 cum
2180 821 2267 859 pos-

212 859 341 906 τοίνυν,
371 859 472 902 αὐτὸς
511 858 551 896 ἂν
577 858 728 909 καθαρὸς
757 857 936 909 διαμείνῃς
963 856 1022 895 καὶ
1054 856 1235 908 ἀκέραιος,
1259 863 1285 897 E
1307 862 1378 900 sint
1395 863 1442 900 ab
1462 863 1643 915 impietate
1661 879 1829 903 revocare
1844 894 1854 914 ‚
1874 874 1991 902 tamen
2007 866 2066 903 vel
2085 866 2131 904 ob
2149 867 2268 918 pigri-

214 926 261 976 μὴ
282 926 478 976 πλεονάσῃς
495 925 531 963 δέ
550 939 614 963 σου
632 926 671 964 τὸ
687 925 874 972 τάλαντον,
897 923 984 974 μηδὲ
1000 923 1115 976 ἕτερον
1136 924 1238 961 ἀδελ-

211 994 272 1043 φὸν
296 993 536 1043 ἀπολλύμενον
558 993 784 1044 ἐπαναγάγῃς
804 994 851 1035 εἰς
869 990 1067 1043 σωτηρίαν,
1086 991 1130 1030 τὰ
1148 991 1237 1030 αὐτὰ

211 1060 332 1112 ἐκείνῳ
359 1060 477 1112 πείσῃ.
505 1060 552 1098 Τί
574 1059 665 1111 μέγα
692 1061 778 1097 αἰτῶ
798 1060 881 1111 παρ’
902 1061 1019 1109 ὑμῶν,
1041 1058 1236 1110 ἀγαπητοί;

210 1125 388 1171 Ἕκαστος
408 1130 504 1177 ὑμῶν
527 1127 585 1164 ἕνα
616 1142 675 1176 μοι
710 1127 780 1163 τῶν
818 1127 974 1178 ἀδελφῶν
995 1126 1234 1174 ἀνασωσάτω,

211 1194 522 1247 περιεργασάσθω,
562 1193 961 1247 πολυπραγμονησάτω,
995 1193 1052 1231 ἵνα
1092 1196 1140 1236 εἰς
1172 1193 1234 1242 τὴν

212 1261 376 1299 ἐπιοῦσαν
396 1260 534 1305 σύναξιν
566 1260 654 1311 μετὰ
682 1263 816 1306 πολλῆς
842 1259 1041 1312 παρρησίας
1074 1260 1235 1307 ἀπαντή-

214 1343 352 1378 σωμεν,
386 1329 480 1379 δῶρα
511 1331 560 1381 τῷ
597 1330 679 1380 Θεῷ
715 1328 936 1378 κομίζοντες,
968 1329 1063 1380 δῶρα
1094 1328 1234 1366 πάντων

212 1395 424 1448 τιμιώτερα,
444 1396 506 1439 τὰς
538 1396 656 1448 ψυχὰς
674 1398 742 1434 τῶν
762 1396 1039 1446 πεπλανημένιι)ν
1055 1398 1235 1445 ἐπαναγα-

1249 1446 1298 1474 627

1308 921 1413 971 tiam,
1430 923 1490 961 vel
1505 924 1552 961 ob
1567 924 1795 963 timiditatem
1810 925 1850 963 id
1865 926 1980 963 facere
1996 926 2141 974 nolunt,
2157 927 2265 965 simili

1308 996 1390 1020 cum
1419 983 1492 1021 illis
1523 997 1624 1036 poena
1647 985 1861 1038 plectuntur.
1884 986 2072 1036 Siquidem
2091 987 2264 1025 talentum

2287 1010 2396 1038 nauh.
2422 1009 2469 1040 18.

1308 1041 1399 1079 illud
1420 1041 1519 1092 quod
1546 1053 1728 1096 acceperat
1757 1057 1797 1081 ac
1826 1043 2010 1081 defoderat
2039 1058 2165 1083 servus
2186 1045 2261 1092 ille,
2283 1051 2332 1092 21.
2359 1064 2424 1091 sqq.

1305 1101 1465 1140 reddidit
1483 1104 1683 1155 integrum3
1705 1113 1860 1142 attamen
1877 1099 1940 1142 dat
1956 1118 2093 1157 poenas,
2112 1119 2152 1143 eo
2168 1105 2266 1157 quod

1308 1175 1377 1200 non
1398 1172 1545 1201 auxerat
1566 1164 1707 1201 lucrum
1721 1179 1729 1200 :
1744 1164 1791 1201 ita
1812 1173 1849 1202 tu
1873 1164 2017 1215 quidem
2034 1165 2173 1202 etiamsi
2191 1166 2268 1218 ipse

1307 1238 1419 1276 purus
1438 1233 1471 1262 et
1490 1225 1657 1263 innocens
1675 1239 1879 1278 perseveres
1891 1257 1900 1274 ,
1918 1226 1948 1264 si
1970 1240 2038 1264 non
2060 1240 2189 1278 augeas
2211 1237 2269 1265 ta-

1305 1284 1442 1323 lentum
1455 1315 1464 1333 ,
1483 1299 1546 1324 nec
1567 1287 1710 1324 fratrem
1729 1295 1935 1338 pereuntem
1953 1301 2092 1325 revoces
2112 1287 2157 1325 ad
2175 1288 2270 1326 salu·

1305 1352 1388 1393 tem,
1400 1345 1520 1383 eadem
1532 1361 1610 1397 quae
1623 1346 1682 1384 ille
1693 1347 1849 1399 patieris.
1863 1347 1961 1396 Quid
1974 1348 2091 1399 magni
2104 1349 2269 1400 postulo?

1307 1408 1566 1459 Unusquisque
1584 1418 1742 1447 vestrum
1774 1423 1886 1446 unum
1917 1408 2006 1446 mihi
2026 1424 2072 1447 ex
2101 1410 2272 1448 fratribus

214 1464 352 1516 γόντες·
381 1464 444 1501 κᾶν
465 1464 671 1517 &pico-“mat
703 1464 791 1516 δέῃ,
824 1463 889 1502 κᾶν
926 1464 1064 1514 πληγὰς
1094 1464 1233 1512 λαὸεῖν,
1260 1488 1285 1516 Α
1307 1468 1352 1505 ad
1382 1469 1532 1506 salutem
1562 1479 1720 1517 revocet5
1742 1469 1801 1506 hic
1820 1470 2016 1516 sollicitus,
2044 1470 2103 1508 hic
2122 1470 2272 1522 quisque

213 1531 277 1569 κᾶν
300 1534 411 1570 ὁτιοῦν
441 1531 557 1583 ἕτερον
573 1534 771 1582 ὑπομεῖναι,
785 1531 901 1569 πάντα
919 1531 1135 1582 ποιήσωμεν,
1146 1531 1237 1570 ὥστε

216 1598 338 1642 αὐτοὺς
361 1599 640 1645 ἀνακτήσασθαι.
659 1598 728 1637 Καὶ
747 1598 814 1651 γὰρ
838 1599 1071 1642 λακτιζόντων
1087 1602 1156 1637 τῶν
1178 1616 1236 1638 νο-

213 1666 366 1705 σούντων
380 1666 440 1705 καὶ
457 1666 666 1719 ὓὸριζόντων
684 1665 742 1703 καὶ
759 1665 1005 1716 λοιδορούντων
1021 1666 1235 1718 ἀνεχόμεθα,

212 1735 250 1772 οὐ
288 1733 486 1784 δακνόμεθα
518 1739 596 1776 ταῖς
626 1733 885 1786 ὕὸρεσιν,ἀλλ’
906 1733 941 1771 ἓν
977 1734 1080 1784 μόνον
1113 1736 1238 1773 ἐπιθυ·

213 1803 346 1852 μοῦμεν
380 1801 489 1849 ἰδεῖν,
520 1804 580 1839 τοῦ
616 1800 661 1839 τὰ
688 1804 833 1839 τοιαῦτα
866 1802 1150 1852 ἀσχημονοῦντος
1174 1802 1238 1851 τὴν

213 1865 357 1917 ὑγίειαν.
396 1867 466 1904 Καὶ
499 1869 617 1921 ἰατροῦ
651 1867 820 1911 πολλάκις
851 1869 982 1914 ε’σθῆτα
1014 1868 1186 1921 διέρρηξεν
1221 1873 1238 1908 ὃ

215 1933 358 1984 κάμνων
385 1949 393 1957 ·
419 1936 496 1973 ἀλλ’
530 1935 567 1973 οὗ
601 1934 658 1974 διὰ
699 1939 801 1973 τοῦτο
839 1936 975 1984 ἀπέστη
1007 1938 1136 1980 ἐκεῖνος
1176 1940 1239 1985 τῆς

214 2002 411 2055 θεραπείας.
436 2004 519 2047 Πῶς
538 1997 594 2043 οῦν
616 2005 677 2042 οὐκ
707 2004 857 2050 ἄτοπον,
890 2002 968 2048 τοὺς
989 2004 1052 2055 μὲν
1073 2008 1141 2044 τῶν
1163 2021 1237 2044 σω-

215 2070 335 2120 μάτων
379 2076 607 2122 προνοοῦντας
638 2071 810 2119 τοσαύτην
841 2076 1015 2111 ποιεῖσθαι
1051 2073 1114 2120 τὴν
1154 2076 1237 2112 ἐπι-

215 2134 375 2184 μέλειαν,
407 2137 527 2188 ψυχῶν
560 2136 595 2176 δὲ
625 2137 797 2175 τοσούτων
828 2138 1101 2188 ἀπολλυμένων,
1134 2142 1237 2192 ῥᾳθυ·

214 2206 292 2250 μεῖν
307 2232 317 2250 ,
331 2201 390 2240 καὶ
408 2203 515 2252 μηδὲν
532 2206 692 2253 ἡγεῖσθαι
711 2202 861 2255 πάσχειν
886 2204 1011 2251 δεινὸν,
1032 2206 1100 2242 ’τῶν
1122 2206 1236 2255 μελῶν

213 2270 313 2318 ἡμῶν
335 2268 564 2319 σηπομένων;
586 2269 677 2307 Ἀλλ’
697 2272 761 2321 οὐχ
781 2273 799 2307 ὃ
822 2271 964 2314 Παῦλος
995 2270 1119 2315 οὕτως·
1147 2272 1237 2309 ἀλλὰ

213 2338 309 2382 πῶς,
338 2335 426 2381 Τίς,
455 2336 578 2388 φησὶν,
611 2338 774 2385 ἀσθενεῖ,
808 2337 868 2375 καὶ
897 2340 958 2376 οὐκ
996 2340 1152 2386 ἀσθενῶ;
1185 2340 1237 2383 τίς

214 2401 503 2450 σκανδαλίζεται,
529 2402 588 2440 καὶ
619 2405 680 2441 οὐκ
707 2403 775 2455 ἐγὼ
805 2408 1004 2456 πυροῦμαι;
1029 2408 1145 2444 Τοῦτο
1176 2407 1236 2445 καὶ

214 2468 255 2507 σὺ
288 2468 382 2513 δέξαι
412 2469 452 2508 τὸ
482 2473 553 2522 πῦρ
571 2484 578 2492 ·
607 2471 671 2508 κᾶν
692 2470 765 2522 ἴδῃς
794 2472 940 2524 ἀδελφὸν
975 2473 1234 2524 ἀπολλύμενον,

214 2536 278 2574 κᾶν
293 2538 456 2589 λοιδορῇ,
486 2537 550 2576 κᾶν
585 2537 733 2590 ὑδρίζῃ,
754 2539 819 2577 κᾶν
853 2539 988 2592 τύπτῃ,
1016 2541 1079 2579 κᾶν
1106 2543 1236 2593 ἀπειλῇ

213 2605 335 2657 ἐχθρὸς
359 2605 542 2655 γενέσθαι,
573 2605 636 2643 κᾶν
663 2609 777 2644 ὁτιοῦν
803 2606 917 2659 ἕτερον
948 2609 1237 2657 ἐπανατείνηται,

213 2672 330 2710 πάντα
376 2671 457 2724 φέρε
489 2672 676 2723 γενναίως,
712 2673 806 2717 ὅπως
842 2677 945 2713 αὐτοῦ
978 2676 1147 2729 κερδάνῃς
1173 2678 1237 2724 τὴν

215 2740 402 2791 σωτηρίαν.
425 2739 512 2778 Ἐὰν
544 2733 641 2784 οὗτος
656 2740 776 2794 ἐχθρός
807 2756 867 2779 σου
897 2741 1066 2794 γένηται,
1098 2747 1116 2782 ὃ
1148 2745 1238 2789 Θεὸς

213 2807 312 2844 ἔσται
327 2811 341 2826 ¹¹
358 2821 418 2845 σου
437 2806 552 2858 φίλος,
570 2806 628 2844 καὶ
650 2807 814 2858 μεγάλοις
835 2824 872 2846 σε
897 2809 988 2847 κατὰ
1009 2809 1072 2856 τὴν
1100 2811 1235 2862 ἡμέραν

212 2872 346 2920 ἐκείνην
379 2873 567 2924 ἀμείψεται
594 2880 666 2918 τοῖς
697 2878 850 2923 ἀγαθοῖς.
880 2877 1020 2916 Γένοιτο
1045 2878 1080 2916 δὲ
1117 2881 1235 2931 εὐχαῖς

213 2944 282 2980 τῶν
298 2942 405 2994 ἁγίων
428 2943 509 2987 τούς
526 2959 563 2982 τε
581 2945 869 2996 πεπλανημένους
894 2950 1130 2994 ἀνασιι)θῆναι,
1145 2951 1235 2998 ὑμᾶς

211 3027 247 3050 τε
265 3014 325 3058 τῆς
354 3012 463 3064 ἄγρας
482 3014 748 3066 περιγενέσθαι,
769 3017 894 3058 αὐτούς
914 3033 949 3054 τε
979 3017 1057 3060 τοὺς
1078 3020 1236 3070 βλασφη·

213 3097 296 3132 μους
314 3081 464 3126 ἐκείνους
483 3085 544 3130 τῆς
564 3084 724 3127 ἀσεῧείας
744 3087 1029 3137 ἀπαλλαγέντας,
1046 3090 1235 3139 ἐπιγνῶναι

212 3152 268 3189 τὸν
299 3152 386 3205 ὑπὲρ
405 3155 519 3192 αὐτῶν
550 3156 794 3208 σταυρωθέντα
828 3157 996 3208 Χριστὸν,
1025 3158 1079 3196 ἵνα
1109 3159 1235 3203 πάντες

215 3222 433 3271 ὁμοθυμαδὸν
471 3224 505 3260 ἐν
532 3224 580 3262 ἑνὶ
603 3224 751 3276 στόματι
773 3225 968 3276 δοξάζι-ιμεν
990 3228 1046 3264 τὸν
1067 3230 1156 3267 Θεὸν
1178 3232 1235 3269 καὶ

219 3289 361 3341 Πατέρα
378 3295 436 3329 τοῦ
458 3292 584 3343 Κυρίου
611 3298 710 3344 ἡμῶν
727 3297 844 3341 Ἰησοῦ
870 3298 1036 3347 Χριστοῦ,
1064 3294 1126 3349 ι’ἷιή
1158 3302 1234 3344 δόξα

266 3430 324 3461 Alii
337 3436 379 3472 suh
400 3437 543 3470 ποιοῦντες
556 3437 595 3465 ὗε.

1311 1529 1470 1568 curiosus
1489 1539 1581 1577 esto,
1601 1545 1672 1581 quo
1693 1531 1865 1568 nimirum
1891 1532 1927 1568 in
1951 1531 2102 1569 crastina
2124 1532 2270 1570 collecta

1307 1591 1420 1628 multa
1443 1604 1525 1628 cum
1556 1589 1689 1629 fiducia
1719 1605 1989 1644 compareamus
2017 1592 2165 1631 donaria
2195 1595 2270 1632 Deo

1305 1646 1466 1696 ferentes,
1478 1651 1638 1700 donaria,
1652 1652 1811 1703 inquam,
1824 1652 1982 1690 omnium
1997 1653 2269 1705 pretiosissima,

1309 1712 1337 1749 si
1359 1713 1494 1751 animas
1515 1714 1711 1751 errantium
1729 1713 2003 1763 reduxerimus;
2025 1715 2162 1752 etiamsi
2183 1729 2271 1754 con-

1309 1774 1455 1812 tumelia
1473 1775 1580 1812 fuerit
1599 1774 1742 1813 ferenda
1757 1804 1766 1821 ‚
1791 1775 1820 1812 si
1842 1775 2024 1813 toleranda
2045 1776 2191 1814 vei-bera
2206 1806 2215 1824 ‚
2237 1777 2267 1814 si

1310 1835 1455 1885 quidvis
1485 1835 1584 1874 aliud
1615 1836 1878 1885 sufferendum,
1900 1837 2018 1875 omnia
2039 1838 2211 1877 faciamus
2232 1848 2269 1877 ut

1309 1896 1390 1934 illos
1424 1911 1687 1950 recuperemus.
1729 1897 2003 1949 Qandoquidem
2042 1909 2076 1937 et
2116 1909 2268 1951 :egrotos

1309 1957 1468 1996 calcibus
1483 1959 1645 1997 ferientes
1659 1988 1669 2007 ‚
1687 1960 1910 1997 contumeliis
1926 1970 1958 1999 et
1972 1960 2142 1998 conviciis
2158 1961 2271 1999 inces-

1308 2028 1421 2058 sentes
1443 2020 1603 2069 serimus,
1625 2034 1688 2058 nec
1707 2021 1922 2059 offendimur
1942 2022 2186 2060 contumeliis:
2201 2037 2269 2062 ve-

1306 2093 1387 2118 rum
1404 2081 1494 2119 nihil
1510 2081 1611 2120 aliud
1624 2080 1748 2120 videre
1763 2083 1943 2135 cupimus,
1961 2098 2068 2135 quam
2082 2084 2268 2122 sanitatem

1307 2140 1464 2180 hominis
1478 2157 1541 2194 per
1558 2143 1722 2182 morbum
1742 2144 1907 2183 indecora
1923 2145 2098 2186 facientis.
2120 2146 2217 2194 Quin
2235 2156 2268 2184 et

1308 2201 1439 2240 medici
1461 2212 1595 2241 vestem
1615 2218 1708 2256 saepe
1737 2205 1904 2244 laceravit
1924 2216 2115 2257 aegrotans‚
2135 2216 2170 2244 at
2196 2221 2265 2246 non

1306 2263 1388 2302 ideo
1417 2279 1436 2302 a
1457 2279 1541 2303 cura
1566 2265 1702 2303 destitit
1730 2266 1801 2305 ille.
1836 2268 1910 2315 Qui
1938 2268 1977 2306 fit
1998 2268 2122 2319 igitur,
2146 2271 2266 2320 utqui

1264 2353 1286 2382 B
1307 2326 1517 2377 corporibus
1538 2327 1751 2373 consulunt,
1773 2337 1867 2365 tanta
1889 2338 2032 2366 utantur
2053 2330 2240 2381 diligentia
2254 2362 2263 2376 ,

1307 2400 1369 2424 nos
1387 2396 1436 2425 tot
1452 2388 1638 2425 animabus
1658 2389 1886 2440 pereuntibus
1907 2404 2094 2435 cessemus,
2118 2393 2266 2444 perinde

1305 2449 1406 2499 quasi
1436 2449 1681 2486 existimemus
1710 2450 1800 2486 nihil
1832 2450 1991 2488 accidere
2021 2466 2150 2502 grave.
2185 2468 2267 2492 cuin

1308 2510 1470 2547 membra
1492 2519 1608 2548 nostra
1630 2510 1863 2562 putrescunt?
1884 2515 1928 2549 At
1950 2526 2018 2549 nou
2042 2513 2089 2551 ita
2107 2514 2261 2552 Paulus:

1307 2570 1367 2608 sed
1385 2570 1590 2620 quomodo?
1613 2574 1718 2622 Quis,
1735 2572 1863 2622 inquit,
1880 2571 2118 2625 infirmatur,
2139 2584 2173 2612 ee
2193 2590 2266 2613 non

1307 2635 1512 2687 infirmor?
1531 2640 1615 2688 quis
1647 2636 1877 2690 offenditur,
1901 2648 1938 2676 et
1959 2653 2023 2690 ego
2045 2655 2120 2677 non
2143 2646 2265 2679 uror?

1308 2699 1410 2737 llunc
1427 2701 1544 2752 iguem
1559 2710 1596 2738 tu
1615 2716 1756 2753 quoquc
1772 2704 1928 2754 concipe.
1945 2714 1977 2741 ct
1993 2705 2020 2741 si
2039 2707 2266 2757 conspexeris

1306 2765 1449 2804 fratrem
1459 2769 1848 2819 pereuntem,quamvis
1858 2770 2266 2822 convicit-tur,quau1vis

1306 2834 1557 2872 coutumeliam
1574 2836 1712 2881 insci-at,
1729 2837 1894 2886 quamvis
1909 2837 2081 2883 verberet,
2097 2841 2262 2889 quamvis

1307 2902 1491 2940 minitetur
1512 2917 1548 2940 se
1577 2904 1737 2941 futurum
1767 2904 1923 2947 luisti-ui.
1945 2915 2007 2942 aut
2036 2906 2136 2944 uliud
2163 2908 2265 2958 quid·

1306 2969 1390 3007 libet
1406 2970 1562 3015 intentet,
1578 2971 1630 3008 ttu-
1644 2972 1760 3008 munia
1779 2973 1932 3023 perferas
1947 2974 2093 3016 sortiter.
2111 2984 2148 3012 ut
2165 2976 2264 3014 iltius

1306 3035 1508 3072 lucrifacias
1539 3036 1700 3074 salutem.
1726 3037 1762 3073 Si
1789 3037 1849 3073 illc
1870 3038 1928 3074 liat
1953 3038 2141 3084 inimicus.
2165 3042 2260 3079 Deus

1308 3102 1371 3139 tihi
1392 3102 1457 3139 erit
1477 3102 1633 3143 :uuit-us:
1657 3103 1864 3152 magnisque
1884 3103 1918 3140 iu
1949 3104 2007 3142 dic
2029 3106 2090 3142 illo
2111 3107 2212 3145 bonis
2233 3118 2264 3146 te

1261 3185 1284 3212 (ζ
1308 3170 1607 3208 remuiterabitur.
1635 3170 1781 3208 l'tiuauu
1810 3181 1925 3208 auu-ui
1956 3172 1989 3210 id
2017 3175 2155 3212 eveniat
2179 3189 2262 3214 sau-

1309 3247 1445 3275 ctorum
1475 3237 1566 3274 votis
1585 3252 1624 3273 ui·
1647 3237 1824 3288 precibus.
1847 3247 1882 3274 ut
1913 3247 1943 3275 ct
1964 3240 2023 3290 qui
2056 3240 2090 3278 iu
2109 3255 2263 3281 ιϊιιηϊιιι

1311 3304 1454 3341 :iluluvti
1479 3313 1581 3346 suut.
1612 3313 1862 3355 scrupea-utut·
1882 3305 1926 3344 ad
1949 3306 2119 3349 xiluteui.
2144 3319 2174 3346 rt
2203 3324 2264 3347 vos

1319 3458 1329 3466 '¹
1358 3445 1412 3475 Ali·
1435 3462 1488 3476 ου.

2285 2582 2315 2602 2.
2332 2573 2403 2600 Cor.
2424 2581 2470 2601 ιι.

2288 2624 2336 2653 ²9-
