2549 3825
926 280 981 308 DE
1019 279 1198 309 LAZMtO
1234 278 1398 308 CONcio
1436 279 1467 308 1.

172 365 395 417 τραπεζίτας,
414 366 521 402 εἰπεῖν
550 363 609 402 καὶ
638 363 905 413 συμὸουλεῦσαι.
939 361 1027 400 Εἰπὲ
1059 361 1194 410 τοίνυν,

173 425 232 463 καὶ
252 427 461 477 παραίνεσον
480 428 529 477 τῷ
543 426 693 476 ἀδελφῷ.
717 424 807 462 Ἀλλ’
827 426 889 462 οὐκ
909 423 1074 472 ἤκουσεν,
1091 423 1194 462 Ἀλλὰ

174 486 214 525 σὺ
234 487 290 525 τὸν
308 487 429 537 μισθὸν
449 485 540 538 ἔχεις
559 485 819 537 ἀπηρτισμένον
831 515 839 531 ,
855 485 957 536 μόνον
975 485 1014 522 ἂν
1029 485 1081 524 ἀεὶ
1093 490 1194 524 τοῦτο

173 549 294 599 ποιῇς,
316 547 357 585 ἂν
375 547 548 598 μηδέποτε
569 548 745 598 ἀποστῇς,
768 545 833 590 ἕως
848 547 888 584 ἂν
908 547 1051 598 πείσῃς,
1071 546 1135 590 ἕως
1153 546 1192 584 ἂν

172 607 340 659 ἐμπνέῃς.
360 607 478 660 Πέρας
497 607 586 646 ἔστω
604 611 666 654 τῆς
702 607 901 658 συμὸουλῆς
923 611 943 654 ἦ
965 606 1103 654 ὑπακοὴ
1133 611 1194 646 τοῦ

172 670 235 715 τὴν
255 668 460 722 παραίνεσιν
486 669 756 721 ὑποδεχομένου.
772 668 816 707 ‘O
837 668 995 712 διάέολος
1014 669 1105 706 κατὰ
1131 671 1193 715 τῆς

171 730 348 783 σωτηρίας
365 730 418 769 ἀεὶ
437 730 556 784 τρέχει
576 734 638 777 ’.ἧς
656 730 830 783 ἡμετέρας
844 758 854 775 ,
884 729 980 768 οὐδὲν
996 729 1096 772 αὖτὸς
1113 744 1189 780 κερ·

172 791 318 838 δαίνων,
339 791 430 830 ἀλλὰ
459 793 519 830 καὶ
546 792 589 830 τὰ
614 792 763 843 μέγιστα
785 790 1023 842 βλαπτόμενος
1042 790 1112 828 ἀπὸ
1131 792 1193 835 τῆς

172 853 342 899 σπουδῆς·
361 855 438 892 ἀλλ’
461 854 556 904 ὅμως
573 853 746 900 τοσαύτην
772 853 848 904 ἔχει
880 850 1006 902 μανίαν
1020 880 1030 898 ,
1052 852 1099 893 ὡς
1133 850 1192 888 καὶ

171 914 340 958 πολλάκις
371 914 549 958 ἀδυνάτοις
578 916 766 966 ἐπιχειρεῖν
796 912 1000 964 πράγμασι,
1021 911 1081 949 καὶ
1117 913 1189 949 ε’πι-

173 974 292 1013 θέσθαι
313 975 362 1026 μὴ
385 975 486 1025 μόνον
501 974 662 1021 ἐκείνοις,
681 973 736 1016 οὒς
754 973 933 1025 προσδοκᾷ
951 972 1091 1015 πάντως
1107 973 1190 1009 ὓπο-

173 1035 341 1079 σκελίζειν
355 1035 415 1073 καὶ
443 1034 664 1087 περιτρέπειν
677 1063 687 1082 ,
709 1034 798 1072 ἀλλὰ
818 1033 877 1071 καὶ
895 1033 952 1076 οὒς
978 1033 1067 1076 εἰκὸς
1095 1047 1192 1083 περι·

170 1095 310 1133 ἔσεσθαι
340 1097 409 1133 τῶν
445 1095 712 1146 μηχανημάτων
745 1095 860 1132 αὐτοῦ.
891 1096 924 1133 Τ
927 1094 963 1133 ὸν
998 1097 1078 1146 γοῦν
1111 1093 1192 1131 ’1ὼὸ

171 1156 306 1195 ἀκούων
325 1161 339 1178 ³
352 1156 598 1207 ἐπαινούμενον
615 1156 712 1209 παρὰ
729 1160 788 1194 τοῦ
809 1155 853 1194 τὰ
871 1156 1054 1208 ἀπόρρητα
1077 1155 1192 1192 πάντα

171 1217 298 1262 εἰδότος
317 1220 426 1265 Θεοῦ,
447 1216 686 1269 προσεδόκησε
715 1217 923 1263 δυνήσεσθαι
952 1216 1011 1254 καὶ
1031 1215 1191 1268 περιτρέ-

169 1295 246 1318 πειν
260 1296 267 1304 ·
288 1281 348 1318 καὶ
367 1282 428 1318 οὐκ
441 1278 576 1326 ἀπέστη
605 1279 720 1316 πάντα
740 1281 844 1316 κινῶν
861 1279 921 1316 καὶ
940 1277 1193 1330 μηχανώμενος

170 1339 214 1380 ¹³6
234 1341 362 1389 δόλιος,
379 1341 470 1379 ὥστε
492 1340 721 1379 ὑποσκελίσαι
742 1340 800 1378 τὸν
828 1340 1028 1391 ἄνθρωπον·
1051 1338 1111 1376 καὶ
1132 1338 1193 1376 οὐκ

172 1402 410 1454 ἀπεγίνωσκεν
430 1406 447 1441 ὁ
465 1401 588 1453 μιαρὸς
608 1402 667 1439 καὶ
697 1402 928 1452 παμπόνηρος
948 1399 1082 1450 δαίμων
1105 1402 1193 1438 ἐκεῖ·

171 1479 247 1512 νος,
280 1464 394 1503 καίτοι
424 1468 485 1502 τοῦ
516 1465 608 1502 Θεοῦ
645 1462 818 1510 τοσαύτην
851 1465 900 1515 τῷ
933 1462 1057 1514 δικαίῳ
1087 1464 1193 1513 ψηφι-

173 1525 324 1577 σαμένου
359 1526 421 1573 τὴν
451 1525 590 1578 ἀρετήν.
623 1519 713 1564 Εἶτα
741 1527 802 1563 οὐκ
835 1524 1092 1577 αἰσχυνόμεθα,
1115 1524 1192 1563 οὐδὲ

173 1588 419 1640 ἕρυθριάζομεν
433 1617 444 1634 ,
476 1587 554 1625 εἶπέ
574 1602 653 1637 μοι,
674 1589 704 1625 εἷ
718 1617 727 1634 ,
746 1592 807 1625 τοῦ
836 1586 998 1624 διαὸόλου
1018 1585 1194 1636 μηδέποτε

172 1650 471 1698 ἀπογινώσκοντος
489 1650 552 1694 τῆς
572 1649 750 1692 ἀπωλείας
766 1651 866 1699 ἡμῶν
878 1677 888 1694 ,
905 1649 981 1686 ἀλλ’
1013 1646 1066 1685 ἀεὶ
1086 1662 1193 1698 προσ-

171 1711 340 1754 δοκῶντος
369 1709 494 1757 αὐτὴν,
516 1709 611 1748 αὐτοὶ
639 1712 702 1756 τῆς
720 1712 788 1748 τῶν
814 1711 972 1761 ἀδελφῶν
991 1708 1196 1760 ἀπογνωσό-

172 1774 262 1821 μεθα
293 1770 487 1822 σωτηρίας;
526 1770 652 1809 Καίτοι
681 1772 811 1808 ἐκεῖνον
845 1769 906 1820 μὲν
939 1769 999 1808 καὶ
1032 1769 1101 1821 πρὸ
1132 1771 1195 1815 τῆς

171 1831 294 1884 πείρας
313 1833 508 1878 ἀποστῆναι
527 1835 599 1870 τῶν
625 1831 883 1882 παλαισμάτων
904 1830 990 1869 ἔδει·
1017 1830 1107 1875 Θεὸς
1127 1831 1194 1883 γὰρ

171 1887 215 1940 ἦν
233 1896 251 1932 ὁ
270 1895 457 1946 μαρτυρῶν
489 1896 539 1945 τῷ
569 1893 693 1945 δικαίῳ
724 1892 787 1940 τὴν
809 1892 955 1944 ἀρετήν·
987 1894 1066 1931 ἀλλ’
1100 1894 1195 1943 ὅμως

173 1955 235 1992 οὐκ
255 1954 390 2002 ἀπέστη
403 1984 413 2002 ,
435 1954 513 1993 ἀλλ’
533 1954 599 1993 ὑπὸ
615 1956 748 2000 πολλῆς
778 1954 905 2005 μανίας
919 1956 981 2000 τῆς
998 1957 1076 1992 καθ’
1093 1956 1193 2004 ἡμῶν

172 2015 233 2054 καὶ
263 2015 352 2067 μετὰ
370 2016 434 2063 τὴν
465 2019 524 2055 τοῦ
551 2018 644 2055 Θεοῦ
665 2015 858 2068 μαρτυρίαν
878 2016 1008 2063 ἤλπισε
1037 2016 1194 2068 περιέσε·

173 2081 295 2116 σεσθαι
323 2081 384 2116 τοῦ
416 2078 574 2129 γενναίου
611 2077 689 2116 τότε
720 2077 862 2116 ἐκείνου.
882 2076 1000 2127 Ἡμᾶς
1033 2076 1068 2116 δὲ
1097 2077 1192 2116 οὐδέν

172 2141 247 2177 ἐστι
277 2144 430 2178 τοιοῦτον
458 2140 498 2178 τὸ
532 2143 652 2178 ποιοῦν
683 2140 731 2182 εἷς
754 2138 951 2190 ἀπόγνωσιν
985 2138 1194 2188 ἐμπίπτειν,

172 2199 233 2237 καὶ
261 2199 356 2251 ὅμως
383 2200 620 2252 ἀφιστάμεθα.
641 2199 712 2238 Καὶ
731 2202 748 2237 ὁ
781 2199 843 2250 μὲν
864 2200 1046 2246 διάὸολος,
1080 2199 1195 2238 καίτοι

172 2264 231 2298 τοῦ
252 2262 344 2300 Θεοῦ
369 2260 583 2308 κωλύοντος,
613 2262 674 2298 οὐκ
707 2262 883 2312 ἀναχωρεῖ
910 2262 972 2306 τ’ἦς
996 2262 1072 2298 καθ’
1094 2263 1195 2310 ἡμῶν

174 2321 310 2374 μάχης·
332 2321 373 2360 σὺ
395 2321 454 2370 δὲ,
488 2325 548 2359 τοῦ
577 2324 669 2360 Θεοῦ
695 2321 949 2373 προτρέποντός
983 2337 1021 2359 σε
1042 2321 1101 2359 καὶ
1130 2323 1195 2360 διε·

173 2383 346 2434 γείροντος
364 2385 411 2426 εἷς
442 2382 505 2430 τὴν
527 2382 711 2434 ἀντίληψιν
730 2384 800 2420 τῶν
829 2382 1088 2430 πεπτωκότων,
1111 2386 1196 2421 ἀπο·

172 2444 309 2496 πηδᾷς,
343 2443 519 2482 ἼΙκουσεν
557 2447 574 2482 ὁ
608 2444 767 2487 διάὸολος
797 2448 857 2481 τοῦ
891 2445 983 2482 Θεοῦ
1015 2443 1173 2495 λέγοντος
1186 2459 1193 2466 ·

173 2505 371 2557 Ἄνθρωπος
398 2506 550 2552 δίκαιος,
582 2506 763 2553 ἀληθινὸς,
795 2504 977 2553 θεοσεὸἢς,
1019 2505 1196 2557 ἀπεχόμε-

173 2582 228 2610 νος
261 2566 330 2604 ἀπὸ
349 2567 479 2610 παντὸς
510 2571 662 2619 πονηροῦ
680 2567 906 2619 πράγματος,
935 2567 994 2604 καὶ
1013 2569 1067 2604 ὅτι
1086 2568 1195 2610 οὐδείς

173 2630 248 2666 ἐστι
267 2631 418 2670 τοιοῦτος
438 2630 506 2665 τῶν
540 2627 596 2665 ἐπὶ
623 2629 685 2673 τῆς
715 2630 798 2678 γῆς·
823 2628 883 2666 καὶ
914 2627 1002 2677 μετὰ
1024 2628 1196 2672 τοσαύτας

172 2687 232 2726 καὶ
253 2687 414 2730 τοιαύτας
432 2688 564 2740 ψήφους
584 2687 755 2737 ἐνέμεινεν
785 2687 878 2738 ὅμως
907 2688 1035 2740 λέγων·
1059 2689 1194 2738 μήποτε

171 2751 216 2800 τῇ
235 2749 396 2801 συνεχείᾳ
419 2749 478 2788 καὶ
503 2751 552 2800 τῷ
579 2750 715 2800 μεγέθει
746 2753 814 2787 τῶν
845 2750 1069 2802 ἐπαγομένων
1102 2753 1194 2802 αὐτῷ

175 2811 292 2848 κακῶν
319 2810 452 2857 δυνηθῶ
482 2812 585 2849 αὐτοῦ
617 2810 873 2863 περιγίνεσθαι,
907 2811 965 2848 καὶ
999 2810 1056 2848 τὸν
1087 2810 1194 2862 μέγαν
1223 2816 1245 2846 E

173 2875 292 2909 τοῦτον
314 2873 469 2910 καθελεῖν
488 2871 637 2925 πύργον;

225 3425 234 3435 ·=
270 3412 322 3443 Ut·
344 3422 413 3452 pust
433 3418 588 3455 ιηιηοῖμι
611 3430 639 3445 η,
658 3414 783 3446 ‚ul-lunt
833 3436 849 3444 μ
874 3424 914 3439 *iv
934 3435 945 3441 ,s
964 3424 985 3439 ,·
1017 3432 1047 3445 w
1072 3433 1082 3440 Ἰ»

2129 264 2213 324 δζι

1269 361 1433 399 uentibus
1463 360 1516 398 illi
1546 374 1616 398 non
1646 360 1902 405 auscultat-int,
1929 359 1973 398 ad
2003 360 2098 412 ipsos
2128 361 2221 398 solos

1268 422 1401 460 redibit
1427 422 1542 460 omnis
1560 422 1669 469 ultio,
1690 422 1794 460 nobis
1811 431 1928 460 autem
1947 420 2038 459 nihil
2058 421 2218 473 imputa-

1265 483 1376 530 bitur,
1398 483 1484 534 quin
1501 483 1618 534 potius
1638 483 1779 535 copiosa
1796 497 1928 521 merces
1945 482 2047 520 nobis
2064 482 2180 521 veniet
2200 498 2219 521 a

1266 544 1357 590 Deo,
1380 544 1558 595 siquidem
1586 543 1765 595 quidquid
1795 544 1833 582 in
1861 544 1964 582 nobis
1989 552 2063 582 erat
2091 544 2216 594 situm,

1266 605 1508 656 praestitimus,
1532 605 1634 644 Nihil
1663 605 1762 643 aliud
1785 605 1970 657 jubemur,
1995 619 2102 656 quam
2120 605 2218 658 apud

1266 666 1458 704 mensarios
1475 666 1653 719 deponere
1679 668 1869 719 pecuniam
1885 698 1894 713 ,
1914 667 2013 718 loqui
2033 676 2065 705 et
2087 682 2219 706 consu-

1266 726 1350 767 lere,
1370 727 1530 778 Loquere
1548 728 1659 778 igitur
1678 737 1711 765 et
1729 727 1880 766 admone
1899 728 2060 769 fratrem.
2082 730 2219 767 Verum

1265 801 1333 825 non
1363 788 1519 828 audivit.
1550 790 1608 826 Tu
1637 789 1750 826 nihilo
1781 789 1895 827 secius
1923 788 2032 826 habes
2060 799 2219 841 paratam

1265 848 1476 897 mercedem,
1493 849 1521 886 si
1543 862 1610 887 non
1631 848 1821 896 destiteris,
1840 849 2049 901 priusquam
2069 864 2218 901 persua-

1265 909 1361 954 deas,
1384 908 1496 947 donec
1515 909 1686 961 spiritum
1716 910 1905 947 efflaveris.
1929 910 2122 949 Terminus
2141 925 2218 948 mo-

1265 969 1371 1007 nendi
1393 970 1437 1007 sit
1454 969 1656 1008 obedientia
1675 970 1905 1008 monitionem
1925 979 2023 1007 tuam
2043 971 2222 1023 recipien-

1266 1029 1324 1067 tis.
1365 1030 1541 1069 Diabolus
1579 1031 1837 1069 circumcursat
1872 1030 2041 1068 obsistere
2075 1032 2222 1084 cupiens

1265 1099 1394 1129 nostrae
1423 1092 1545 1138 saluti,
1569 1106 1637 1130 non
1661 1091 1776 1129 solum
1803 1091 1878 1143 ipse
1902 1090 1995 1128 nibil
2022 1091 2105 1130 hinc
2130 1092 2222 1131 lucri

1266 1161 1449 1203 reportans
1464 1183 1474 1200 ,
1499 1167 1626 1190 verum
1654 1152 1762 1190 etiam
1783 1166 1847 1189 suo
1870 1151 1991 1190 studio
2011 1153 2221 1204 gravissima

1266 1212 1476 1254 detrimenta
1498 1214 1568 1252 sibi
1585 1214 1793 1252 concilians.
1812 1215 1847 1251 Is
1867 1222 1984 1251 tamen
2004 1227 2115 1265 usque
2133 1214 2221 1254 adeo

1266 1288 1416 1312 vesanus
1433 1284 1500 1322 est,
1515 1284 1554 1312 ut
1569 1275 1770 1325 frequenter
1784 1283 1817 1312 et
1832 1273 1893 1311 illa
1909 1282 2029 1323 tentet,
2045 1289 2124 1326 quae
2141 1276 2221 1314 sieri

1267 1350 1336 1373 non
1368 1345 1516 1388 possunt
1540 1352 1551 1386 3
1578 1350 1639 1374 nee
1671 1336 1751 1374 illos
1773 1335 1889 1373 solum
1917 1335 2114 1386 adoriatur,
2135 1351 2223 1388 quos

1267 1397 1411 1435 omnino
1431 1397 1582 1436 confidit
1600 1411 1635 1435 se
1653 1397 1967 1449 supplantaturum
1983 1396 2225 1449 dejecturum-

1266 1472 1347 1508 que,
1364 1472 1488 1495 verum
1505 1458 1612 1495 etiam
1626 1472 1699 1507 eos,
1714 1471 1802 1508 quos
1817 1457 2005 1510 probabile
2019 1467 2070 1495 est
2085 1457 2223 1496 artibus

1267 1519 1379 1571 ipsius
1398 1520 1472 1557 fore
1491 1519 1707 1572 superiores.
1731 1519 1854 1569 Itaque
1873 1533 1962 1557 cum
1977 1517 2118 1556 audiret
2143 1519 2223 1557 lau-

1266 1582 1346 1619 dari
1359 1581 1428 1622 Job
1441 1582 1486 1619 ab
1497 1596 1551 1631 eo,
1566 1581 1628 1632 qui
1641 1582 1742 1619 novit
1758 1595 1885 1619 arcana
1898 1581 2033 1629 omnia,
2049 1581 2224 1619 nimirum

1268 1643 1364 1691 Deo,
1388 1643 1555 1694 sperabat
1586 1643 1660 1680 fore
1685 1651 1725 1679 ut
1745 1655 1827 1680 eum
1846 1642 2053 1680 subvertere
2077 1652 2193 1694 posset
2214 1659 2221 1678 ε

1269 1717 1333 1741 nec
1351 1703 1487 1742 destitit
1506 1704 1625 1741 omnia
1644 1716 1788 1741 movere
1806 1703 2018 1754 molirique,
2039 1716 2111 1753 quo
2131 1717 2221 1755 sup-

1268 1764 1444 1816 plantaret
1462 1764 1657 1810 hominem,
1677 1777 1740 1801 nec
1758 1763 1963 1816 desperavit
1982 1764 2147 1816 impurus
2165 1764 2225 1802 ille

1267 1839 1307 1863 ac
1321 1826 1613 1864 sceleratissimus
1626 1825 1789 1871 daemon3
1806 1825 1912 1876 idque
1927 1839 2008 1863 cum
2022 1825 2223 1877 Deusjusto

1269 1886 1321 1924 illi
1340 1896 1479 1925 tantum
1509 1887 1655 1926 virtutis
1673 1900 1737 1925 suo
1759 1886 1931 1938 suffragio
1960 1886 2155 1924 tribuisset.
2180 1887 2227 1926 Et

1266 1957 1344 2000 post
1363 1950 1438 1987 haec
1453 1963 1521 1987 non
1539 1948 1799 1992 erubescimus,
1811 1961 1924 1998 neque
1938 1946 2074 2000 pudore
2088 1948 2226 1985 suffun-

1267 2009 1402 2056 dimur,
1426 2010 1484 2048 dic
1507 2010 1618 2057 mihi,
1639 2008 1692 2057 si,
1715 2022 1796 2047 cum
1832 2007 1999 2046 diabolus
2030 2021 2226 2059 numquam

1267 2069 1428 2123 desperet
1459 2080 1615 2109 nostram
1654 2069 1861 2123 perniciem,
1893 2068 1952 2107 sed
1987 2068 2228 2108 indesinenter

1268 2147 1345 2171 eam
1364 2141 1564 2185 exspectet,
1587 2146 1651 2170 nos
1670 2131 1822 2168 fratrum
1843 2130 1993 2168 salutem
2018 2129 2227 2183 desperabi-

1270 2194 1380 2233 mus?
1396 2195 1443 2232 Et
1457 2202 1575 2231 tamen
1591 2192 1693 2230 illum
1710 2191 1872 2239 decebat,
1891 2191 1997 2229 etiam
2017 2192 2226 2244 priusquam

1269 2264 1438 2307 expertus
1454 2264 1557 2301 esset,
1575 2267 1594 2291 e
1608 2253 1703 2290 lucta
1717 2252 1894 2290 abstinere
1911 2268 1918 2288 :
1940 2266 2021 2290 nam
2038 2253 2137 2290 Deus
2152 2261 2226 2290 erat

1269 2317 1330 2368 qui
1360 2315 1601 2354 testimonium
1629 2313 1763 2352 ferebat
1792 2313 1837 2352 de
1862 2314 1951 2365 justi
1985 2314 2143 2351 virtute:
2165 2328 2227 2351 nec

1270 2387 1385 2416 tamen
1405 2376 1598 2422 abstinuit,
1614 2374 1675 2413 sed
1695 2389 1766 2426 prae
1785 2374 1896 2412 nimio
1913 2374 2047 2423 furore,
2064 2389 2135 2425 quo
2151 2375 2227 2412 ser-

1271 2447 1328 2476 tur
1353 2437 1541 2476 adversum
1563 2450 1646 2484 nos,
1669 2435 1772 2473 etiam
1794 2445 1871 2487 post
1892 2435 1958 2473 Dei
1983 2435 2225 2474 testimonium

1270 2501 1435 2552 sperabat
1449 2500 1622 2543 futurum,
1643 2505 1681 2534 ut
1697 2496 1795 2534 itlius
1811 2496 1922 2534 aetatis
1934 2496 2226 2548 preestantissimo

1270 2562 1348 2601 viro
1375 2561 1537 2614 superior
1561 2558 1736 2597 evaderet.
1755 2559 1927 2595 Caeterum
1954 2556 2044 2594 nihil
2065 2566 2115 2594 est
2140 2557 2225 2601 tale,

1270 2623 1366 2674 quod
1385 2637 1449 2660 uos
1465 2622 1499 2659 in
1519 2618 1799 2672 desperationem
1814 2617 1949 2668 adigat„
1969 2626 2001 2654 et
2022 2626 2138 2655 tamen
2158 2617 2224 2655 de—

1269 2685 1439 2722 sistimus.
1463 2686 1511 2720 Ac
1529 2680 1693 2720 diabolus
1714 2677 1860 2729 quidem
1881 2687 2021 2715 vetante
2043 2679 2133 2723 Deo,
2156 2691 2224 2715 nou

1270 2745 1420 2783 discedit
1451 2758 1469 2781 a
1500 2756 1618 2795 pugna
1656 2740 1846 2778 adversum
1878 2752 1939 2776 uos
1969 2747 2131 2790 suscepta
2156 2753 2162 2774 :
2189 2747 2224 2775 tu

1272 2820 1354 2844 xero
1374 2819 1454 2842 eum
1477 2806 1573 2842 Deus
1601 2800 1743 2840 mandet
1768 2799 2043 2849 exstimuletquc
2062 2798 2106 2836 ad
2131 2799 2221 2836 suh-

1273 2866 1485 2905 veniendum
1514 2864 1644 2916 lapsis,
1671 2862 1786 2900 resilis
1816 2861 2034 2911 refugisque.
2058 2859 2224 2898 Audierat

1272 2928 1437 2966 diabolus
1447 2927 1646 2977 loquentem
1661 2925 1772 2960 Deum
1782 2953 1790 2965 ,
1803 2923 2078 2971 llomujustus,
2088 2934 2223 2962 veras.

1273 2992 1407 3027 timens
1428 2989 1568 3033 Deum,
1583 2986 1782 3022 abstinens
1795 2983 1842 3019 ab
1856 2984 1961 3018 omni
1975 2994 2087 3031 opere
2103 2982 2223 3023 nmio.

1273 3050 1440 3102 quodque
1459 3047 1578 3085 nullus·
1597 3054 1683 3082 esset
1707 3044 1761 3081 illi
1781 3044 1909 3080 similis
1925 3057 1967 3080 ex
1990 3043 2048 3085 iis,
2065 3044 2125 3093 qui
2144 3052 2226 3080 suut

1276 3126 1380 3163 super
1392 3120 1535 3151 terram,
1548 3116 1705 3144 ettamen
1722 3113 1798 3156 pust
1815 3113 1911 3141 tanta
1924 3103 2077 3154 taliaque
2090 3103 2226 3154 judicia

1277 3168 1513 3223 pei·s‹wer.·tvit
1527 3167 1664 3204 ‹lit-ere:
1682 3165 1795 3212 Quid,
1809 3165 1836 3201 si
1853 3164 1994 3215 quaudo
2014 3164 2228 3216 perpetuita-

1278 3243 1309 3269 te
1326 3229 1641 3280 magnitudineque
1665 3226 1839 3263 titulorum
1862 3225 2072 3263 irruentium
2095 3226 2229 3263 valeam

1278 3292 1378 3328 ιΙΙιιιιι
1392 3302 1574 3338 superare,
1584 3296 1615 3323 et
1629 3286 1716 3322 tmui-
1727 3284 1901 3322 ext-elsim
1911 3283 2066 3335 dejicere
2079 3284 2230 3322 turrim?

1300 3416 1311 3433 ¹=
1369 3432 1372 3439 .
1409 3430 1414 3438 ,
1454 3438 1458 3447 ,
1480 3411 1565 3440 mut
1586 3423 1615 3439 'tt
1631 3406 1828 3448 quitum-laun
1849 3408 1921 3438 u»,

2238 606 2347 634 Matth.
2368 607 2423 636 25.

2236 656 2285 685 27.

2241 2932 2309 2960 J.·.¹·.
2334 2939 2357 2959 1.
2378 2931 2408 2962 8.
