2513 3871
116 1172 231 1201 uanh.
254 1179 302 1202 rt.

114 1213 167 1243 ⁸8.

114 1899 229 1930 Maedi.
256 1909 302 1940 ¹9·

119 1950 166 1972 n.

121 2155 148 2176 ι.
179 2146 251 2176 cor.
278 2152 310 2182 7.

117 2188 168 2218 25.

326 214 415 262 126

315 312 469 362 angelis
487 313 600 362 e1'u5‚·
625 307 688 347 sed
708 316 863 353 tantum,
884 307 976 345 Non
1003 307 1095 343 nom·
1117 318 1204 345 vos.
1233 305 1275 345 Si

315 373 397 424 quis
415 385 500 410 vero
517 370 614 408 dicat
634 368 704 407 hoc
722 376 757 406 et
776 366 868 406 illud
890 366 1049 420 idipsum
1068 379 1162 413 esse,
1182 365 1274 405 nihil

753 226 793 256 S.
832 222 1019 256 mammis
1054 221 1297 253 ettttvsos'r.
1337 220 1547 253 anctum».
1583 220 1945 254 consraurtuot’.

1344 305 1405 345 τὸν
1425 308 1600 354 ἀπαιτῶν,
1625 307 1689 346 οὐκ
1711 306 1832 355 ἐπειδὴ
1862 306 2068 359 μονάζοντες
2090 300 2197 355 ἦσαν,
2215 303 2374 359 ἔπασχον

1345 368 1436 421 ἅπερ
1455 368 1632 420 ἔπασχον·
1653 370 1731 406 ἀλλ’
1750 370 1770 407 ὁ
1799 368 1863 419 μὲν
1893 367 1952 406 διὰ
1978 368 2043 415 τὴν
2074 368 2262 421 πορνείαν,
2289 371 2310 407 ὁ
2337 368 2376 407 δὲ

315 431 536 485 repugnabo.
558 431 651 469 Nam
677 428 775 482 quod
795 428 884 467 mibi
900 441 996 466 nunc
1013 427 1199 467 ostendere
1221 428 1276 467 in·
1297 434 1320 465 B
1346 429 1403 469 διὰ
1422 429 1741 481 τὴνμνησικακίαν
1761 430 1959 469 ἀπώλοντο.
1982 429 2053 468 Καὶ
2082 427 2160 472 τοὺς
2188 430 2315 473 ἄλλους
2335 427 2374 468 δὲ

316 493 474 540 cambit,
495 491 590 530 illud
610 500 683 538 est,
705 490 803 543 quod
832 489 1090 528 monachorum
1109 489 1182 528 vita
1203 503 1272 529 non

316 555 481 605 graviora
499 552 654 592 attrabat
669 552 847 606 supplicia
864 567 873 600 ;
894 551 955 589 sed
974 549 1072 602 quod
1088 550 1275 590 saeculares

314 614 439 653 eadem
453 622 594 667 peccata
609 612 835 652 admittentes
852 612 978 651 iisdem
995 611 1067 650 sint
1080 611 1194 664 poenis
1211 612 1277 650 ob-

314 675 429 714 noxii.
463 675 498 713 Is
528 674 623 713 enim
653 674 716 725 qui
748 673 904 720 sordidis
934 672 1094 711 vestibus
1124 673 1276 712 amictus

315 744 412 782 erat,
437 745 471 774 et
498 736 528 774 is
552 736 615 787 qui
639 744 782 773 centum
802 734 966 773 denarios
991 733 1178 787 exigebat,
1205 749 1275 774 non

315 796 414 849 quod
440 796 605 836 monachi
631 806 744 834 essent
763 811 802 834 ca
830 795 923 849 passi
942 804 1049 843 sunt,
1074 810 1155 847 quie
1181 797 1275 849 passi

315 858 519 897 referuntur
530 873 539 902 ;
551 857 612 896 sed
625 857 715 895 alter
722 857 769 895 ob
783 857 1069 903 fornicationem,
1079 856 1169 895 alter
1179 857 1277 908 quod

316 932 386 958 non
406 917 653 964 condonasset,
670 918 864 971 perierunt.
879 917 925 956 Et
935 917 1024 956 alios
1036 931 1179 968 quoque
1191 932 1280 970 sup·

316 979 427 1032 plicio
437 989 520 1018 tunc
532 979 676 1018 affectos
687 979 717 1017 si
728 979 811 1030 quis
822 987 1024 1031 percurrat,
1036 977 1276 1030 deprehendet

318 1054 377 1079 eos
395 1049 541 1093 propter
558 1048 696 1093 peecata
716 1039 835 1078 solum
856 1052 978 1091 poenas
992 1038 1114 1077 luisse.
1131 1038 1171 1076 ld
1191 1053 1276 1077 vero

318 1115 389 1141 non
410 1103 446 1140 in
461 1101 650 1154 suppliciis
665 1109 818 1146 tantum,
836 1099 898 1137 sed
915 1099 950 1137 in
968 1098 1276 1138 admonitionibus

319 1177 461 1215 quoque
478 1162 756 1201 animadvertas.
783 1162 874 1199 Nam
897 1174 976 1198 cum
994 1159 1082 1198 dicit
1108 1176 1117 1197 :
1142 1162 1277 1199 Venite
1297 1182 1321 1211 C

319 1225 377 1263 ad
390 1239 450 1263 me
464 1237 596 1262 omnes
614 1225 681 1275 qui
701 1223 891 1260 laboratis
904 1230 939 1259 et
955 1224 1106 1260 onerati
1119 1224 1222 1269 estis,
1239 1230 1277 1259 et

319 1299 388 1338 ego
404 1285 581 1337 refica'am
599 1297 684 1321 vos.
712 1283 853 1321 Tollite
860 1284 998 1334 jugum
1017 1295 1143 1320 meum
1163 1295 1276 1332 super

318 1359 407 1393 vos,
426 1354 462 1384 et
479 1346 616 1383 discite
633 1358 658 1381 a
679 1357 740 1381 me
755 1346 849 1395 quia
867 1345 970 1380 milis
990 1356 1075 1380 sum
1093 1351 1129 1380 et
1150 1343 1277 1380 humi·

320 1407 370 1445 lis
397 1406 535 1454 corde,
563 1413 598 1442 et
630 1406 835 1442 invenietis
866 1404 1035 1455 requiem
1067 1406 1277 1441 animabus

321 1471 464 1505 vestris
475 1482 489 1511 ;
505 1479 574 1504 nou
591 1464 774 1503 monacbis
791 1473 928 1503 tautum
945 1464 1118 1516 loquitur,
1135 1464 1198 1503 sed
1212 1466 1275 1503 toti

318 1527 476 1565 humano
486 1526 621 1578 generi.
641 1526 804 1576 Cumque
817 1525 923 1577 jubet
942 1539 1005 1578 per
1018 1534 1204 1577 angustam
1222 1526 1276 1564 in-

318 1591 442 1628 cedere
455 1589 564 1634 viam,
583 1601 651 1626 non
669 1587 751 1626 illos
766 1586 885 1634 modo,
901 1586 962 1625 sed
977 1600 1100 1625 omncs
1116 1586 1277 1625 homines

317 1651 515 1702 alloquitur
535 1665 542 1686 :
560 1659 594 1688 et
609 1650 765 1688 animam
782 1663 883 1688 suam
902 1648 986 1687 odio
1005 1648 1135 1687 habere
1154 1648 1190 1687 iu
1210 1649 1278 1688 hoc

317 1712 466 1757 mundo.
477 1721 510 1750 et
524 1711 657 1750 similia
670 1711 789 1750 omnia
803 1710 980 1749 universis
994 1710 1128 1762 pariter
1146 1723 1277 1762 prince-

318 1775 387 1828 pit.
408 1774 499 1812 Cum
513 1781 632 1811 autem
648 1786 717 1810 non
733 1771 901 1810 omnibus
917 1771 1079 1822 loquitur
1092 1770 1146 1808 vel
1164 1771 1277 1822 legem

318 1835 401 1882 dat,
422 1834 582 1887 idipsum
602 1832 706 1872 nobis
725 1832 844 1884 palam
864 1832 963 1870 facit.
983 1833 1073 1870 Cum
1095 1831 1215 1883 itaque
1233 1831 1278 1870 de

319 1896 526 1949 virginitate
536 1895 752 1946 loqueretur,
766 1893 903 1941 intulit,
916 1894 992 1943 Qui
1003 1902 1129 1945 potest
1141 1907 1280 1944 capere
1299 1912 1323 1942 1,

321 1961 466 2010 capiat,
484 1970 599 2007 neque
617 1955 724 2002 illud,
743 1958 883 1998 omnis.
903 1955 1090 2006 adjiciens,
1111 1968 1224 2006 neque
1240 1955 1279 1994 id

323 2018 360 2056 in
371 2018 538 2071 praecepti
549 2017 662 2055 forma
673 2025 842 2054 statuens.
852 2016 1025 2055 Sicctiam
1036 2016 1169 2054 Paulus
1180 2031 1188 2052 :
1199 2030 1279 2054 nam

326 2079 542 2131 Magistrum
562 2077 696 2128 ubique
716 2077 846 2115 imitari
867 2077 1159 2130 deprehenditur,
1179 2092 1282 2116 cum-

327 2154 398 2192 que
413 2141 446 2178 in
468 2139 561 2177 idem
579 2147 827 2188 argumentum
845 2138 1037 2185 incidisset,
1056 2138 1172 2176 aicbat
1191 2154 1199 2175 τ
1219 2140 1282 2177 De

327 2203 544 2255 virginibus
574 2209 704 2238 autem
738 2208 971 2251 proeceptum
1007 2199 1167 2237 Domini
1203 2214 1281 2238 non

326 2265 461 2302 habeo.
482 2261 588 2308 Quod
608 2260 719 2311 igitur
735 2270 767 2299 et
787 2260 993 2298 saecularem
1013 2269 1047 2298 ct
1066 2260 1280 2299 monachum

323 2324 370 2363 ad
393 2323 486 2362 idem
509 2336 677 2361 cacumen
702 2322 901 2374 pertingere
922 2330 1102 2373 oporteat,
1122 2330 1157 2359 et
1183 2321 1279 2373 quod

324 2394 473 2435 uterque
491 2384 612 2436 lapsus
629 2381 751 2420 eadem
768 2383 913 2420 vulnera
931 2390 1143 2435 accepturus
1157 2382 1217 2431 sit,
1233 2397 1280 2422 nc

323 2445 520 2484 admodum
539 2444 685 2496 quidem
704 2444 960 2483 contentiosum
980 2453 1014 2482 et
1034 2443 1279 2497 impudentem

323 2507 489 2559 deinceps
505 2514 718 2557 negaturum
738 2514 834 2557 puto.

376 2570 393 2605 1
405 2568 440 2606 5.
457 2567 532 2606 Hoc
547 2575 664 2605 autem
685 2576 806 2619 aperte
826 2565 1081 2614 demonstrato,
1103 2579 1169 2618 age
1187 2566 1279 2605 illud

325 2642 467 2679 qnoque
491 2627 736 2678 inquiramus,
759 2628 840 2678 quis
859 2627 999 2666 facilius
1027 2627 1193 2680 lapsurus
1216 2627 1276 2667 sit.

325 2691 427 2728 Certe
447 2689 504 2728 bic
524 2703 592 2727 non
613 2689 869 2741 perquisitione
887 2703 978 2741 opus
1003 2698 1078 2738 est;
1101 2689 1281 2728 continen-

325 2751 410 2789 tiam
429 2753 564 2802 quippc
584 2750 627 2797 is,
644 2750 705 2801 qui
728 2764 876 2788 uxorem
894 2749 1020 2798 babet,
1039 2750 1182 2789 facilius
1200 2765 1279 2790 ser-

327 2811 441 2858 vabit,
460 2821 580 2863 utpote
594 2812 655 2863 qui
672 2812 797 2850 solatio
813 2812 926 2850 multo
947 2813 1086 2851 fruatur
1108 2829 1116 2851 :
1136 2813 1171 2851 in
1191 2813 1281 2852 reli-

328 2873 409 2923 quis
426 2881 544 2910 auti-m
566 2886 633 2910 nou
653 2873 698 2910 ita
714 2872 808 2910 clara
830 2887 884 2911 res
903 2882 968 2911 est.
993 2875 1130 2912 Verum
1153 2877 1186 2913 in
1218 2874 1281 2913 illa

328 2947 469 2984 quoquc
483 2947 520 2971 re
531 2933 649 2986 plures
668 2934 833 2973 videmus
848 2935 1121 2987 conjugatorum
1138 2934 1279 2982 eadere,

329 3008 434 3045 quam
456 2994 722 3032 monachorum.
748 2996 869 3046 Neque
887 2995 982 3034 enim
1009 3005 1059 3036 tot
1086 3009 1130 3034 ex
1153 3011 1281 3035 mona-

330 3056 445 3093 steriis
470 3055 514 3093 ad
536 3057 676 3107 nuptias
696 3065 880 3094 transeunt
894 3086 903 3101 ,
931 3066 1017 3107 quot
1037 3071 1081 3096 ex
1101 3058 1280 3109 conjugali

331 3125 407 3154 toro
422 3116 466 3153 ad
483 3127 607 3156 scorta.
622 3117 728 3165 Quod
749 3118 777 3155 si
796 3118 830 3155 in
853 3119 1106 3157 certaminibus
1127 3119 1198 3158 illis
1213 3119 1282 3158 sibi

331 3177 495 3215 facilibus
526 3192 636 3228 usque
662 3178 749 3215 adeo
775 3179 992 3229 frequentius
1020 3180 1167 3228 cadant,
1195 3181 1283 3233 quid
1307 3199 1330 3230 p,

333 3237 367 3274 in
387 3237 466 3274 aliis
487 3237 594 3274 animi
617 3238 802 3275 affectibus
823 3240 947 3277 [icturi
968 3250 1069 3287 sunt,
1089 3241 1149 3279 ubi
1169 3243 1284 3293 tnagis

333 3300 558 3349 exagitantur
569 3312 675 3349 quam
691 3301 853 3338 monachi
866 3301 883 3337 -7
898 3303 988 3340 Nam
999 3303 1283 3355 concupiscentia

381 3421 395 3444 l·
422 3420 495 3451 Duo
506 3419 581 3451 mss.
602 3430 700 3458 στενῆς
717 3425 851 3464 Ιῖκῆιζω
866 3426 941 3456 ὸῦοῡ.

1346 491 1445 535 εἴτις
1465 491 1602 530 ἐπίλθοι
1617 491 1694 535 τοὺς
1711 492 1790 530 τότε
1810 491 2074 541 κολαζομένους,
2090 491 2160 530 ἀπὸ
2174 493 2244 529 τῶν
2260 492 2375 543 ὀμαρ·

1345 552 1515 602 τημάτων
1533 553 1637 603 μόνον
1657 554 1780 604 ὄψεται
1799 554 1861 599 τὴν
1882 552 2054 603 τιμωρίαν
2073 551 2279 604 ὑπέχοντας.
2296 552 2377 590 Οὖιι

1348 617 1383 654 ἐν
1402 616 1478 658 ταῖς
1497 613 1683 666 τιμωρίαις
1703 613 1738 652 δὲ
1760 613 1883 662 μόνον,
1905 613 1997 651 ἀλλὰ
2015 611 2075 650 καὶ
2098 613 2133 650 ἐν
2154 614 2232 655 ταῖς
2252 615 2377 650 νουθε-

1349 675 1440 718 σίαις
1457 678 1559 714 τοῦτο
1584 674 1677 727 εὕροι
1703 690 1754 717 τις
1771 675 1824 712 ἄν.
1844 675 1912 713 Καὶ
1927 673 2018 725 γὰρ,
2044 673 2126 711 ὅταν
2145 672 2249 725 λέγῃ·
2266 675 2377 711 Δεῦτε

1348 737 1434 789 πρός
1452 752 1495 787 με
1514 737 1642 778 πάντες
1660 739 1690 774 οἱ
1708 737 1898 778 κοπιῶντες
1922 734 1982 773 καὶ
2002 734 2293 787 πεφορτισμένοι,
2308 735 2375 773 κά·

1348 797 1400 850 γὼ
1417 798 1610 837 ἀναπαύσω
1632 801 1740 847 ὑμᾶς·
1762 798 1870 850 ἄρατε
1902 797 1962 835 τὸν
1983 796 2084 847 ζυγόν
2106 811 2172 846 μου
2192 796 2245 846 ἐφ’
2262 798 2376 846 ὑμᾶς,

1348 859 1408 897 καὶ
1429 860 1556 909 μάθετε
1581 860 1642 897 ἀπ’
1663 861 1749 906 ἐμοῦ
1771 857 1828 897 ὅτι
1850 858 1962 909 πρᾶός
1978 859 2051 907 εἶμι
2073 857 2134 896 καὶ
2151 855 2314 900 ταπεινὸς
2329 858 2377 908 τῇ

1348 921 1497 976 καρδία,
1523 921 1583 959 καὶ
1607 920 1771 971 εὓρῆσετε
1788 919 1986 958 ἀνάπαυσιν
2013 933 2090 962 ταις
2107 919 2239 970 ψυχαῖς
2254 919 2378 968 ὑμῶν·

1347 986 1385 1023 οὗ
1403 987 1474 1029 τοῖς
1499 984 1684 1035 μονάζουσι
1711 982 1910 1034 διαλέγεται
1938 981 2055 1032 μόνον,
2084 981 2175 1021 ἀλλὰ
2195 981 2257 1020 καὶ
2277 981 2377 1033 πάσῃ

1347 1048 1390 1097 τῇ
1410 1048 1479 1084 ’.ὃν
1491 1043 1698 1098 ἀνθρώπων
1725 1045 1839 1097 φύσει.
1875 1045 1944 1083 Και
1964 1046 2047 1083 ὅταν
2076 1043 2201 1096 κελεύῃ
2228 1043 2286 1083 διὰ
2315 1045 2380 1090 τ’ἧς

1347 1105 1502 1153 ι’στενῆς
1527 1107 1657 1145 ὁδεύειν
1674 1107 1772 1153 ὁδοῦ,
1791 1107 1830 1144 οὗ
1855 1106 1941 1158 πρὸς
1956 1105 2099 1149 τούτους
2126 1104 2303 1143 ἀποτείνει
2319 1104 2379 1142 τὸν

1346 1167 1448 1219 λόγον
1467 1167 1604 1216 μόνους,
1623 1167 1713 1205 ἀλλὰ
1728 1167 1815 1218 πρὸς
1833 1167 1967 1211 πάντας
1991 1166 2213 1219 ἀνθρώπους·
2234 1165 2295 1204 καὶ
2315 1181 2380 1216 μιν

1352 1233 1424 1267 σεῖν
1440 1228 1477 1265 δὲ
1495 1227 1560 1272 τὴν
1582 1229 1696 1265 αὐτῶν
1715 1227 1831 1280 ψυχὴν
1853 1231 1886 1266 ἐν
1905 1230 1956 1279 τῷ
1974 1227 2098 1280 κόσμῳ
2113 1227 2237 1280 τούτῳ,
2255 1226 2316 1265 καὶ
2335 1227 2380 1265 τὰ

1349 1289 1442 1326 ἄλλα
1463 1287 1499 1326 δὲ
1520 1288 1636 1326 πάντα
1665 1288 1709 1326 τὰ
1730 1291 1875 1327 τοιαῦτα
1904 1294 2012 1326 πᾶσιν
2040 1287 2205 1331 ἐπέταξεν
2233 1286 2376 1338 ὁμοίως.

1348 1349 1465 1387 ιὈταν
1492 1348 1527 1388 δὲ
1549 1349 1598 1400 μὴ
1618 1355 1708 1388 πᾶσι
1731 1348 1938 1400 διαλέγηται
1965 1348 2053 1399 μηδὲ
2070 1351 2256 1401 νομοθετῇ,
2274 1349 2317 1394 δ”
2319 1349 2379 1387 λον

1349 1412 1434 1460 ἡμῖν
1455 1409 1540 1449 αυτὸ
1568 1416 1672 1449 ποιεῖ.
1697 1408 1788 1448 “Ore
1807 1413 1890 1461 γοῦν
1920 1409 2002 1461 περὶ
2031 1409 2219 1463 παρθενίας
2242 1409 2381 1462 ἔλεγεν,

1349 1447 1544 1524 ἐπήγαγεν·
1567 1470 1612 1510 Ὁ
1639 1470 1828 1520 δυνάμενος
1852 1473 1980 1523 χωρεῖν
2010 1470 2192 1523 χωρείτω,
2218 1470 2298 1510 οὔτε
2326 1470 2380 1520 τὸ,

1349 1539 1433 1579 πας,
1453 1534 1629 1587 προσθεις,
1644 1533 1721 1572 οὔτε
1742 1535 1776 1571 ἐν
1796 1533 2038 1585 ἐπιτάγματος
2053 1531 2151 1576 τάξει
2173 1547 2276 1572 τουτο
2297 1534 2383 1572 εἷσε·

1348 1594 1494 1646 νεγκών.
1513 1594 1622 1633 Οὕτω
1637 1595 1697 1633 καὶ
1713 1598 1731 1634 ὁ
1747 1597 1887 1638 Παῦλος
1899 1610 1907 1618 ·
1926 1594 1984 1632 τὸν
2002 1594 2070 1647 γὰρ
2086 1594 2298 1634 διδάσκαλον
2315 1610 2380 1646 μι-

1350 1656 1521 1707 μούμενος
1535 1660 1718 1708 πανταχοῦ
1735 1656 1908 1707 φαίνεται,
1926 1655 1986 1694 καὶ
2002 1656 2050 1699 εἶς
2064 1655 2196 1702 ταύτην
2215 1658 2379 1708 ἐμπεσὼν

1349 1717 1411 1763 τὴν
1431 1717 1608 1765 ὑπόθεσιν,
1624 1717 1719 1768 ἔλεγε
1732 1732 1740 1740 ·
1764 1717 1852 1768 Περὶ
1869 1717 1904 1756 δὲ
1923 1719 1992 1755 τῶν
2009 1716 2192 1769 παρθένων
2208 1716 2380 1768 ἐπιταγὴν

1351 1777 1480 1832 Κυρίου
1501 1778 1564 1817 οὐκ
1581 1779 1664 1831 ἔχω.
1681 1777 1767 1817 ’Ότι
1788 1779 1850 1829 μὲν
1871 1772 1930 1816 οὖν
1945 1778 2032 1829 πρὸς
2054 1778 2118 1824 τὴν
2143 1778 2223 1825 ἴσην
2249 1779 2380 1831 φθάσαι

1351 1839 1504 1892 κορυφὴν
1525 1840 1584 1879 καὶ
1603 1840 1661 1878 τὸν
1690 1840 1853 1891 βιωτικὸν
1875 1840 2010 1891 ἀνάγκη
2039 1840 2099 1878 καὶ
2123 1838 2182 1877 τὸν
2206 1839 2379 1891 μοναχὸν,

1351 1901 1410 1939 καὶ
1429 1901 1482 1940 ὅτι
1503 1901 1548 1940 τὰ
1568 1902 1657 1940 αὐτὰ
1676 1901 1848 1954 λήψονται
1869 1900 2055 1954 τραύματα
2075 1900 2238 1944 πεσόντες
2258 1900 2380 1953 ἀμφό·

1351 1979 1467 2015 τεροι,
1498 1963 1574 2002 οὐδὲ
1603 1964 1660 2002 τὸν
1684 1963 1817 2015 σφόδρα
1845 1963 2038 2016 φιλόνεικον
2066 1962 2126 2001 καὶ
2149 1962 2380 2015 ἀναίσχυντον

1351 2019 1448 2075 οἶμαι
1467 2027 1588 2064 λοιπὸν
1608 2028 1776 2078 ἀντερεῖν,

1407 2573 1543 2614 Τούτου
1565 2574 1602 2613 δὲ
1622 2572 1888 2627 ἀποδειχθέντος
1908 2574 2047 2626 σαφῶς,
2074 2571 2157 2626 φέρε
2178 2572 2220 2620 δὴ
2241 2571 2383 2613 κάκεῖνο

1353 2635 1594 2686 ἐξετάσωμεν,
1623 2636 1676 2680 τίς
1703 2634 1936 2687 εὐκολώτερον
1963 2635 2023 2673 καὶ
2056 2638 2138 2686 ῥᾷον
2162 2640 2338 2674 πεσεῖται·
2358 2635 2381 2682 ἢ

1354 2699 1501 2736 ἐνταῦθα
1528 2696 1605 2735 οὐδὲ
1632 2696 1820 2740 ἐξετάσεως
1852 2698 1938 2745 ἡμῖν
1966 2695 2028 2734 δεῖ.
2063 2694 2298 2748 Σωφροσύνην
2319 2695 2382 2746 μὶν

1354 2757 1422 2809 γὰρ
1440 2760 1459 2796 ὁ
1477 2759 1624 2808 γυναῖκα
1644 2757 1735 2808 ἔχων
1756 2756 1970 2807 κατορθώσει
1996 2755 2138 2807 ῥαδίως.
2166 2754 2226 2795 ἅτε
2250 2757 2384 2803 πολλῆς

1356 2818 1542 2857 ἀπολαύων
1558 2820 1620 2863 τ’ἧς
1634 2817 1878 2870 παραμυθίας·
1901 2819 1934 2855 ἐν
1955 2816 1991 2854 δὲ
2011 2822 2082 2859 τοῖς
2101 2816 2219 2860 ἄλλοις
2240 2819 2279 2857 οὗ
2297 2818 2386 2870 σφό-

1355 2880 1421 2931 δρα
1439 2877 1610 2930 φαίνεται,
1627 2877 1718 2924 πλὴν
1737 2877 1826 2916 ἀλλὰ
1843 2879 2018 2916 κάνταῦθα
2034 2877 2173 2921 πλείους
2189 2877 2230 2916 ἂν
2251 2877 2383 2928 ἴδοιμεν

1356 2942 1425 2978 τῶν
1450 2938 1724 2991 γεγαμηκότων,
1751 2937 1774 2983 ἢ
1792 2941 1861 2976 τῶν
1883 2941 2047 2990 μονα-χῶν
2067 2938 2271 2983 πίπτοντας.
2289 2935 2384 2978 Οὔτε

1356 3000 1424 3052 γὰρ
1442 3003 1599 3039 τοσοῦτοι
1621 2999 1706 3052 πρὸς
1735 2998 1792 3036 τὸν
1814 2998 1927 3050 γάμον
1961 2999 2031 3037 ἀπὸ
2050 3002 2120 3038 τῶν
2141 2998 2384 3052 μοναστηρίων

1356 3061 1589 3107 ἐκὸαίνουσιν,
1605 3060 1680 3098 ὅσοι
1699 3061 1784 3111 πρὸς
1803 3061 1932 3110 πόρνας
1947 3060 2016 3098 ἀπὸ
2031 3063 2094 3107 τῆς
2109 3060 2208 3105 εὐνῆς
2224 3058 2385 3099 ἀνίσταν·

1356 3138 1415 3160 ται
1433 3125 1503 3160 τῶν
1524 3123 1711 3173 γυναικῶν.
1735 3122 1776 3160 Ι’“,(
1796 3122 1830 3158 δὲ
1850 3121 1935 3160 ὅπου
1955 3122 2080 3160 εὔκολα
2098 3120 2142 3159 τὰ
2167 3123 2237 3159 τῶν
2256 3122 2386 3159 παλαι-

1357 3182 1500 3232 σμάτων
1521 3185 1647 3227 αὐτοῖς,
1664 3182 1753 3231 μετὰ
1773 3182 1943 3228 τοσαύτης
1965 3182 2151 3220 πίπτουσιν
2172 3179 2384 3234 δπερὸολῆς,

1357 3244 1390 3281 τί
1410 3244 1613 3291 ποιήσουσιν
1633 3245 1668 3281 ἐν
1687 3245 1757 3285 τοῖς
1782 3244 1899 3285 ἀλλοις
1927 3243 2093 3289 πάθεσιν,
2124 3243 2160 3280 ἐν
2179 3234 2229 3285 οἷς
2250 3242 2383 3291 μᾶλλον

1358 3307 1578 3356 ἐνοχλοῦνται
1595 3307 1664 3343 τῶν
1690 3307 1871 3355 pavus-Fuit,
1889 3303 1932 3342 'll
1955 3303 2017 3354 μὲν
2034 3303 2102 3355 γὰρ
2121 3302 2289 3352 ἐπιθυμία
2305 3302 2383 3342 τού·
