2549 3825
666 252 723 281 AD
760 252 983 282 STAthUm
1023 253 1048 280 A
1086 251 1284 281 DAEMONE
1317 250 1553 280 VEXATUM.

189 338 359 379 σεὶταιεῖς
375 335 438 382 τὴν
458 337 610 386 ἐσχάτην
632 332 822 371 ἀπώλειαν.
843 332 912 370 Καὶ
935 335 953 370 6
975 332 1037 382 μὲν
1062 334 1204 378 ὄλισθῆ·

188 415 247 437 σαι
271 395 507 448 συγχωρηθεὶς
522 425 533 443 ,
568 394 629 432 καὶ
655 393 852 446 μετριάζειν
885 393 1006 443 μαθὼν
1042 394 1112 432 ἀπὸ
1145 397 1204 431 τοῦ

186 458 395 508 πτώματος,
415 456 476 495 καὶ
501 455 757 502 ἀναστήσεται,
778 454 838 492 καὶ
860 454 1095 499 ἀνακτήσεται
1121 456 1205 491 ἑαυ-

185 518 243 556 τὸν
259 521 402 564 θᾶττον,
417 516 449 554 εἴ
462 532 501 568 γε
523 515 682 567 βούλοιτο
696 530 704 538 ·
725 517 743 553 6
763 513 798 552 δὲ
819 515 929 552 δοκῶν
950 514 1012 564 μὲν
1034 508 1071 552 εὖ
1093 514 1206 565 πράτ-

185 594 254 617 τειν
272 577 361 629 μετὰ
384 576 603 624 ἀλαζονείας,
625 575 732 626 μηδὲν
753 574 789 613 δὲ
807 575 955 627 πάσχων
979 575 1087 613 δεινὸν
1100 603 1110 620 ,
1129 574 1206 612 οὔτε

188 639 346 685 αἴσθησιν
365 642 428 685 τῆς
453 637 583 681 οἰκείας
601 637 751 689 λήψεται
769 635 992 688 παρανομίας
1018 635 1123 682 ποτὲ,
1141 636 1206 672 ἀλ-

187 699 232 738 λὰ
255 700 315 738 καὶ
344 699 484 746 αὐξήσει
505 699 544 737 τὸ
564 699 673 736 δεινὸν
687 727 696 745 ,
716 697 776 736 καὶ
794 697 939 744 λήσεται
960 696 1056 739 κενὸς
1074 696 1206 735 ε’νθένΡε

188 760 345 798 ἀπελθών
361 775 368 783 ·
388 759 544 811 καθάπερ
575 761 703 801 ἐκεῖνος
729 761 747 796 6
777 759 974 810 Φαρισαῖος
989 787 998 804 ,
1019 757 1054 800 ὃς
1079 759 1206 803 ἀνῆλθε

189 821 250 871 μὲν
279 822 389 859 δοκῶν
419 826 490 864 τοῖς
526 821 667 870 ἀγαθοῖς
699 819 810 857 ἅπασι
840 821 1025 865 πλουτεῖν,
1055 819 1205 864 κατ-ἦλθε

188 881 223 919 δὲ
244 881 363 931 μαθὼν
383 880 436 919 ὅτι
458 881 516 918 καὶ
542 885 601 918 τοῦ
627 879 775 918 τελώνου
797 879 999 931 πενέστερος
1021 873 1078 925 ἦν.
1101 878 1207 916 Ἔστι

188 940 225 979 δὲ
255 941 314 978 καὶ
355 940 469 993 ἕτερον
511 934 600 983 εἶδος
638 940 770 987 πολλὴν
801 939 881 992 ἔχον
912 939 1012 992 ἰσχὺν
1047 940 1132 992 πρὸς
1168 940 1207 977 τὸ

186 1005 337 1040 κενῶσαι
365 1001 410 1040 τὰ
442 1001 532 1052 μετὰ
554 1003 693 1040 πολλῶν
714 1001 869 1054 ἱδρώτων
890 1002 950 1040 καὶ
982 1002 1098 1040 πόνων
1124 1017 1207 1038 συν-

186 1062 336 1114 αχθέντα
363 1062 472 1110 καλὰ,
501 1065 518 1100 6
543 1066 605 1109 τ’ἥς
641 1063 834 1108 κενοδοξίας
865 1063 1002 1113 ἄνεμος.
1038 1062 1205 1113 Καθάπερ

186 1122 252 1175 γὰρ
278 1123 402 1174 ἄνεμος
429 1125 567 1170 ἀληθῶς
591 1122 754 1161 εἰσελθὼν
782 1125 915 1176 ἐκφυσᾷ
944 1124 1099 1167 ἅπαντας
1130 1122 1207 1167 τοὺς

184 1187 246 1231 τ’ἧς
261 1185 388 1235 ἀρετῆς
413 1183 617 1236 θησαυρούς.
641 1184 731 1222 Ἰδοὺ
751 1178 808 1222 οῧν
836 1184 896 1222 καὶ
914 1184 1057 1236 δευτέρα
1074 1184 1207 1237 πρόφα-

185 1259 239 1288 σις
259 1248 344 1296 ἡμῖν
368 1245 518 1297 ἀνεφάνη
535 1248 604 1283 τῷν
623 1244 668 1282 τὰ
688 1245 774 1296 ὀρθὰ
791 1245 1001 1296 βαδιζόντων
1014 1276 1023 1291 ,
1046 1247 1093 1288 ὡς
1111 1244 1206 1297 ἔφης.

185 1306 319 1345 Πολλοὶ
341 1305 409 1358 γὰρ
437 1308 521 1358 παρ’
549 1308 635 1355 ἡμῖν
663 1307 843 1349 δοκοῦντες
874 1306 962 1356 ὑπὲρ
983 1308 1047 1351 τῆς
1080 1308 1207 1357 ἀρετ-’ῆς

185 1367 333 1412 πολλοὺς
367 1367 672 1419 ὑπομεμενηκέναι
702 1367 827 1411 πόνους
849 1395 858 1413 ,
887 1367 948 1405 καὶ
978 1367 1208 1416 ὑπομένοντες

186 1429 248 1477 δὲ,
273 1429 397 1476 ἐπειδὴ
424 1429 510 1481 πρὸς
535 1427 598 1474 τὴν
627 1427 724 1479 παρὰ
758 1428 949 1479 ἀνθρώπων
982 1430 1129 1479 ὁρῶντες
1152 1443 1206 1465 τι-

186 1491 342 1541 μὴν,’κα“ι
358 1491 396 1529 οὗ
412 1490 498 1543 πρὸς
516 1489 574 1528 τὸν
593 1488 684 1528 Θεὸν
700 1489 840 1527 ἅπαντα
859 1489 1046 1541 ἔπραττον,
1057 1488 1206 1539 ἀφείθη-

184 1567 248 1590 σαν
270 1553 457 1604 πειρασμῷ
475 1556 674 1602 περιπεσεῖν
688 1578 697 1595 ,
715 1549 772 1587 ἵνα
789 1553 852 1596 τῆς
870 1549 967 1601 παρὰ
982 1553 1050 1587 τῶν
1067 1551 1207 1588 πολλῶν

184 1609 479 1664 ἀποστερηθέντες
506 1608 606 1653 δόξης
633 1608 678 1645 δι’
700 1609 742 1654 ἣν
767 1609 907 1647 ἅπαντα
937 1609 1205 1658 ἐζημιώθησαν,

183 1672 243 1710 καὶ
274 1670 442 1722 μαθόντες
480 1669 546 1716 τὴν
578 1669 678 1721 φύσιν
713 1671 820 1715 αὖτ’ῆς
852 1672 900 1712 ὡς
939 1670 1036 1708 οὐδὲν
1065 1670 1205 1720 ἄμεινον

184 1733 308 1777 ἄνθους
330 1731 458 1784 χόρτου
485 1730 685 1778 διάκειται,
705 1733 755 1782 τῷ
782 1732 866 1784 Θεῷ
887 1730 982 1782 μόνῳ
1004 1730 1206 1782 προσέχωσι

185 1799 243 1833 τοῦ
269 1795 414 1839 λοιποῦ,
439 1791 499 1830 καὶ
526 1792 570 1829 δι’
603 1791 705 1830 αὐτὸν
736 1791 876 1830 ἅπαντα
902 1792 1099 1843 πράττωσι.
1139 1792 1206 1830 Καὶ

186 1855 298 1908 ἕτεροι
328 1852 364 1892 δὲ
391 1853 478 1905 πρὸς
507 1851 640 1896 τούτοις
673 1853 740 1891 εἰσὶ
768 1852 866 1903 λόγοι
888 1856 902 1872 ³
921 1852 1054 1891 τούτων
1086 1853 1206 1904 πολλῷ

184 1914 343 1963 πλείους,
360 1917 446 1965 ἡμῖν
464 1912 526 1963 μὲν
541 1915 701 1965 ἀφανεῖς,
721 1915 766 1957 ὣς
779 1913 864 1965 ἔφην
877 1944 887 1962 ,
909 1912 1081 1964 γνώριμοι
1101 1912 1137 1950 δὲ
1157 1915 1207 1963 τῷ

185 1976 391 2025 πεποιηκότι
411 1974 534 2018 αὐτοὺς
556 1977 648 2027 Θεῷ.
674 1975 735 2022 Μὴ
755 1975 868 2014 τοίνυν
889 1975 1124 2028 ἀσχάλλωμεν
1149 1976 1207 2014 ἐπὶ

186 2044 258 2082 τοῖς
288 2036 502 2090 γινομένοις,
528 2037 605 2074 ἀλλ’
627 2038 912 2089 εὖχαριστῷμεν·
937 2040 1040 2075 τοῦτο
1067 2036 1134 2088 γὰρ
1159 2039 1207 2075 οἷ-

187 2101 296 2137 κετῷν
326 2097 552 2149 εὐγνωμόνων
587 2097 675 2135 ἐστί.
711 2097 775 2152 ἐὺ.
796 2097 831 2136 δὲ
867 2098 1053 2147 θαυμάζων
1083 2097 1136 2135 ὅτι
1158 2097 1207 2147 μὴ

188 2159 354 2211 πρότερον
370 2187 380 2205 ,
400 2157 505 2205 ἡνίκα
527 2157 675 2209 ἐτρύφας
695 2159 754 2196 καὶ
770 2158 833 2204 τὴν
849 2158 1022 2208 κοσμικὴν
1039 2157 1210 2209 περιέκει-

189 2235 230 2258 σο
248 2218 459 2272 φαντασίαν,
481 2218 571 2256 ἀλλὰ
586 2221 658 2267 νῦν,
676 2218 734 2257 ὅτε
761 2219 878 2258 πάντα
900 2221 1015 2257 ἐκεῖνα
1043 2220 1184 2272 ἔρριψας
1198 2249 1208 2267 ,

189 2279 250 2318 καὶ
269 2278 395 2318 σαυτὸν
410 2279 487 2317 ὅλον
509 2279 679 2325 ἀνέθηκας
697 2282 747 2332 τῷ
766 2282 868 2332 Θεῷ,
887 2280 967 2318 τότε
988 2280 1208 2326 ἐπεπήδησεν

189 2334 288 2383 οὗτος
313 2342 330 2378 6
359 2338 500 2391 μιαρὸς,
533 2340 780 2391 παραπλήσιον
813 2333 924 2384 ποιεῖς
953 2339 1072 2392 ὥσπερ
1107 2342 1146 2378 ἂν
1182 2342 1210 2379 εἰ

189 2399 398 2451 ἐθαύμαζες,
417 2399 450 2437 τί
478 2399 608 2446 δήποτε
640 2405 711 2444 τοῖς
741 2400 804 2450 μὲν
833 2405 970 2444 θεαταῖς
991 2402 1102 2445 οὐδεὶς
1136 2405 1211 2441 ἔνο-

188 2462 288 2512 χλεῖ,
307 2462 358 2511 τῷ
380 2459 415 2499 δὲ
444 2460 731 2513 ἀπογραψαμένῳ
756 2461 841 2513 πρὸς
861 2463 900 2500 τὸ
923 2461 1104 2500 πυκτεύειν
1119 2493 1129 2511 ,
1151 2464 1210 2501 καὶ

188 2520 440 2571 γυμνασθέντι,
461 2520 521 2558 καὶ
540 2522 588 2563 εἷς
607 2521 665 2558 τὸν
691 2523 808 2572 ἀγῶνα
828 2522 988 2570 καθέντι,
1011 2523 1123 2576 τούτῳ
1143 2525 1208 2572 μό-

188 2597 237 2633 νῳ
266 2581 406 2618 πάντων
431 2580 564 2619 ἔπεισιν
590 2584 608 2618 ὃ
628 2582 906 2631 ἀνταγωνιστὴς,
926 2583 1120 2622 πατάσσων
1147 2585 1209 2631 τὴν

188 2642 358 2695 κεφαλὴν,
374 2642 433 2680 καὶ
448 2641 586 2680 κόπτων
605 2642 644 2680 τὸ
663 2642 862 2695 πρόσωπον.
887 2645 940 2681 Οὔ
960 2644 1001 2691 δὴ
1017 2648 1117 2683 τοῦτο
1137 2646 1210 2684 ἔστι

191 2703 389 2752 θαυμαστὸν
415 2702 492 2741 οὐδὲ
521 2703 667 2752 ἀθυμίας
695 2703 810 2748 ἄξιον,
845 2707 873 2742 εἰ
911 2705 1093 2743 πυκτεύειν
1126 2709 1209 2755 ἡμῖν

191 2763 383 2814 ἑλομένοις,
403 2765 530 2806 ἐκεῖνος
552 2763 662 2802 θλίὸει
694 2764 754 2801 καὶ
778 2766 858 2816 ἀνιᾷ
874 2765 932 2803 καὶ
969 2766 1107 2817 βαρύνει
1130 2783 1136 2790 ·
1157 2762 1210 2805 οὗ·

189 2839 248 2869 τος
265 2824 333 2876 γὰρ
360 2827 430 2862 τῶν
448 2824 687 2863 πυκτευόντων
708 2828 725 2863 6
740 2825 843 2875 νόμος
856 2842 863 2849 ·
890 2827 967 2864 ἀλλ’
994 2829 1023 2864 εἰ
1052 2829 1209 2881 περιτρέ-

190 2900 250 2923 πει
286 2885 345 2923 καὶ
383 2884 597 2923 καταὸάλλει
624 2885 683 2923 καὶ
712 2885 751 2923 τὸ
793 2888 955 2939 βραὸεἷον
988 2890 1210 2940 ἀφαιρεῖται,

191 2949 291 2984 τοῦτο
309 2945 384 2984 ἔστι
402 2945 442 2983 τὸ
460 2945 582 2984 δεινόν.
610 2945 708 2989 (Ἕως
730 2948 759 2984 δ’
783 2948 822 2985 ἂν
843 2953 943 2987 τοῦτο
968 2949 1016 2999 μὴ
1040 2950 1183 2996 δύνηται
1201 2980 1210 2994 ,

191 3006 229 3043 οὗ
248 3005 349 3056 μόνον
366 3005 461 3044 οὐδὲν
478 3004 628 3057 ἔὸλαψεν
640 3035 651 3052 ‚
671 3005 762 3044 ἀλλὰ
781 3007 840 3044 καὶ
859 3008 903 3045 τὰ
927 3008 1074 3059 μέγιστα
1098 3009 1209 3056 ὤνησε

190 3069 233 3116 τῇ
260 3067 393 3118 σφοδρᾷ
429 3069 615 3119 συμπλοκῇ
662 3068 891 3120 σεμνοτέρου(
924 3072 1017 3118 ἡμᾶς
1050 3070 1210 3116 ποιήσας.

191 3127 260 3166 Καὶ
278 3127 346 3180 γὰρ
366 3130 400 3166 ἐν
419 3133 489 3170 τοῖς
509 3128 759 3180 στρατοπέδοις
776 3129 903 3171 ἐκεῖνός
921 3131 1015 3168 ἐστιν
1037 3134 1055 3168 ὁ
1071 3131 1211 3169 πάντων

192 3187 360 3238 ἀμείνων,
376 3191 394 3227 6
416 3188 558 3226 πλείονα
577 3187 762 3240 τραύματα
776 3189 943 3233 ἐπιδεῖξαι
963 3191 1052 3242 ἔχων
1067 3222 1076 3236 ,
1091 3193 1149 3230 καὶ
1168 3194 1210 3230 τὰ

194 3247 391 3301 μονομάχια
420 3248 506 3301 πρὸς
534 3248 611 3292 τοὺς
647 3250 893 3300 εὐτονωτέρους
926 3254 994 3288 τῶν
1033 3254 1210 3301 πολεμίων

1593 249 1680 279 mn.
1720 249 1751 278 ι.
2133 249 2221 290 2¹7

1275 341 1398 383 gauter
1429 332 1522 370 bona
1549 341 1777 384 operantem,
1799 330 1828 368 si
1853 340 1969 368 tamen
1997 329 2089 367 bona
2115 329 2230 366 facere

1275 407 1444 444 arrogans
1459 393 1594 445 possit,
1616 392 1884 444 quamprimum
1900 392 1936 429 in
1954 403 2131 429 summam
2148 403 2229 441 per·

1278 453 1408 490 niciem
1431 453 1631 504 lapsurum.
1665 454 1700 490 Is
1723 467 1808 490 vero
1841 453 1901 503 qui
1934 452 2008 489 labi
2037 451 2230 504 permissus

1277 513 1397 559 fuerit,
1422 521 1527 563 atque
1544 527 1590 550 ex
1607 514 1711 550 ruina
1724 513 1908 550 humiliari
1922 512 2102 559 didicerit,
2112 525 2232 549 resur-

1279 583 1349 626 get,
1364 587 1405 611 ac
1416 574 1446 611 si
1461 573 1608 624 quidem
1627 573 1793 619 voluerit,
1812 573 1933 624 lapsus
1950 573 2005 610 sui
2019 572 2149 611 damna
2163 572 2233 610 cito

1280 634 1471 686 reparabit.
1493 635 1603 672 Porro
1620 633 1651 671 is
1666 634 1728 685 qui
1748 647 1829 671 cum
1840 634 2010 685 jactantia
2025 643 2117 671 recte
2129 642 2234 685 puta-

1280 704 1338 733 tur
1367 695 1526 748 operari,
1553 694 1644 732 nihil
1673 695 1812 747 patiens
1840 694 2000 741 adversi,
2028 708 2071 731 ne
2092 707 2232 731 sensum

1218 789 1266 814 177
1281 754 1426 806 quidem
1448 755 1562 792 ullum
1582 755 1737 806 propriae
1762 754 1961 806 iniquitatis
1982 754 2127 806 recipiet
2149 768 2233 791 um-

1229 827 1255 855 Α
1281 830 1403 866 quam,
1423 815 1484 853 sed
1503 815 1648 866 augebit
1672 815 1807 852 malum
1822 845 1833 864 ,
1852 823 1958 865 atque
1975 814 2064 851 dum
2082 813 2230 863 nesciet,

1280 877 1365 914 hinc
1383 890 1518 914 vacuus
1537 876 1805 928 proficiscetur:
1826 875 1934 914 sicuti
1953 875 2156 912 Pharisaeus
2175 874 2237 912 ille
2250 877 2319 905 Luc<
2332 875 2434 906 18·10-

1279 939 1342 989 qui
1359 937 1516 976 aseendit
1535 938 1571 975 in
1591 938 1781 989 templum,
1804 945 1932 989 putans
1947 950 1983 974 se
2001 936 2105 974 bonis
2121 936 2235 973 omni-

1279 1000 1346 1038 bus
1371 1014 1447 1038 esse
1475 999 1708 1051 locupletem,
1736 997 1920 1036 descendit
1937 1011 2022 1036 vero
2044 996 2236 1049 publicano

1280 1060 1528 1113 pauperiorem
1557 1060 1693 1098 meritis
1718 1074 1755 1097 se
1788 1073 1862 1097 esse
1883 1059 2092 1111 percipiens.
2120 1058 2185 1096 Est
2203 1069 2237 1097 et

1281 1121 1349 1159 alia
1369 1121 1502 1173 species
1522 1121 1644 1173 pestiS‚
1661 1135 1741 1172 quae
1757 1120 1957 1172 plurimum
1973 1120 2111 1158 roboris
2130 1119 2239 1157 habet

1281 1183 1328 1220 ad
1350 1182 1555 1221 evacuanda
1576 1183 1667 1220 hona
1690 1190 1809 1219 nostra
1823 1212 1832 1229 ,
1862 1195 1940 1232 quae
1965 1180 2079 1218 multo
2106 1180 2238 1218 sudore

1282 1243 1505 1295 collegimus,
1527 1253 1656 1282 ventus
1678 1243 1813 1282 scilicet
1838 1243 1952 1281 inanis
1978 1242 2113 1294 gloriae.
2142 1243 2234 1280 Nam

1281 1320 1404 1344 revera
1421 1306 1519 1343 venti
1531 1306 1644 1343 instar
1662 1306 1820 1356 ingressa
1836 1304 2019 1341 thesauros
2033 1317 2153 1341 omnes
2164 1303 2237 1340 vir·

1281 1367 1367 1404 tutis
1387 1366 1564 1404 exsufflat.
1585 1365 1640 1403 En
1663 1374 1697 1402 et
1715 1364 1872 1402 secunda
1893 1363 1997 1401 nobis
2022 1364 2160 1401 occasio
2178 1363 2237 1401 la-

1281 1441 1367 1479 psus
1404 1436 1497 1464 recte
1516 1425 1756 1479 gradientium
1770 1456 1779 1468 ,
1795 1434 1835 1462 ut
1853 1434 1890 1462 tu
1910 1425 2064 1463 dicebas.
2085 1425 2238 1463 Plurimi

1281 1486 1375 1524 enim
1395 1500 1437 1524 ex
1459 1486 1502 1524 iis
1516 1486 1577 1537 qui
1594 1485 1689 1537 apud
1709 1499 1773 1523 nos
1791 1485 1950 1535 ingentes
1968 1484 2139 1523 videntur
2156 1485 2238 1523 vir·

1232 1556 1255 1586 B
1282 1548 1368 1585 tutis
1388 1561 1494 1584 causa
1510 1546 1676 1584 tolerasse
1693 1546 1845 1592 labores,
1867 1559 1908 1583 ac
1927 1559 2046 1583 revera
2067 1545 2234 1592 tolerant,

1282 1622 1363 1645 cum
1379 1607 1497 1645 omnia
1517 1606 1565 1645 ad
1584 1607 1756 1645 honorem
1771 1607 1973 1653 hominum,
1996 1620 2064 1644 non
2088 1620 2152 1658 pro
2172 1608 2237 1645 Dei

1283 1669 1409 1720 gloria,
1419 1669 1586 1714 facerent,
1598 1668 1759 1720 permissi
1774 1677 1854 1705 sunt
1868 1668 1901 1705 in
1915 1668 2140 1705 tentationem
2150 1667 2238 1715 labi,

1282 1740 1321 1768 ut
1341 1730 1586 1768 multitudinis
1603 1730 1714 1781 gloria
1731 1730 1871 1776 nudati,
1892 1738 2037 1781 propter
2054 1743 2161 1780 quam
2177 1729 2240 1767 dee

1282 1791 1448 1829 trimenta
1462 1791 1580 1829 omnia
1598 1791 1755 1843 perpessi
1773 1799 1865 1836 sunt,
1881 1791 2027 1841 ejusque
2043 1789 2164 1841 gloriae
2175 1803 2237 1827 na-

1282 1862 1401 1890 turam
1431 1852 1466 1889 in
1496 1851 1597 1889 nullo
1616 1851 1704 1889 flore
1723 1851 1806 1888 foeni
1833 1864 1906 1888 esse
1924 1850 2106 1888 meliorem
2125 1849 2236 1888 addi-

1282 1922 1438 1959 scentes,
1454 1914 1529 1965 jam
1546 1914 1622 1951 Deo
1640 1911 1706 1950 soli
1723 1921 1868 1958 vacent,
1885 1920 1988 1962 atque
2005 1911 2117 1962 ipsius
2133 1925 2236 1949 causa

1283 1974 1415 2012 faciant
1429 1974 1561 2012 omnia.
1573 1974 1666 2012 Sunt
1677 1981 1844 2024 praeterea
1865 1981 1897 2009 et
1910 1971 1989 2008 aliae
2005 1985 2118 2008 causae
2133 1980 2239 2021 atque

1284 2034 1452 2079 rationes,
1466 2043 1498 2071 et
1513 2033 1661 2085 quidem
1674 2033 1779 2084 longe
1792 2033 1848 2070 his
1863 2033 1994 2084 plureS,
2010 2040 2188 2077 caeterum,
2201 2041 2239 2068 ut

1284 2094 1386 2144 dixi,
1413 2094 1516 2133 nobis
1536 2094 1739 2145 incognitae,
1761 2092 1824 2131 sed
1843 2092 2003 2131 omnium
2022 2092 2142 2144 opifici
2163 2093 2239 2129 Deo

1284 2156 1373 2194 bene
1394 2165 1497 2193 notae.
1520 2156 1574 2193 Ne
1592 2155 1704 2206 igitur
1727 2154 1825 2191 iniis
1845 2168 1922 2204 quae
1953 2153 2162 2203 contingunt
2183 2154 2239 2190 in-

1283 2217 1487 2268 dignemur,
1503 2215 1565 2254 sed
1585 2216 1717 2267 gratias
1732 2228 1880 2266 agamus
1898 2230 1905 2250 :
1926 2214 1996 2252 hoc
2012 2215 2106 2251 euim
2121 2222 2238 2264 grato-

1284 2292 1364 2316 rum
1383 2278 1618 2328 fideliumque
1635 2290 1819 2315 servorum
1839 2285 1900 2314 est.
1914 2279 1960 2313 At
1980 2288 2066 2312 vero
2087 2275 2238 2319 tu,dum

1235 2352 1258 2382 c
1285 2338 1476 2376 admiraris
1490 2352 1555 2375 cur
1570 2351 1639 2375 non
1660 2345 1760 2374 antea
1778 2337 1911 2388 potius,
1923 2350 2003 2373 cum
2022 2335 2173 2373 delicate
2189 2336 2239 2372 vi-

1287 2413 1384 2438 veres
1403 2408 1436 2436 et
1468 2398 1529 2436 illa
1560 2397 1679 2435 saeculi
1703 2410 1832 2448 pompa
1868 2396 2019 2447 stipatus
2045 2396 2238 2436 incederes.

1287 2459 1347 2498 scd
1362 2472 1456 2497 nunc
1471 2457 1614 2508 quando
1629 2457 1789 2508 abjecisti
1806 2456 1866 2493 illa
1881 2457 2012 2500 onmia,
2027 2470 2068 2494 ac
2085 2457 2236 2508 teipsum

1287 2531 1400 2559 totum
1428 2522 1502 2558 Deo
1521 2518 1720 2564 devovisti,
1750 2519 1926 2568 pessimus
1951 2527 1983 2554 tc
2011 2518 2069 2554 illc
2096 2517 2235 2555 daemon

1287 2581 1438 2627 invasit,
1460 2580 1553 2617 idem
1576 2592 1721 2629 prorsus
1748 2578 1832 2614 facis
1852 2592 1891 2614 uc
1917 2578 1943 2614 si
1967 2577 2154 2615 admireris
2173 2592 2237 2615 cur

1286 2643 1545 2696 spectatoribus
1571 2640 1689 2678 nullus
1712 2639 1879 2676 molt-stus
1904 2649 1990 2676 essct
2006 2670 2015 2681 ,
2037 2639 2096 2676 scd
2119 2640 2177 2689 qui
2201 2640 2235 2677 in

1286 2705 1450 2757 pugilum
1482 2716 1628 2740 numero
1656 2699 1856 2752 adscriptus
1884 2700 2165 2750 exercitatusque
2200 2701 2234 2737 iu

1286 2777 1460 2804 certamen
1482 2762 1734 2805 descendisset,
1754 2760 1848 2797 luuic
1871 2761 1986 2797 sulum
2008 2775 2051 2797 cx
2069 2762 2235 2798 omuibus

1285 2827 1492 2864 colluctator
1505 2830 1695 2875 expeteret.
1712 2821 1910 2873 pert-uticus
1925 2830 2029 2872 caput
2044 2821 2237 2872 facientque

1285 2886 1484 2924 concidens.
1511 2886 1587 2921 Nun
1614 2883 1679 2919 linc
1698 2896 1781 2931 crgo
1801 2891 1861 2918 <uu
1881 2882 2053 2918 miraculo
2069 2892 2128 2919 aut
2150 2897 2236 2919 uur-

1283 2963 1360 2985 τοι-ι·
1379 2947 1529 2997 (liguum
1548 2953 1620 2988 cst,
1643 2943 1670 2979 si
1695 2957 1756 2979 uus
1783 2941 1842 2980 ille
1862 2943 1960 2993 pugil
1982 2942 2131 2981 adortus
2152 2958 2232 2994 prc-

1237 3030 1260 3058 υ
1284 3009 1346 3045 tuit
1371 3017 1402 3045 ct
1426 3015 1548 3056 urget,
1573 3005 1705 3055 quippe
1731 3004 1795 3040 istu
1816 3012 1867 3040 cst
1889 3004 2125 3054 pugnantium
2156 3005 2230 3042 lex:

1284 3083 1407 3107 ι’(ϊιιιιι
1429 3068 1456 3104 si
1479 3067 1538 3104 illc
1555 3066 1696 3115 dejiciat
1725 3073 1830 3114 atquc
1860 3074 2066 3115 prosternat.
2081 3079 2121 3101 m*
2142 3080 2233 3117 pra·-

1285 3131 1352 3167 iuia
1367 3130 1528 3166 laborum
1550 3125 1738 3169 toth-ustum
1758 3124 2130 3174 gruterst.Qu.·iuuliu
2153 3141 2236 3163 tvm

1285 3206 1353 3228 nou
1372 3189 1551 3242 praevult-t,
1572 3201 1638 3224 unu
1660 3186 1775 3223 solutu
1793 3185 1895 3223 uobis
1914 3185 2004 3223 nihil
2021 3187 2156 3230 utu-uit,
2174 3189 2233 3225 sul

1287 3251 1418 3302 profuit
1441 3248 1651 3300 plurimum.
1668 3246 1834 3283 coullictu
1851 3246 1913 3284 illu
1929 3260 1993 3284 suo
2011 3262 2147 3285 summu
2167 3263 2234 3286 un-

239 3425 251 3439 ¹·
277 3416 390 3449 Mun-l.
413 3420 521 3451 τούτων
545 3422 669 3455 πλείους,
690 3418 791 3451 smil.
817 3424 921 3453 ro‘vrm.
950 3417 1314 3456 mm«.w)⁴42,1,.t‘.‹·ll·t
1336 3435 1442 3451 γ’-ιμ
1461 3433 1476 3451 η
1506 3421 1529 3448 ’.ἶ
1551 3432 1601 3448 m:
1618 3432 1674 3452 ο...
