2513 3871
349 310 362 338 ι
373 290 466 338 036

343 400 449 425 voces
467 382 601 423 Christi
618 381 654 418 in
665 381 742 431 ejus
753 374 1028 416 diminutionem
1047 371 1183 424 accipe.
1193 372 1284 410 Nam

340 441 369 478 si
389 439 445 476 his
458 435 577 480 dictis,
591 442 624 471 et
640 431 806 470 humanis
821 429 856 466 in
875 441 916 466 eo
932 424 1196 471 demonstratis,
1208 422 1285 461 ausi

339 499 420 529 sunt
439 486 586 539 quidam
604 485 724 523 dicere
742 480 927 536 phantasia
954 488 988 517 ct
1008 478 1125 531 specie
1149 485 1287 515 tantum

340 544 458 595 ipsum
488 540 710 578 incarnatum
749 535 881 580 fuisse,
910 533 940 571 si
971 531 1046 569 haec
1075 543 1143 568 non
1174 537 1288 567 essent

338 597 453 639 sacta,
489 593 523 630 in
552 604 659 642 quam
690 602 762 628 non
793 585 1008 625 excidissent
1039 581 1289 636 impietatem?

339 644 494 685 Proinde
506 643 622 682 omnis
633 642 694 694 qui
709 641 840 680 sanctis
853 636 1050 690 Scripturis
1063 635 1193 682 credit,
1205 634 1290 673 ado-

339 709 391 738 ret
412 697 625 738 Trinitatem
647 695 853 738 increatam,
876 689 1218 736 incommutabilem,
1237 688 1287 726 in-

339 751 550 790 variabilem
565 778 575 797 ,
621 749 922 801 omnipotentem,
965 743 1071 783 simul
1113 741 1291 795 principio

338 813 531 849 carentem,
554 811 763 840 coaeternam
781 809 815 838 et
833 795 1171 837 consubstantialem
1189 811 1196 832 :
1226 795 1293 832 Pa-

339 867 442 905 trem,
452 866 486 895 et
498 855 644 902 Filium,
657 854 758 907 prius
770 851 916 904 quidem
928 850 1060 901 absque
1070 863 1186 892 carne.
1195 847 1292 886 dein·

340 910 386 949 de
408 919 525 948 autem
556 907 739 947 voluntate
764 905 908 958 propria
935 903 971 941 in
1001 903 1071 941 sine
1098 901 1293 954 perfectum

342 963 524 1002 hominem
544 961 689 1005 sactum.
708 959 840 1010 absque
868 964 1024 1010 peccato,
1050 955 1184 1006 absque
1207 968 1292 992 ver·

342 1016 440 1055 sione
454 1025 488 1054 et
507 1014 701 1053 mutatione
714 1012 767 1050 sui
782 1027 790 1048 ε
813 1011 923 1049 homo
938 1009 1033 1047 enim
1051 1009 1176 1054 sactus,
1192 1021 1294 1045 mau-

343 1070 390 1108 sit
405 1067 440 1106 id
454 1067 549 1128 quod
565 1075 654 1112 erat,
671 1079 796 1118 nempe
812 1065 931 1110 Deus;
950 1075 1019 1100 non
1040 1061 1134 1099 enim
1158 1059 1295 1098 excidit

343 1137 363 1159 a
383 1122 496 1173 glorta
511 1129 546 1158 et
564 1119 738 1170 dignitate
754 1131 816 1155 sua
840 1132 848 1153 :
871 1125 905 1154 et
924 1114 1099 1167 Spiritum
1119 1123 1294 1160 sanctum,

343 1174 521 1226 Spiritum
579 1172 614 1209 ui
648 1171 818 1222 loquutus
845 1177 897 1206 est
917 1182 980 1219 per
1001 1166 1204 1219 prophetas,
1226 1170 1295 1204 Eos

343 1235 460 1264 autem
474 1225 533 1276 qui
579 1225 675 1262 icunt
692 1223 839 1269 Filium,
852 1229 913 1258 aut
926 1219 1103 1271 Spiritum
1118 1227 1294 1266 sanctum,

344 1292 498 1326 versum,
526 1277 581 1315 vel
604 1284 796 1323 mutatum,
817 1273 874 1311 vel
901 1271 1046 1310 alterius
1069 1270 1292 1316 substantiae,

343 1331 399 1369 vel
426 1345 472 1368 ex
497 1329 612 1368 nihilo
638 1329 784 1372 sactum,
810 1327 868 1365 vet
895 1324 994 1376 quod
1019 1323 1127 1361 suerit
1155 1332 1296 1375 tempus

343 1383 486 1435 quando
507 1396 575 1421 non
599 1390 690 1429 erat,
722 1380 946 1418 anathemate
965 1378 1109 1416 damnet
1136 1375 1295 1416 Ecclesia

343 1437 530 1475 catholica.
561 1435 753 1474 Sufficiunt
773 1434 838 1471 ista
860 1431 989 1479 cuivis,
1018 1429 1157 1468 tametsi
1208 1442 1295 1466 auca

345 1489 438 1538 sint;
465 1488 582 1527 omnia
601 1488 697 1526 enim
717 1495 880 1531 tractare,
902 1483 1146 1537 impossibile;
1167 1444 1297 1521 ‹iocen-

345 1551 415 1581 tem
440 1542 535 1580 enim
566 1555 623 1579 me
647 1540 814 1579 deficeret
844 1548 996 1590 tempus.
1028 1537 1152 1586 Neque
1180 1537 1296 1587 ipsum

303 1641 312 1650 ⁰
347 1595 521 1634 mundum
543 1594 671 1646 opinor
694 1606 820 1644 capere
839 1591 966 1638 libros,
984 1589 1046 1641 qui
1079 1588 1295 1626 scribuntur.

348 1650 421 1688 Nos
432 1657 552 1685 autem
567 1647 704 1698 indigni
722 1646 783 1697 qui
804 1653 938 1683 tantam
951 1657 995 1681 ex
1012 1642 1121 1680 sacris
1133 1642 1295 1694 Scriptu-

348 1703 397 1740 ris
422 1701 610 1739 utilitatem
630 1712 873 1750 assequamur,
893 1696 1082 1735 adoremus
1107 1696 1246 1733 Patrem
1266 1703 1301 1732 ct

350 1754 483 1793 Filium
514 1762 547 1792 et
566 1752 744 1806 Spiritum
763 1760 941 1797 sanctum,
965 1748 1022 1788 cui
1051 1748 1096 1786 sit
1128 1748 1241 1800 gloria
1269 1756 1302 1785 et

350 1807 541 1860 imperium
560 1806 596 1845 in
616 1805 744 1845 saecula
766 1804 992 1844 saeculorum.
1011 1804 1137 1841 Amen.

396 1930 412 1946 ¹¹
437 1927 450 1974 [
466 1927 546 1961 Fors
570 1934 599 1963 h
613 1936 654 1972 τῷ
671 1931 742 1963 εἶναι
760 1933 835 1966 θεός.
852 1931 884 1962 οὗ
901 1932 959 1972 γὰρ
973 1930 1090 1971 ἐτράπη
1107 1929 1140 1959 τὸ
1155 1932 1218 1963 τῆς.
1244 1921 1365 1965 Satist]

1360 489 1415 512 σει
1435 472 1506 524 ἰδία
1530 471 1851 525 ἐνανθρωπήσαντα
1876 472 2058 524 vexatum

1259 287 1436 319 spuma·

1363 369 1515 420 α’ναρχον
1529 397 1539 414 ,
1580 365 1754 405 συναίδιον
1791 368 1850 405 καὶ
1884 366 2067 417 ὁμοούσιον
2084 396 2092 413 ,
2123 362 2288 414 Πατέρα,
2326 368 2384 405 καὶ

1361 422 1444 460 Υῑὸν
1457 450 1469 468 ,
1483 421 1542 459 τὸν
1562 419 1687 471 πρῴην
1717 419 1781 468 μὲν
1810 421 1964 472 ἅσαρκον
1977 449 1988 467 ,
2004 419 2063 458 ἐπὶ
2085 419 2177 458 τέλει
2197 415 2234 455 δὲ
2256 418 2385 468 βουλή-

2247 490 2270 513 α
2328 488 2370 517 ας

1362 527 1545 577 ἀτρέπτως
1570 525 1630 563 καὶ
1660 525 1919 569 ἀναλλοιώτως·
1937 524 2088 575 γεγονὼς
2110 524 2179 576 γὰρ
2208 472 2390 578 goma}

1363 581 1477 629 ἔμεινε
1493 580 1562 617 ’τὸ
1582 572 1671 616 εἶναι
1687 577 1778 621 Θεός
1791 593 1799 601 ·
1818 579 1857 617 οὗ
1878 578 1946 630 γὰρ
1970 578 2106 630 ἐτράπη
2119 581 2182 624 τῆ(
2204 583 2309 620 αὐτοῦ
2327 577 2390 616 δό-

1365 632 1423 680 ξης
1447 632 1508 670 καὶ
1531 630 1646 676 ἀξίας·
1663 630 1723 669 καὶ
1742 630 1783 669 τὸ
1814 632 1963 681 Πνεῦμα
1983 631 2023 670 τὸ
2046 631 2162 681 ἅγιον,
2185 635 2333 684 Πνεῦμα
2350 631 2392 670 τὸ

1363 687 1522 730 λαλῆσαν
1536 683 1594 723 διὰ
1604 685 1675 722 τῶν
1691 685 1893 736 προφητῶν.
1909 683 2001 727 Τοὺς
2015 683 2051 722 δὲ
2065 684 2104 721 λ’
2128 698 2230 731 οντας
2244 684 2391 739 τρε-κτὸν

1365 740 1423 777 τὸν
1441 738 1540 783 Υἱὸν,
1560 736 1583 784 ἢ
1599 737 1640 775 τὸ
1659 737 1820 788 Πνεῦμα,
1842 735 1866 783 ἢ
1885 699 2127 783 &noum-om}
2141 738 2176 785 ἐξ
2194 739 2314 791 ἐτέρας
2329 739 2391 776 οὗ·

1366 791 1461 835 σίας,
1479 790 1502 837 ἢ
1529 789 1562 834 ἐξ
1588 790 1651 828 οὐκ
1680 790 1787 828 ὄντων
1815 789 1997 842 γεγονότα,
2014 788 2038 836 ἢ
2056 789 2110 828 ὅτι
2127 785 2171 838 ἦν
2194 792 2314 846 καιρὸς
2335 790 2392 829 ὅτι

1367 847 1430 884 οὐκ
1444 839 1486 892 ἦν
1501 873 1510 892 ,
1530 843 1815 892 ἀναθεματιζέτω
1831 841 1952 887 αὐτοὺς
1963 845 1986 889 ἡ
2000 844 2168 891 καθολικὴ
2184 843 2394 892 Ἐκκλησία.

1369 897 1543 950 Ἔπαρκεῖ
1563 896 1599 934 δὲ
1619 900 1731 934 ταῦτα
1759 899 1810 948 τῷ
1840 896 2060 948 βουλομένῳ,
2079 895 2145 933 κᾶν
2166 897 2267 949 ὀλίγα
2284 889 2391 935 ὦσιν·

1369 951 1508 989 ἅπαντα
1542 949 1610 1002 γὰρ
1640 949 1822 994 διεξελθεῖν
1849 950 2016 988 ἀδύνατον
2032 961 2041 970 ·
2064 949 2234 990 ἐπιλείψει
2254 949 2324 1004 γάρ
2351 963 2395 998 με

1369 1003 1594 1053 διηγούμενον
1611 1005 1630 1040 ὁ
1642 1004 1780 1067 χρόνος.
1804 1001 1898 1040 Οὐδὲ
1919 1002 2022 1040 αὐτὸν
2043 1001 2111 1054 γὰρ
2133 992 2234 1053 οἶμαι
2253 1003 2312 1042 τὸν
2330 1001 2396 1040 κό-

1369 1072 1456 1106 σμον
1471 1059 1631 1108 χωρῆσαι
1643 1071 1687 1093 τα
1701 1055 1906 1107 γραφόμενα
1922 1054 2055 1105 βιὸλία.
2072 1054 2197 1107 Ἡμεῖς
2213 1056 2248 1094 δὲ
2261 1057 2293 1095 οἳ
2310 1053 2397 1093 ἄνᾶ-

1371 1109 1434 1153 {toi
1448 1140 1458 1157 ,
1497 1112 1528 1147 οἱ
1562 1107 1834 1153 καταξιωθέντες
1870 1109 2091 1160 ὠφεληθῆναι
2129 1111 2168 1147 ἐκ
2203 1112 2274 1147 τῶν
2296 1106 2397 1146 θείων

1370 1163 1520 1214 Γραφῶν
1535 1191 1546 1209 ,
1568 1164 1822 1213 προσκυνῶμεν
1841 1161 1987 1212 Πατέρα
2007 1161 2067 1198 καὶ
2097 1161 2182 1200 Υἱὸν
2207 1162 2269 1200 καὶ
2299 1159 2399 1212 ἅγιον

1371 1215 1541 1266 Πνεῦμα,
1563 1207 1593 1265 ᾧ
1610 1217 1633 1260 ἡ
1665 1213 1747 1257 δόξα
1769 1214 1828 1252 καὶ
1846 1215 1887 1252 τὸ
1905 1214 2051 1265 κράτος,
2081 1216 2129 1258 εἰς
2155 1214 2235 1258 τοὺς
2271 1214 2401 1256 αἰῶνας

1370 1268 1440 1304 τῶν
1460 1266 1610 1305 αἰώνων.
1633 1265 1755 1317 Ἀμήν.
