2513 3871
127 2119 279 2147 (toust-uio

95 2168 223 2196 peccato-

93 2211 157 2228 rum

92 2242 156 2271 «lar.
174 2243 204 2273 8.
218 2244 250 2281 4.

103 2673 214 2702 alaidi.

104 2723 110 2740 ι
122 2713 150 2742 3.

295 268 387 316 97⁰

294 347 473 403 spirituali
489 344 643 383 :edificio
655 342 879 387 ratiocinare,
892 347 1000 390 atque
1013 337 1176 377 eamdem
1191 336 1242 374 fer

291 407 512 449 sententiam.
528 405 632 451 Ecce,
646 417 708 441 nos
718 402 877 453 quidem,
889 408 1076 452 postquam
1091 397 1128 436 id
1140 396 1243 435 nobis

293 467 449 508 muneris
472 480 493 503 a
520 464 633 516 gratia
659 462 784 501 divina
810 461 970 499 delatum
991 468 1058 506 est,
1089 458 1243 510 singulis

289 527 419 565 diebus
436 523 622 575 spirituale
645 521 711 560 boc
729 519 924 558 :edificium
941 518 978 556 in
1003 517 1115 556 altum
1131 515 1242 568 erigi·

290 600 384 632 mus,
412 593 447 623 et
476 598 539 622 vos
567 583 611 621 ad
642 582 787 620 virtutis
812 580 1016 619 doctrinam
1044 577 1243 631 provehere

290 646 472 685 studemus
487 660 495 680 :
513 653 549 682 at
564 643 728 682 nonnulli
744 642 807 693 qui
823 641 895 680 buc
909 648 1139 687 concurrunt,
1153 638 1243 678 aedi-

291 708 413 745 licium
433 705 547 744 multo
566 718 647 743 cum
668 704 789 742 labore
805 712 951 741 auctum
978 716 1049 740 uno
1074 700 1244 753 temporis

291 777 472 807 momento
495 767 570 806 suis
589 764 852 820 propemodum
877 763 1043 802 manibus
1064 777 1127 816 per
1144 777 1244 801 sum·

293 843 388 868 mam
403 828 493 868 hanc
507 827 685 867 desidiam
698 827 734 865 in
749 826 996 879 pavimentum
1010 824 1245 877 dejiciunt,et

293 890 395 930 nobis
407 889 554 942 quidem
577 890 754 941 ingentem
779 887 862 926 inde
887 886 1068 925 tristitiam
1088 886 1246 939 pariunt,

291 951 362 990 sibi
393 966 478 990 vero
507 949 698 1004 perniciem
729 959 925 988 extremam
955 958 988 987 et
1024 947 1246 987 intolerabile

294 1014 467 1051 damnum
484 1012 709 1051 contrahunt.

346 1077 384 1112 2.
413 1073 603 1126 Asperiore
629 1073 774 1110 sortasse
798 1069 1071 1124 reprehensione
1099 1071 1154 1109 usi
1182 1084 1247 1109 su-

295 1147 374 1172 mus
397 1149 406 1171 :
432 1134 462 1171 si
487 1142 666 1185 spectetur
693 1132 840 1182 quidem
867 1140 1034 1183 paternus
1062 1130 1122 1169 hic
1148 1145 1248 1169 amor

294 1203 436 1240 noster,
465 1193 665 1245 asperiore;
697 1193 752 1231 sin
780 1200 900 1230 autem
933 1191 1090 1242 gravitas
1124 1191 1249 1230 delicti

291 1263 481 1307 spectetur,
504 1268 547 1292 ne
564 1254 650 1292 satis
669 1251 817 1303 quidem
840 1251 966 1303 digna.
989 1252 1245 1290 Verumtamen

291 1315 460 1366 quoniam
475 1314 586 1367 lapsis
598 1327 725 1352 manus
736 1321 788 1351 est
804 1311 1031 1364 porrigenda,
1045 1321 1151 1363 atque
1162 1326 1244 1363 erga

291 1377 371 1415 illos
392 1376 452 1428 qui
472 1385 543 1414 tam
558 1375 777 1427 negligentes
799 1374 954 1421 suerunt,
969 1382 1114 1425 paterna
1139 1374 1245 1412 cxlii-

291 1437 405 1476 benda
421 1446 473 1475 est
487 1436 745 1483 benevolentia,
757 1449 800 1473 ne
812 1435 864 1473 sic
877 1433 1023 1486 quidem
1037 1434 1082 1473 de
1099 1435 1245 1473 illorum

290 1499 403 1537 salute
431 1498 678 1550 desperamus,
700 1496 898 1535 dummodo
929 1509 998 1535 non
1026 1496 1183 1548 amplius
1209 1496 1246 1535 in

290 1559 412 1598 eadem
435 1559 547 1598 velint
575 1558 748 1606 recidere,
779 1557 842 1596 sed
871 1558 942 1596 huc
969 1572 1082 1609 usque
1109 1567 1246 1597 tantum

292 1621 515 1672 negligentia:
535 1634 607 1658 suae
638 1619 839 1671 indulgere,
869 1619 1010 1670 sibique
1036 1619 1123 1671 ipsis
1144 1618 1246 1658 aditu

291 1681 504 1720 circensium
533 1690 567 1719 et
592 1681 710 1719 omnis
729 1679 907 1732 ejusmodi
933 1680 1082 1718 satanici
1105 1689 1247 1733 specta-

291 1742 362 1780 culi
383 1741 609 1783 inteidicant.
637 1741 838 1794 Benignum
870 1741 982 1791 enim,
1020 1741 1245 1790 clementem,

290 1818 331 1842 ac
352 1803 544 1857 providum
564 1803 736 1842 habemus
758 1803 968 1849 Dominum,
991 1803 1054 1854 qui
1082 1816 1165 1841 cum
1186 1817 1247 1840 na·

291 1874 380 1903 turae
402 1874 529 1904 nostrae
548 1865 689 1903 noverit
718 1864 1015 1910 imbecillitatem,
1036 1863 1101 1902 ubi
1128 1864 1247 1916 negli-

292 1926 409 1977 gentia
429 1926 648 1979 supplantati
667 1925 701 1963 in
724 1934 905 1977 peccatum
922 1925 1071 1977 aliquod
1089 1925 1247 1978 prolapsi

294 1987 481 2034 fuerimus,
505 2002 617 2026 unum
641 1987 681 2025 id
706 1987 824 2026 solum
852 2001 872 2025 a
898 1986 1001 2032 nobis
1020 1986 1186 2038 requirit,
1210 1996 1249 2024 ut

295 2062 339 2087 ne
358 2047 602 2101 desperemus,
620 2048 683 2086 sed
704 2062 725 2086 a
750 2057 894 2100 peceato
912 2047 1130 2092 resiliamus,
1151 2056 1186 2086 et
1203 2048 1248 2086 ad

297 2110 551 2149 consessionem
563 2123 806 2162 properemus.
817 2108 925 2154 Quod
939 2110 967 2146 si
983 2109 1050 2146 lioc
1064 2108 1248 2156 faciamus,

297 2171 367 2210 cito
386 2185 423 2210 se
450 2171 590 2209 veniam
608 2169 779 2208 daturum
812 2170 1001 2222 pollicetur
1027 2186 1035 2206 :
1061 2170 1136 2222 ipse
1155 2171 1250 2208 enim

296 2241 348 2270 est
366 2231 428 2283 qui
445 2230 535 2270 dicit
550 2248 560 2270 z
584 2231 784 2283 Numquid
800 2234 866 2282 qui
887 2232 1008 2277 cadit,
1028 2245 1106 2269 non
1124 2245 1252 2270 resur*-

296 2297 374 2346 git,
394 2301 461 2331 αιιι
481 2294 549 2344 qui
567 2294 705 2331 avertit
730 2306 788 2337 se,
817 2307 894 2331 non
920 2295 1150 2332 revertitur?
1168 2293 1252 2331 llaec

297 2354 409 2405 igitur
427 2368 509 2392 cum
535 2353 703 2404 sciamus,
725 2362 797 2392 tam
827 2353 1033 2393 clementem
1054 2355 1252 2394 Dominum

297 2429 340 2453 ne
354 2429 578 2468 spernamus,
592 2413 653 2452 sed
675 2414 820 2453 noxiam
836 2414 1131 2454 consuetudinem
1145 2430 1251 2468 supe-

297 2491 433 2522 remus,
463 2490 576 2527 neque
607 2490 669 2528 per
697 2475 805 2514 latam
828 2485 968 2528 portam
999 2485 1032 2514 et
1058 2476 1252 2529 spatiosam

298 2537 394 2576 viam
421 2537 642 2583 incedamus,
663 2546 771 2589 prout
790 2537 942 2576 audistis
962 2537 1070 2576 hodie
1090 2553 1254 2577 commu-

298 2612 379 2637 nem
406 2599 601 2637 Dominum
630 2597 881 2637 admonentem
914 2599 948 2637 in
981 2599 1186 2651 cvangelio,
1213 2615 1255 2639 ac

232 2683 262 2702 -,
299 2659 472 2698 dicentem
503 2660 687 2697 :Intrate
716 2672 787 2710 per
823 2667 1035 2710 angustam
1068 2670 1221 2710 portam
1242 2691 1252 2709 ,

302 2723 395 2771 quia
412 2721 495 2758 lata
511 2728 625 2771 porta
644 2728 680 2757 et
701 2722 873 2771 spaeIosa
892 2722 965 2757 via
983 2728 1037 2758 est
1050 2750 1061 2768 ,
1082 2735 1168 2771 quoe
1186 2722 1252 2760 du·

302 2784 352 2819 cil
371 2781 424 2819 ad
438 2783 690 2832 perditionem
703 2810 713 2828 ,
728 2790 763 2819 et
783 2781 901 2819 multi
917 2789 1004 2818 sunt
1022 2782 1091 2832 qui
1103 2785 1253 2822 intrant

299 2857 364 2892 per
393 2857 490 2881 eam.
521 2843 616 2880 Dum
649 2841 754 2879 audis
786 2841 894 2879 latam
926 2856 1002 2880 esse
1033 2851 1186 2894 portam,
1220 2853 1254 2883 ct

302 2905 489 2954 spatiosam
517 2903 624 2950 viam,
640 2917 682 2941 ne
700 2897 894 2955 decipiaris
910 2903 944 2941 in
962 2903 1126 2951 exordio,
1142 2919 1254 2957 neque

303 2964 393 3001 illud
420 2973 568 3015 spectes,
597 2963 695 3015 quod
716 2965 819 3002 multi
844 2964 915 3002 sint
934 2964 996 3015 qui
1019 2980 1080 3017 per
1098 2980 1172 3005 cam
1195 2968 1249 3006 in-

305 3033 418 3071 trent,
433 3024 493 3062 sed
509 3025 600 3063 illud
616 3024 870 3072 animadverte,
887 3040 921 3064 in
942 3036 1133 3077 angustum
1154 3029 1251 3067 illam

307 3086 410 3121 linem
434 3084 607 3123 desinere.
632 3085 726 3123 lllud
747 3101 889 3137 quoque
911 3086 1105 3139 prudenter
1132 3090 1251 3128 consi-

306 3144 401 3190 dera,
433 3160 651 3196 nequaquam
677 3146 722 3184 de
751 3148 870 3185 sensili
900 3158 999 3200 porm
1032 3151 1139 3189 verba
1167 3152 1255 3197 sieri,

310 3219 418 3255 neque
431 3206 474 3243 de
490 3207 544 3243 via
561 3207 786 3259 sitnplidter,
802 3208 862 3247 sed
879 3209 923 3247 tle
944 3219 1015 3248 tota
1034 3211 1104 3249 vita
1123 3223 1255 3259 nostra,

308 3266 351 3301 ‹le
374 3266 501 3304 virtute
519 3283 559 3304 ac
582 3269 668 3305 vitio
687 3268 964 3309 admonitionem
985 3286 1072 3310 esse.
1092 3275 1255 3326 Propter-

356 3415 365 3425 ·
393 3404 481 3434 tinu-
500 3419 608 3437 eum:
627 3421 731 3443 νοτ-του,
750 3407 831 3439 ultus
845 3414 953 3443 ποὶὶοῦ
968 3420 1062 3445 ‹la-021.

356 3458 371 3477 t.
395 3459 517 3487 Ouium
534 3456 595 3487 11»,
627 3466 655 3487 et
671 3459 770 3490 §.n-l.
791 3472 822 3491 in
839 3473 941 3499 marg.
961 3479 991 3496 n
1010 3471 1093 3498 '22an
1114 3482 1136 3503 ,·.

713 260 752 291 S.
789 257 975 291 JOANMS
1009 254 1252 286 cunvsosT.
1293 253 1501 283 Ancntffl’.
1540 252 1902 284 CONSTANTINOP-

1316 335 1401 387 ὕψος
1415 335 1595 389 ἐγείρομεν
1608 366 1617 381 ,
1633 337 1693 375 καὶ
1711 336 1798 389 πρὸς
1823 335 1888 382 τὴν
1916 339 1979 383 τ’ἧς
2009 337 2135 389 ἀρετῆς
2171 339 2342 378 διδασκα·

1315 395 1392 433 λίαν
1422 398 1515 446 ὑμᾶς
1543 396 1679 448 ἐνάγειν
1713 396 1977 449 σπουδάζομεν·
2006 400 2098 442 τινὲς
2129 398 2166 436 δὲ
2183 401 2254 438 τῶν
2281 402 2341 438 ἐν-

1314 460 1425 496 ταῦθα
1441 457 1700 510 συντρεχόντων
1726 457 1791 505 τὴν
1822 459 1913 509 μετὰ
1933 459 2084 497 ’πολλοῦ
2111 459 2218 497 πόνου
2238 459 2342 506 αὐξη-

1315 521 1434 556 θεῖσαν
1453 519 1642 570 οἰκοδομὴν
1661 520 1698 557 ἐν
1719 525 1785 571 μιᾷ
1809 523 1933 573 καιροῦ
1950 521 2043 572 ῥοπῇ
2069 520 2253 573 μονονουχὶ
2267 526 2345 565 ταῖς

1315 579 1459 623 οἰκείαις
1485 579 1589 632 χερσὶ
1618 579 1677 619 διὰ
1701 581 1764 626 τῆς
1797 580 1931 632 ἀφέτου
1947 581 2077 628 ταύτης
2106 581 2278 633 ῥᾳθυμίας
2296 583 2345 625 είς

1316 642 1441 693 ἔδαφος
1462 641 1688 692 κατάγουσιν,
1706 645 1793 692 ἡμῖν
1810 641 1873 692 μὲν
1886 642 2020 689 πολλὴν
2035 642 2099 689 τὴν
2117 643 2268 693 ἀθυμίαν
2289 645 2344 682 ἐν·

1313 705 1431 740 τεῦθεν
1451 702 1626 746 τίκτοντες
1640 731 1650 748 ,
1667 704 1803 746 ἑαυτοῖς
1820 702 1857 742 ὀἳ
1875 703 2038 754 μέγιστον
2055 702 2114 741 τὸν
2129 703 2268 756 ὄλεθρον
2282 703 2343 742 καὶ

1315 764 1379 810 τὴν
1400 764 1528 814 ζημίαν
1549 765 1735 817 ἀφόρητον.

1372 1061 1480 1115 Τάχα
1511 1062 1746 1116 σφοδροτέραν
1769 1062 1832 1108 τὴν
1852 1063 2057 1113 ἐπιτίμησιν
2086 1062 2341 1113 ἐποιησάμεθα·

1317 1123 1397 1162 ὅσον
1415 1125 1478 1174 μὲν
1503 1125 1588 1176 πρὸς
1606 1123 1670 1171 τὴν
1689 1123 1867 1175 ἡμετέραν
1886 1124 2131 1176 φιλοστοργίαν
2158 1123 2346 1176 σφοδροτί-

1320 1201 1400 1237 ραν,
1423 1185 1502 1223 ὅσον
1531 1185 1567 1224 δὲ
1596 1185 1681 1235 πρὸς
1706 1185 1746 1223 τὸ
1774 1185 1917 1236 μέγεθος
1944 1188 2004 1223 τοῦ
2036 1185 2344 1236 πλημμελήματος

1318 1246 1394 1284 οὐδὲ
1413 1246 1476 1292 τὴν
1494 1246 1606 1290 ἀξίαν.
1621 1245 1714 1284 Ἀλλ’
1730 1246 1826 1296 ὅμως
1845 1245 1966 1291 ἐπειδὴ
1982 1245 2106 1284 δεῖκαὶ
2118 1252 2189 1289 τοῖς
2203 1261 2345 1285 πεπτω-

1318 1308 1396 1346 κόσι
1414 1314 1518 1360 χεῖρα
1536 1307 1671 1360 ὀρέγειν
1685 1336 1694 1354 ,
1710 1308 1770 1344 καὶ
1800 1307 1882 1358 περὶ
1910 1305 1988 1350 τοὺς
2016 1311 2178 1346 τοσοῦτον
2199 1309 2346 1359 ἐῤῥᾳθυ·

1319 1369 1478 1417 μηκότας
1508 1367 1573 1415 τὴν
1604 1367 1781 1420 πατρικὴν
1811 1366 1947 1406 εὔνοιαν
1983 1367 2244 1416 ἐπιδείξασθαι,
2267 1368 2346 1407 οὐδε

1317 1429 1425 1473 οὕτως
1445 1429 1709 1481 ἀπαγορεύομεν
1730 1430 1845 1472 αὐτοῖς
1857 1428 1921 1475 τὴν
1942 1429 2121 1481 σωτηρίαν
2135 1445 2144 1454 ·
2162 1429 2266 1481 μόνον
2286 1429 2345 1469 ἐὰν

1319 1492 1520 1542 βουληθῶσι
1554 1490 1683 1541 μηκέτι
1723 1495 1795 1533 τοῖς
1830 1492 1945 1534 αὐτοῖς
1973 1490 2079 1530 πάλιν
2117 1495 2320 1544 περιπεσεῖν
2332 1520 2344 1537 ,

1316 1552 1408 1592 ἀλλὰ
1441 1552 1548 1605 μέχρι
1570 1553 1693 1591 τούτου
1730 1554 1859 1599 στῆσαι
1895 1551 1940 1590 τὰ
1970 1553 2033 1598 τῆς
2059 1552 2252 1605 ῥᾳθυμίας,
2286 1553 2347 1593 καὶ

1316 1618 1557 1667 ἀπαγορεῦσαι
1578 1617 1713 1658 ἑαυτοῖς
1728 1614 1791 1660 τὴν
1810 1613 1869 1651 ἐπὶ
1884 1612 1946 1657 τὰς
1963 1615 2199 1667 ἱπποδρομίας
2214 1614 2348 1660 ἄνοδον,

1316 1676 1374 1714 καὶ
1392 1682 1513 1715 πᾶσαν
1536 1677 1600 1723 τὴν
1615 1675 1782 1722 τοιαύτην
1803 1675 1998 1721 σατανικὴν
2026 1676 2188 1730 θεωρίαν.
2208 1679 2347 1716 Δεσπό-

1316 1752 1379 1784 την
1394 1737 1462 1788 γὰρ
1480 1737 1608 1789 ἔχομεν
1625 1737 1871 1790 φιλάνθρωπον
1888 1737 1947 1775 καὶ
1967 1736 2098 1789 ἥμερον
2117 1737 2179 1777 καὶ
2191 1739 2347 1788 κηδεμο-

1316 1798 1426 1845 νικὸν,
1440 1798 1496 1845 ὃς,
1515 1798 1637 1844 ἐπειδὴ
1653 1791 1724 1836 οἶδε
1746 1796 1834 1844 Ι’τὴν
1852 1798 2034 1836 ἀσθένειαν
2053 1801 2116 1845 τῆς
2132 1798 2270 1851 φύσεως
2284 1802 2348 1845 τ’ἧς

1316 1858 1513 1911 ἡμετέρας,
1547 1858 1689 1897 ἐπειδὰν
1724 1858 1957 1911 ἁμαρτήματί
1992 1875 2060 1898 τινι
2099 1861 2345 1912 περιπέσωμεν

1319 1921 1472 1975 ῥαθυμίᾳ
1505 1920 1834 1967 ὑποσκελισθέντες,
1863 1922 1899 1958 ἓν
1934 1920 2038 1971 μόνον
2070 1923 2229 1969 ἐπιζητεῖ
2260 1922 2348 1974 παρ’

1317 1987 1418 2035 ἡμῶν
1431 2013 1441 2031 ,
1464 1983 1514 2034 μὴ
1534 1985 1751 2032 ἀπογνῶναι,
1769 1983 1859 2021 ἀλλὰ
1875 1985 2071 2029 ἀποστῆναι
2091 1987 2152 2022 τοῦ
2174 1984 2343 2035 πλημμε·

1319 2046 1496 2096 λήματος,
1533 2045 1593 2082 καὶ
1620 2044 1706 2096 πρὸς
1741 2043 1804 2090 τὴν
1838 2044 2087 2095 ἐξομολόγησιν
2121 2047 2344 2097 ἐπειχθῆναι.

1321 2107 1395 2146 Κᾶν
1412 2111 1513 2145 τοῦτο
1526 2105 1730 2156 ποιήσωμεν
1742 2134 1752 2152 ,
1772 2112 1918 2158 ταχεῖαν
1939 2109 2023 2156 ἡμῖν
2037 2107 2100 2154 τὴν
2122 2106 2349 2160 συγχώρησιν

1321 2168 1578 2221 ἐπαγγέλλεται
1592 2181 1598 2189 ·
1615 2167 1719 2212 αὐτὸς
1732 2167 1801 2219 γάρ
1816 2169 1911 2207 ἐστιν
1926 2170 1944 2206 ὁ
1956 2169 2068 2219 λέγων
2084 2183 2093 2192 ·
2109 2169 2170 2218 Μὴ
2182 2172 2202 2208 δ
2214 2170 2353 2208 πίπτων

1321 2231 1384 2269 οὐκ
1415 2229 1625 2276 ἀνίσταται,
1661 2228 1684 2276 ἢ
1713 2233 1732 2268 ὁ
1759 2229 1988 2281 ἀποστρέφων
2035 2230 2096 2268 οὐκ
2128 2230 2366 2284 επιστρίφεις,

1320 2294 1354 2331 Τ
1357 2295 1446 2330 αῧτα
1473 2291 1588 2331 τοίνυν
1617 2291 1767 2340 εἰδότες,
1795 2289 1845 2339 μὴ
1879 2292 2156 2344 καταφρονῶμεν
2178 2295 2240 2331 τοῦ
2263 2291 2353 2331 οὕτω

1320 2352 1570 2406 φιλανθρώπου
1587 2352 1782 2400 Δεσπότου,
1794 2352 1886 2392 ἀλλὰ
1899 2352 2161 2403 περιγινώμεθα
2172 2354 2236 2399 τῆς
2250 2369 2356 2401 συνη·

1323 2414 1416 2459 θείας
1434 2417 1497 2460 τῆς
1516 2413 1745 2457 ἐπιὸλαὸοῦς·
1764 2412 1896 2463 καὶμὴ
1918 2412 1982 2461 τὴν
2012 2415 2186 2453 πλατεῖαν
2216 2413 2353 2465 πύλην,

1323 2476 1383 2514 καὶ
1408 2475 1606 2528 εὐρύχωρον
1632 2475 1709 2514 ὁδὸν
1748 2474 1947 2526 βαδίζωμεν
1960 2487 1969 2496 ·
2004 2475 2168 2527 καθάπερ
2203 2475 2355 2529 σήμερον

1323 2537 1497 2585 ἠκούσατε
1515 2541 1576 2576 τοῦ
1608 2539 1724 2576 κοινοῦ
1744 2536 1888 2575 πάντων
1908 2536 2090 2576 Δεσπότου
2106 2541 2356 2590 παραινοῦντος

1325 2602 1359 2638 ἐν
1394 2602 1445 2652 τῷ
1478 2598 1688 2651 εὐαγγελίῳ,
1719 2597 1778 2636 καὶ
1811 2597 1989 2648 λέγοντος·
2014 2597 2198 2637 mamm
2216 2596 2276 2637 διὰ
2292 2600 2356 2645 τῆς

1324 2663 1448 2706 στενῆς
1469 2659 1583 2707 πύλης
1596 2687 1606 2706 ,
1628 2658 1683 2698 ὅτι
1702 2660 1855 2697 πλατεῖα
1873 2662 1895 2704 ἡ
1921 2658 2016 2705 πύλη
2037 2658 2100 2697 καὶ
2114 2658 2313 2712 εὐρύχωρος
2330 2663 2352 2706 ἡ

1323 2721 1400 2765 ὁδὸς
1417 2725 1439 2768 ἠ
1462 2720 1647 2772 ἀπάγουσα
1662 2720 1710 2762 εἰς
1729 2717 1792 2765 τὴν
1812 2719 2063 2764 ἀπώλειαν,καὶ
2078 2719 2202 2759 πολλοί
2220 2720 2306 2760 εἰσιν
2321 2723 2354 2759 οἱ

1324 2782 1564 2834 εἰσερχόμενοι
1594 2780 1640 2818 δι’
1671 2781 1791 2825 αὐτῆς.
1811 2779 2002 2824 ““Λκούσας
2026 2781 2198 2819 πλατεῖαν
2213 2781 2353 2830 πύλην,

1324 2843 1384 2883 καὶ
1404 2843 1598 2895 εὐρύχωρον
1617 2842 1715 2888 ὁδὸν,
1741 2841 1791 2891 μὴ
1821 2847 1891 2884 τοῖς
1919 2841 2116 2893 προοιμίοις
2148 2844 2353 2894 ἀπατηθῇς,

1325 2904 1412 2956 μηδὲ
1425 2934 1435 2951 ,
1452 2904 1505 2943 ὅτι
1540 2903 1664 2942 πολλοὶ
1693 2902 1910 2954 εἰσέρχονται
1928 2901 1972 2940 δι’
1989 2905 2115 2950 αὐτῆς,
2133 2907 2238 2943 τοῦτο
2255 2903 2331 2957 ἴδῃς
2342 2932 2354 2951 ,

1325 2968 1402 3006 ἀλλ’
1419 2966 1526 3006 ἐννόει
1539 2965 1591 3004 ὅτι
1612 2966 1658 3008 εἰς
1671 2965 1789 3004 στενὸν
1808 2964 2043 3017 καταστρέφει
2069 2963 2180 3008 τέλος.
2203 2967 2354 3005 Κάκεῖνο

1326 3028 1362 3068 δὲ
1379 3031 1529 3071 συνετῶς
1544 3027 1682 3078 λογίζου
1696 3055 1707 3073 ,
1723 3025 1776 3065 ὅτι
1790 3028 1829 3065 οὐ
1848 3026 1929 3078 περὶ
1945 3029 2115 3074 αἰσθητῆς
2130 3026 2244 3074 πύλης
2258 3028 2354 3066 ἔστὶν

1326 3094 1345 3128 ὁ
1364 3091 1479 3140 λόγος,
1500 3089 1578 3128 οὐδὲ
1595 3089 1675 3140 περὶ
1695 3089 1775 3127 ὁδοῦ
1791 3088 1912 3130 ἁπλῶς
1926 3117 1935 3131 ,
1952 3088 2043 3126 ἀλλὰ
2061 3089 2142 3139 περὶ
2161 3088 2277 3136 πάσης
2292 3091 2355 3136 τῆς

1329 3154 1419 3197 ζωῆς
1441 3155 1502 3196 τῆς
1521 3149 1707 3201 ἡμετέρας,
1723 3149 1782 3187 καὶ
1802 3148 1884 3200 περὶ
1904 3149 2028 3200 ἀρετῆς
2048 3149 2108 3187 καὶ
2122 3148 2248 3193 κακίας
2261 3149 2355 3189 ἐστὶν

1330 3215 1352 3258 ἡ
1377 3212 1591 3263 παραίνεσις.
1617 3210 1683 3249 Ami
1716 3226 1769 3249 τοι
1793 3212 1896 3247 τοῦτο
1928 3210 1987 3247 καὶ
2019 3210 2213 3262 ἀρχόμενος
2244 3209 2354 3254 οὕτως

1330 3273 1460 3324 ἤρξατο
1479 3272 1610 3323 λέγων,
1633 3271 1816 3310 Ιίίσίλθετε
1835 3270 1891 3308 διὰ
1910 3272 1973 3315 τῆς
1999 3273 2121 3316 στενῆς
2144 3271 2274 3319 πύλης,
2289 3272 2353 3318 τὴν

1411 3424 1422 3437 ⁰
1451 3412 1650 3450 &lilim-122⁷,
1669 3438 1673 3447 ,
1696 3410 1748 3443 nlll
1768 3417 1906 3449 ἦιουῖη.

2510 3510 2513 3527 -
2506 3410 2513 3494 ..--
2506 3253 2513 3397 ⁴—ss
