2549 3825
1034 289 1090 317 nr.
1126 289 1495 319 conposcrionn.
2195 278 2282 337 149

486 561 549 607 IN
585 560 745 609 DUOS
783 560 1154 622 SEQUENTES
1189 560 1271 605 DE
1308 560 1799 608 COMPUNCTIONE
1836 559 2047 606 LIBROS

897 714 1632 798 ADMONITIO.

291 921 372 967 Quo
389 928 546 970 tempore
565 918 675 956 libros
690 918 795 956 hosce
810 917 899 955 duos
914 947 922 965 ,
944 930 1097 967 quorum
1114 917 1213 968 prior
1229 916 1274 953 ad
1290 915 1516 953 Demetrium
1528 945 1539 964 ,
1558 916 1645 953 alter
1662 915 1707 953 ad
1727 915 1943 954 stelechium
1962 914 2185 961 inscribitur,
2209 915 2283 952 edi-

236 980 328 1019 derit
348 980 624 1032 Chrysostomus
646 979 721 1031 ipse
736 978 939 1017 subindicat
957 978 1020 1016 lib.
1043 980 1057 1014 1
1078 1005 1088 1022 ,
1114 991 1214 1014 num.
1237 978 1276 1022 6,
1296 976 1357 1014 ubi
1375 978 1425 1014 ait
1445 990 1453 1014 z
1472 975 1564 1015 “Ore
1583 976 1651 1028 γὰρ
1670 976 1791 1028 πρῴην
1809 975 1876 1026 ἐγὼ
1897 975 2073 1025 ἐγνώκειν,
2094 974 2155 1021 τὴν
2179 976 2280 1012 πόλιν

237 1039 346 1091 ἀφεὶς,
366 1039 423 1076 ἐπὶ
439 1038 499 1081 τὰς
516 1037 646 1085 σκηνὰς
664 1040 733 1075 τῶν
750 1039 915 1089 μοναχῶν
936 1038 1059 1084 ἐλθεῖν,
1078 1044 1142 1073 etc.
1154 1066 1164 1083 ,
1183 1037 1279 1074 Cum
1295 1050 1414 1087 nuper
1430 1049 1499 1085 ego
1518 1036 1784 1082 decrevissem,
1806 1034 1943 1071 relicta
1960 1035 2067 1079 urbe,
2089 1033 2142 1070 ad
2161 1034 2285 1070 taber·

237 1098 381 1137 nacula
398 1100 675 1136 monachorum
690 1099 887 1145 accedere,
912 1098 1076 1135 sollicite
1091 1098 1312 1148 quaerebam
1332 1107 1368 1135 et
1388 1098 1633 1144 sciscitabar,
1656 1096 1853 1134 andenam
1870 1097 2171 1132 necessariorum
2190 1108 2285 1131 com·

235 1169 383 1199 meatus
402 1161 611 1211 adfuturus
629 1168 740 1205 esset,
760 1168 828 1198 etc.
843 1160 934 1197 Cum
953 1158 1064 1210 igitur
1088 1158 1162 1196 haec
1181 1158 1336 1210 scripsit,
1358 1172 1472 1211 nuper
1490 1157 1536 1194 ad
1553 1156 1765 1195 monasteria
1783 1164 1970 1194 secesserat
1987 1171 1994 1191 :
2010 1155 2151 1193 secessit
2163 1164 2283 1192 autem

236 1235 328 1259 anno
345 1222 424 1259 574
442 1221 496 1260 vel
512 1222 600 1260 575.
616 1219 721 1258 Unde
733 1220 893 1271 sequitur
904 1234 995 1258 anno
1009 1219 1084 1257 575
1095 1218 1171 1267 ‚vel
1182 1218 1228 1256 ad
1238 1233 1421 1257 summum
1431 1221 1522 1266 576,
1538 1218 1697 1271 primum
1710 1217 1835 1255 saltem
1851 1216 1895 1254 ad
1912 1216 2135 1254 Demetrium
2150 1215 2284 1253 librum

236 1283 407 1320 emissum
418 1282 540 1330 fuisse3
557 1296 640 1320 nam
654 1284 684 1320 si
696 1283 845 1320 ulterius
859 1291 998 1334 tempus
1011 1280 1314 1333 consignaremus,
1325 1295 1394 1319 vox
1407 1279 1543 1333 πρῴην,
1556 1292 1691 1329 nuper,
1704 1277 1880 1330 quadrare
1889 1292 1958 1316 non
1973 1291 2075 1330 posse
2088 1276 2281 1314 videretur.

289 1343 561 1392 Tillemontius,
591 1344 652 1394 qui
673 1344 782 1382 allato
801 1358 910 1396 supra
933 1343 1010 1381 loco
1026 1357 1096 1381 non
1115 1352 1167 1380 sat
1189 1343 1350 1380 animum
1371 1342 1579 1380 adhibuisse
1599 1340 1757 1389 videtur,
1783 1340 1917 1390 quique
1936 1352 2057 1377 vocem
2075 1352 2195 1389 nuper
2213 1351 2282 1376 non

235 1403 410 1451 advertit,
429 1413 563 1441 tantam
583 1413 702 1442 contra
722 1405 818 1442 hunc
834 1404 1003 1456 temporis
1024 1404 1202 1442 calculum
1217 1403 1467 1441 difficultatem
1489 1403 1680 1440 observare
1697 1415 1733 1438 se
1750 1410 1866 1453 putat,
1891 1410 1927 1437 ut
1948 1414 2036 1452 pene
2050 1399 2227 1436 abductus
2245 1398 2280 1436 in
2298 1400 2345 1424 ¹2²

232 1466 338 1503 aliam
371 1465 581 1515 sententiam
600 1465 765 1504 declinet.
801 1466 890 1517 Ejus
912 1466 1021 1504 verba
1048 1474 1130 1503 sunt
1148 1481 1156 1501 :
1173 1482 1191 1501 «
1210 1465 1339 1503 Libros
1359 1465 1403 1502 de
1427 1463 1710 1516 Compunctione
1741 1462 1832 1500 inter
1855 1475 1913 1499 eos
1944 1475 2033 1512 quos
2065 1460 2279 1512 Chrysosto-

235 1540 314 1563 mus
335 1525 369 1563 in
389 1526 580 1564 solitudine
600 1525 712 1564 edidit
740 1527 965 1579 reponimus,
998 1535 1037 1564 ut
1058 1540 1115 1564 eos
1142 1525 1204 1577 qui
1224 1539 1288 1563 nos
1306 1539 1514 1577 praecessere
1534 1537 1726 1574 sequamur
1744 1553 1753 1570 ,
1789 1537 1918 1574 nempe
1937 1522 2131 1560 Baronium
2150 1552 2158 1568 ,
2187 1521 2279 1559 Her-
2295 1536 2365 1564 Tm,
2379 1545 2439 1564 οὒς,
2455 1548 2485 1575 9-

235 1587 412 1624 mantium
429 1596 462 1624 et
478 1587 692 1638 Dupinium.
717 1588 840 1637 Neque
858 1597 974 1624 tamen
995 1601 1064 1636 quo
1083 1595 1293 1637 argumento
1309 1585 1407 1623 ducti
1429 1585 1464 1623 id
1485 1586 1672 1623 statuerint
1691 1594 1743 1622 sat
1765 1584 2025 1636 perspicimus,
2049 1583 2121 1620 imo
2141 1582 2282 1620 videtur
2296 1580 2326 1633 {⁰
2353 1579 2485 1616 0³¹¹J³0‘

233 1648 308 1684 htec
334 1647 490 1685 scribens
509 1648 785 1699 Chrysostomus
813 1662 850 1685 se
869 1648 1121 1699 presbyterum
1141 1647 1315 1698 profiteri,
1338 1661 1420 1684 cum
1437 1647 1487 1684 ait
1506 1647 1609 1684 :Nos
1631 1655 1759 1683 autem
1780 1660 1857 1696 prae
1877 1646 1990 1682 inani
2007 1645 2136 1691 gloria
2156 1652 2192 1680 et
2211 1646 2283 1681 ab·
2298 1626 2423 1647 ’tomum

233 1710 353 1747 surda
376 1710 584 1747 ambitione
603 1710 675 1746 hoc
695 1713 784 1746 item
801 1717 1032 1760 proeceptnm
1054 1722 1206 1759 pessum
1229 1707 1414 1755 dedimus,
1437 1709 1528 1745 ilum
1553 1717 1804 1756 corruptores,
1826 1706 2069 1754 incredulos,
2089 1706 2280 1742 homines-

234 1784 308 1821 que
339 1772 526 1807 sexcentis
557 1771 667 1807 vitiis
688 1778 846 1807 onustos
871 1778 1008 1807 temere
1025 1778 1061 1807 et
1080 1770 1164 1806 sine
1183 1771 1362 1806 examine
1380 1769 1434 1805 ad
1452 1770 1723 1817 mysteriorum
1744 1770 2082 1819 participationem
2102 1767 2282 1804 admitti-

234 1844 332 1879 mus,
359 1839 395 1868 et
424 1838 635 1882 antequam
655 1839 882 1868 accuratam
903 1832 1041 1868 mentis
1061 1832 1339 1882 sententiaeque
1357 1844 1435 1868 sace
1453 1832 1715 1881 probationem
1736 1829 1930 1871 dederint,
1959 1830 2089 1865 omnia
2115 1828 2192 1866 illis
2213 1829 2282 1865 do-

234 1894 387 1929 minata
405 1891 642 1939 revelamus,
663 1900 730 1929 etc.
755 1891 836 1929 Scio
854 1891 976 1942 utique
995 1890 1055 1928 hic
1072 1891 1267 1943 generatim
1287 1891 1332 1929 de
1349 1892 1392 1929 iis
1409 1906 1487 1942 quae
1504 1892 1540 1928 in
1557 1890 1714 1928 Ecclesia
1733 1890 1864 1942 passim
1882 1889 2163 1927 admittebantur
2181 1890 2284 1927 malis

232 1952 302 2004 agi:
320 1966 444 1991 verum
462 1966 506 1989 an
533 1952 642 1990 lector
659 1953 713 1991 vel
736 1953 932 1991 monachus
954 1952 1000 1990 ita
1020 1952 1216 2002 loquatur?
1239 1952 1467 1990 Hermantius
1497 1961 1590 1990 certe
1616 1952 1696 1989 ideo
1716 1951 1926 1989 sententiani
1952 1950 2131 1995 mutavit,
2155 1960 2283 2002 putans

234 2014 308 2051 haec
327 2013 510 2066 scripsisse
528 2023 690 2052 sanctum
713 2015 849 2061 virum,
867 2028 948 2052 cum
967 2014 1139 2066 populum
1160 2013 1304 2066 publice
1321 2015 1478 2063 doceret,
1496 2015 1519 2052 i.
1540 2028 1570 2052 e.
1595 2028 1676 2052 cuin
1688 2014 1764 2065 jau]
1784 2012 1972 2065 presbyter
1990 2021 2092 2049 esset.
2113 2028 2129 2045 »

288 2076 463 2113 Hactenus
479 2075 746 2123 Tillemontius,
765 2076 828 2127 qui
846 2075 933 2114 dum
949 2076 998 2113 ait
1012 2075 1175 2125 ignorare
1187 2090 1222 2112 se
1235 2089 1305 2126 quo
1324 2084 1536 2127 argumento
1551 2074 1651 2112 ducti
1667 2074 1842 2113 Baroni'us
1858 2083 1891 2111 et
1907 2072 1969 2110 alii
1984 2073 2285 2125 Chrysostotnuxn

234 2136 309 2173 haec
330 2136 510 2188 scripsisse
527 2145 650 2188 putent
671 2136 706 2175 in
725 2151 862 2175 secessu
883 2145 915 2174 et
942 2135 1155 2183 solitudine,
1180 2135 1255 2174 luec
1272 2137 1524 2190 Chrysostomi
1544 2137 1664 2184 verba,
1689 2137 1786 2174 Cum
1811 2148 1930 2187 nuper
1949 2148 2015 2186 ego
2034 2135 2285 2171 decrevissem

234 2198 370 2236 relicta
397 2199 490 2235 urbe
514 2199 566 2235 ad
595 2199 852 2236 tabernacula
872 2198 1152 2235 monachorum
1177 2200 1361 2236 accedere
1375 2230 1386 2246 ,
1424 2213 1493 2237 non
1517 2198 1714 2237 advertisse
1733 2212 1768 2235 se
1790 2197 1910 2248 arguit
1928 2211 1936 2233 :
1956 2210 2036 2233 nam
2057 2195 2135 2233 lucc
2153 2195 2284 2232 clarius

234 2257 375 2296 videtur
407 2258 525 2310 ipsum
555 2259 662 2310 paulo
693 2268 772 2310 post
803 2273 912 2310 quain
945 2258 1011 2295 hoc
1047 2258 1277 2305 decreverat,
1305 2259 1379 2297 haec
1408 2260 1616 2311 scripsisse,
1639 2268 1672 2296 et
1701 2258 1848 2310 quidem
1877 2257 1966 2295 dum
1992 2257 2027 2294 in
2060 2269 2195 2294 secessu
2216 2256 2282 2293 de-

232 2328 348 2370 geret,
384 2328 421 2356 ut
441 2329 513 2356 tarn
532 2334 577 2357 ex
596 2319 651 2356 his
675 2320 794 2357 verbis
816 2334 923 2370 quam
945 2333 988 2356 ex
1006 2319 1234 2369 sequentibus
1254 2322 1520 2372 comprobatur.
1551 2321 1618 2358 Illa
1640 2334 1725 2358 vero
1756 2333 1864 2370 quam
1884 2333 1928 2356 ex
1953 2318 2159 2356 llerinautio
2181 2318 2284 2354 affert

232 2380 447 2427 difficultas,
473 2379 603 2417 nedum
632 2380 742 2432 possit
760 2390 832 2418 tam
850 2389 1015 2432 apertum
1042 2380 1284 2418 testimonium
1303 2392 1472 2426 evertere,
1503 2382 1602 2419 nulla
1627 2394 1773 2433 prorsus
1797 2388 1862 2417 cst.
1887 2380 1979 2417 Nam
2000 2393 2080 2416 cum
2101 2380 2149 2416 ait
2173 2394 2179 2414 :
2201 2379 2280 2416 Nos

235 2450 363 2479 autem
380 2455 462 2492 proe
484 2443 594 2478 inani
610 2442 739 2490 gloria
761 2450 794 2479 et
816 2442 986 2479 absurda
1009 2443 1218 2478 ambitione
1237 2443 1309 2480 hoc
1329 2448 1418 2480 item
1438 2452 1667 2494 praeceptum
1686 2454 1837 2492 pessum
1859 2441 2033 2477 dedimus
2050 2469 2058 2482 ‚
2078 2441 2168 2476 dum
2190 2453 2278 2476 cor-

232 2514 404 2554 ruptores
419 2533 428 2550 ,
451 2504 684 2553 incredulos,
707 2505 960 2555 hominesque
978 2506 1170 2540 sescentis
1189 2505 1296 2540 vitiis
1318 2512 1472 2540 ‹mustos-
1495 2511 1634 2538 temere
1649 2509 1684 2538 et
1702 2503 1732 2537 si
1738 2514 1784 2536 ne
1804 2501 1986 2536 examine·
2007 2497 2061 2534 ad
2078 2502 2281 2545 mysterio-

231 2578 314 2602 rum
336 2566 672 2616 participationem
694 2566 935 2602 admittimus
951 2594 960 2611 ,
996 2573 1030 2600 et
1052 2573 1264 2615 antequam
1286 2573 1511 2601 accuratam
1532 2563 1670 2599 mentis
1691 2561 1965 2610 sententia-que
1985 2572 2062 2596 sua·
2081 2560 2277 2609 probatio-

233 2639 318 2663 nem
338 2625 532 2673 dederint,
557 2628 687 2663 omnia
708 2626 785 2663 illis
805 2626 988 2676 dogmata
1015 2625 1261 2669 revelamus‚·
1295 2640 1341 2662 ac
1374 2626 1461 2662 licet
1484 2623 1680 2661 wstituula
1711 2621 1879 2658 nondum
1902 2621 2036 2657 ‹victer-c·
2060 2622 2254 2670 potuerint
2271 2649 2278 2660 .

234 2688 436 2739 confestim
455 2700 517 2724 eos
533 2689 572 2724 in
588 2688 715 2735 adyta
733 2687 927 2732 dut-imus,
943 2694 1007 2722 etc.
1028 2701 1034 2720 :
1053 2700 1132 2722 cum
1152 2686 1223 2723 lia-c
1240 2687 1304 2730 ait,
1325 2687 1486 2736 inquam,
1507 2684 1714 2734 neutiquam
1732 2696 1766 2718 se
1782 2682 1941 2718 sociosve
1957 2695 2038 2718 suos
2056 2680 2281 2732 presbyteros

233 2748 300 2786 sub
332 2747 503 2787 Flaviano
535 2747 722 2800 quidpiam
751 2747 868 2784 simile
887 2747 1073 2784 admisisse
1096 2746 1303 2784 testificatur
1321 2778 1330 2791 ,
1366 2757 1403 2783 ut
1425 2760 1526 2783 nemo
1547 2759 1614 2782 non
1636 2742 1775 2786 videat,
1808 2740 1867 2779 >etl
1891 2741 2059 2779 l'ainiliari
2089 2741 2157 2779 sibi
2179 2751 2279 2794 tropo

233 2822 418 2861 personam
438 2809 512 2859 agit
530 2823 653 2846 eorum
681 2808 743 2859 qui
765 2808 848 2846 talia
871 2807 1114 2845 admitterent.
1139 2809 1239 2846 Nihil
1265 2809 1359 2846 cuim
1381 2806 1597 2857 frequentius
1617 2803 1713 2856 apud
1736 2803 2031 2855 illu->sostenium
2059 2816 2165 2853 quatu
2185 2803 2280 2854 quod

232 2884 377 2917 eorum,
403 2868 448 2907 dc
466 2870 599 2920 quibus
620 2870 675 2907 vel
693 2884 847 2920 (piorum
871 2884 973 2906 causi
994 2869 1135 2906 disserit
1150 2901 1159 2915 ‚
1188 2884 1372 2921 personum
1392 2878 1472 2918 agat
1496 2867 1716 2904 sacerdotum
1733 2894 1740 2905 ,
1767 2863 2053 2915 presbyterorum
2068 2894 2076 2908 ,
2105 2863 2282 2913 ι·ίι“.ιιιι«1ιω

234 2945 300 2968 non
323 2944 402 2968 raro
423 2931 708 2982 conjugatorum.
733 2930 793 2968 si«,-
815 2930 922 2967 Libro
942 2930 987 2967 ad
1011 2931 1149 2967 Putrem
1169 2930 1308 2968 fidelem
1325 2961 1332 2971 ,
1356 2944 1450 2966 num.
1473 2931 1495 2965 4
1510 2960 1517 2970 ,
1535 2937 1719 2979 postquam
1740 2924 1865 2975 probai
1880 2925 1902 2961 it
1923 2923 2047 2962 iisdem
2067 2924 2196 2960 officiis
2215 2924 2280 2961 ol»-

235 2994 362 3030 noxios
383 2992 569 3030 saecularcs
599 3006 674 3030 esse
691 2992 823 3043 quibus
851 2991 1014 3029 monachi
1036 3001 1132 3028 crant
1149 3021 1157 3037 ,
1181 2992 1226 3028 ita
1249 2992 1475 3044 prosequitur
1497 3006 1502 3025 τ
1528 2993 1662 3038 ltaquc
1693 2989 1873 3037 quonium
1892 3015 1901 3028 ,
1934 2994 1974 3022 ut
1997 3000 2018 3021 a
2049 2987 2154 3022 nobis
2175 2985 2282 3022 clare

234 3055 541 3093 demonstratum
570 3063 624 3092 est
641 3085 650 3102 ,
685 3055 821 3091 iisdem
849 3067 980 3092 sumus
1001 3053 1144 3106 officiis
1167 3055 1323 3090 atomo
1340 3083 1348 3096 ,
1372 3053 1507 3103 quibus
1541 3049 1720 3086 monachi
1737 3078 1745 3088 ,
1773 3047 1989 3095 faciliorem
2014 3059 2282 3096 prr-urranms

235 3118 344 3152 ‘viam
361 3146 370 3162 ,
403 3116 457 3153 ad
475 3129 636 3168 eamque
661 3115 767 3166 filios
788 3116 1043 3152 attrahamus.
1062 3114 1104 3151 Et
1130 3113 1222 3151 ibid.
1244 3129 1344 3151 num.
1370 3116 1410 3150 ¹7
1435 3129 1440 3147 z
1465 3114 1566 3158 lit-go
1587 3109 1775 3160 uss-'filios
1798 3116 1943 3144 nostros
1974 3122 1996 3144 a
2020 3107 2162 3143 deserti
2181 3120 2283 3143 com-

237 3179 452 3214 moratione
482 3185 571 3214 ante
601 3185 747 3227 tempus
773 3177 1035 3220 abdicavimus,
1067 3176 1134 3212 sea
1155 3178 1325 3212 siluimus
1357 3174 1583 3224 ‹t1·.»·.·1·ptiu‹1>
1614 3171 1731 3207 alteus
1760 3173 1923 3220 imprimi
1943 3199 1951 3213 ,
1976 3177 2010 3205 et
2039 3169 2196 3219 plantas
2219 3182 2282 3204 m-

236 3238 384 3275 dicibus
400 3238 565 3288 firmari.
584 3237 643 3274 Sic
664 3237 794 3288 passim
817 3236 912 3288 apud
932 3235 1230 3288 (ilirysostonmm
1252 3248 1435 3286 personum
1453 3229 1663 3268 commutari
1683 3228 1860 3264 observes.
1887 3228 2010 3277 ltaque
2024 3241 2131 3278 supra
2150 3241 2284 3264 memo·

241 3306 316 3335 rato
336 3298 432 3347 loeo,
452 3312 520 3335 nou
541 3298 585 3335 ab
605 3298 681 3350 ipso
703 3298 959 3349 Chrysostomo
981 3297 1135 3349 positum
1159 3296 1329 3347 temporis·
1346 3294 1523 3331 tuilrulum
1547 3301 1761 3331 evertamus,
1785 3288 1843 3326 scd
1867 3289 1963 3325 illam
1985 3288 2050 3339 ipsi
2072 3287 2282 3323 t'.unili.u·ctu

241 3372 467 3409 p‹·rs‹m.·u·um
489 3358 721 3396 mutationem
740 3358 907 3410 ext-inpio
928 3373 1019 3395 novo
1040 3358 1295 3395 confit-nunnus
1314 3363 1462 3408 oportet.

297 3420 623 3470 lntcrpretntionem
646 3434 749 3470 porro
781 3434 907 3457 novum
931 3420 1129 3462 edidimus,
1161 3420 1242 3469 quia
1269 3418 1327 3455 itt..
1353 3425 1452 3454 vetus·
1477 3414 1596 3451 inserti
1620 3413 1800 3464 sti-iptoiis
1821 3411 2052 3463 1⁸·‹t-11'l11'·¹¹¹¹‘
2075 3410 2283 3458 l'l‘'¹⁴¹¹¹¹¹¹l¹'‘'

244 3479 420 3528 sapit-liat,
444 3495 503 3517 uct-
525 3481 607 3517 satis
626 3490 786 3518 accurata
806 3506 813 3516 t
828 3490 893 3517 rat.
