2253 3830
955 216 1200 246 PRAEFA‘HO.
2073 219 2117 247 lX

996 400 1020 450 §
1055 401 1152 439 VIII.

541 545 601 582 De
620 544 937 594 interpretatione
958 542 1103 580 Latina
1121 555 1278 593 operum
1299 544 1578 595 Chrysostomc‘.

90 690 192 729 Circa
221 691 547 743 interpretationem
566 703 716 743 operum
746 690 786 729 S.
809 688 957 729 Joannis
985 687 1234 740 Chrysostomi
1253 688 1317 726 diu
1346 689 1550 739 haerebam,
1569 698 1603 727 et
1627 689 1719 726 inter
1745 688 1888 727 diversa
1916 689 2116 728 amicorum

36 753 185 792 consilia
209 755 319 792 animi
339 753 558 807 pendebam;
579 754 750 793 volebant
767 752 830 791 alii
850 766 981 791 novam
998 752 1164 790 omnium
1185 752 1515 804 interpretationem
1530 767 1550 790 a
1566 767 1622 791 me
1637 751 1809 790 adornari
1817 768 1828 801 ς
1852 752 1916 789 alii
1936 766 1981 790 ex
1996 753 2118 804 pristi-

34 816 88 854 nis
107 830 237 869 paucas
256 817 477 864 conservari,
499 818 703 870 corrigique
725 827 842 855 tamen
855 846 867 866 ‚
889 815 1005 854 sicubi
1019 814 1267 854 emendatione
1279 830 1371 868 opus
1391 817 1576 857 haberent.
1593 817 1679 854 Haec
1690 830 1776 854 vero
1786 815 1854 854 fuit
1866 829 2007 867 semper
2018 817 2119 854 omni

34 879 239 932 exceptione
266 881 445 933 majorum
464 880 736 932 amicorumque
762 880 923 918 virorum
943 879 1135 927 sententia,
1156 879 1277 917 Caroli
1300 879 1443 930 Cangii,
1471 879 1700 930 Emericique
1727 878 1881 930 Bigotii,
1903 878 2120 929 quibuscum

32 942 174 980 senibus
188 943 332 994 juvenis
352 943 440 981 olim
458 943 644 992 versabar,
659 951 700 980 ut
725 956 768 980 ne
792 941 935 980 semotis
959 940 1188 979 laudatorum
1218 941 1454 993 interpretum
1475 941 1702 980 versionibus
1721 955 1817 979 meas
1836 940 2088 978 substituerem
2106 955 2117 988 ;

32 1005 72 1043 id
91 1005 211 1058 ipsum
232 1006 414 1059 praecipue
429 1019 492 1058 per
507 1005 629 1043 literas
655 1005 823 1043 monebat
841 1006 994 1044 Joannes
1014 1004 1211 1042 Cotelerius
1228 1034 1238 1052 ,
1265 1013 1454 1055 antequam
1486 1006 1698 1043 Graecorum
1729 1006 1877 1043 Patrum
1902 1003 2120 1041 editionibus

32 1082 177 1106 manum
194 1068 436 1107 admoverem.
457 1069 580 1119 Neque
600 1081 684 1106 vero
699 1067 774 1106 sine
793 1067 912 1118 aliqua
931 1066 1140 1105 temeritatis
1159 1075 1242 1104 nota
1257 1080 1314 1104 me
1329 1080 1583 1119 aggressurum
1600 1066 1780 1113 dicebant,
1795 1075 1834 1103 ut
1855 1065 2119 1104 laudatissimas

32 1130 110 1168 illas
130 1130 436 1183 interpretationes
455 1130 542 1168 meis
561 1139 822 1182 postponerem.
845 1130 969 1180 Itaque
988 1142 1057 1167 non
1079 1137 1119 1166 ut
1145 1128 1377 1167 convertendi
1405 1129 1566 1167 laborem
1590 1128 1874 1180 subterfugerem
1901 1132 1995 1176 (non
2025 1128 2120 1167 enim

31 1193 144 1231 multo
172 1193 291 1231 minus
318 1193 450 1232 laboris
477 1196 568 1232 inest
593 1193 629 1230 in
654 1191 889 1231 emendandis
918 1191 964 1230 de
991 1191 1102 1230 verbo
1120 1191 1163 1229 ad
1181 1192 1332 1229 verbum
1352 1191 1506 1229 aliorum
1537 1191 1915 1243 interpretationibus,
1944 1205 2054 1242 quam
2082 1192 2118 1229 in

31 1256 132 1294 novis
152 1255 451 1306 concinnandis),
470 1256 531 1294 sed
550 1263 590 1293 ut
609 1254 715 1293 tantis
736 1254 823 1293 viris
842 1268 977 1292 morem
997 1268 1154 1305 gererem
1170 1284 1179 1301 ‚
1200 1254 1236 1291 in
1256 1253 1325 1292 hoc
1353 1252 1498 1291 demum
1529 1253 1713 1306 proposito
1743 1253 1888 1291 substiti
1905 1267 1913 1290 :
1932 1262 1972 1290 ut
1997 1267 2118 1291 omnes

32 1333 175 1370 prorsus
197 1320 386 1358 Frontonis
406 1319 532 1357 Ducaei
563 1319 873 1370 interpretationes
903 1331 1104 1366 servarem,
1124 1317 1193 1354 nisi
1223 1331 1305 1355 cum
1319 1347 1329 1365 ‚
1345 1316 1571 1356 variantibus
1599 1316 1807 1365 codicibus,
1823 1316 1995 1355 mutanda
2015 1316 2119 1357 lectio

31 1389 81 1418 cst
99 1411 109 1429 ‚
130 1390 163 1419 et
179 1381 423 1434 interpretatio
442 1394 584 1432 quoque
604 1389 763 1418 mutetur
779 1389 943 1432 oportet3
960 1380 1017 1416 vel
1035 1392 1114 1416 cum
1132 1378 1201 1415 alia
1221 1378 1444 1416 commodior
1468 1387 1502 1416 et
1532 1379 1668 1416 Graecis
1684 1378 1938 1429 congruentior
1956 1391 2029 1415 vox
2057 1386 2119 1414 aut

32 1443 200 1495 periodus
216 1444 322 1482 etiam
342 1444 470 1483 Latina
488 1457 561 1481 sese
577 1442 704 1488 offert;
729 1441 826 1492 quod
844 1441 1085 1491 infrequenter
1097 1440 1215 1477 evenit
1235 1455 1242 1475 :
1263 1453 1360 1489 nam,
1380 1449 1419 1478 ut
1430 1440 1506 1491 jam
1525 1439 1706 1487 diximus,
1728 1439 1818 1477 inter
1833 1439 1987 1491 optimos
2007 1439 2115 1476 inter-

29 1516 144 1558 pretes
159 1508 240 1559 jure
256 1508 389 1545 Fronto
405 1515 622 1544 numeratur.
645 1505 787 1544 Erasmi
804 1518 946 1555 quoque
965 1513 999 1541 et
1018 1503 1145 1542 Jacobi
1173 1502 1277 1540 Billii
1304 1503 1486 1541 versiones
1509 1503 1587 1555 pari
1607 1502 1714 1541 modo
1744 1502 1948 1541 retinendas
1982 1503 2117 1541 censui.

28 1566 191 1605 Aliorum
204 1576 322 1604 autem
337 1566 646 1618 interpretationes
663 1575 724 1603 aut
740 1564 852 1603 variis
870 1564 907 1602 in
925 1563 1013 1602 locis
1031 1563 1233 1601 emendatas
1251 1563 1465 1601 retinuimus
1481 1591 1490 1610 ,
1510 1577 1592 1600 cum
1609 1563 1693 1600 satis
1712 1573 1875 1601 accurate
1896 1564 2116 1616 Chrysosto-

28 1640 127 1664 mum
145 1637 305 1666 orantem
322 1627 502 1673 referunt,
522 1626 581 1664 vel
602 1639 750 1678 prorsus
777 1625 966 1676 rejecimus
996 1634 1030 1662 et
1063 1638 1173 1663 novas
1204 1624 1408 1670 edidimus,
1432 1624 1576 1674 quando
1605 1624 1677 1661 illae
1709 1633 1844 1662 veteres
1864 1638 1935 1662 non
1953 1635 2116 1676 poterant

26 1689 164 1728 medica
184 1704 292 1728 manu
314 1689 361 1728 ad
379 1690 508 1728 bonam
527 1689 769 1728 conditionem
788 1689 962 1728 revocari.
983 1690 1083 1727 Alias
1108 1690 1193 1727 item
1224 1693 1528 1742 παραφραστικῶς
1559 1688 1772 1739 adornatas,
1794 1704 1875 1742 quae
1894 1690 2002 1741 longo
2030 1705 2115 1728 ver-

25 1753 154 1791 borum
176 1753 358 1791 inutilium
388 1753 540 1790 circuitu
570 1751 758 1791 fastidium
787 1753 951 1805 pariunt,
971 1765 1120 1804 prorsus
1149 1751 1418 1803 ablegavimm,
1446 1765 1629 1802 novasque
1658 1752 1879 1804 paravimus.
1897 1753 2115 1804 Hujusmodi

25 1825 107 1854 sunt
125 1815 315 1854 Godefridi
334 1816 518 1854 Tilmanni
533 1825 565 1854 et
583 1816 739 1854 aliorum
756 1815 999 1867 quorumdam
1018 1815 1343 1867 interpretationes,
1366 1829 1444 1866 quae
1469 1814 1684 1854 redundanti
1703 1814 1765 1853 illa
1788 1815 1988 1854 dictionum
2010 1816 2112 1868 copia

27 1879 342 1932 Chrysostomum,
358 1880 420 1931 qui
441 1880 561 1932 inopia
581 1879 726 1918 dicendi
746 1894 943 1931 numquam
963 1879 1154 1928 laboravit,
1169 1878 1413 1917 verbosiorem
1433 1892 1541 1930 quam
1562 1893 1626 1931 par
1644 1879 1688 1917 sit
1710 1879 1876 1916 referunt.
1890 1879 1976 1917 Illas
1992 1893 2114 1917 omnes

25 1941 209 1979 variorum
228 1941 537 1994 interpretationes
550 1971 560 1990 ‚
591 1957 609 1980 e
626 1942 770 1994 regione
788 1944 1001 1982 Graecorum
1020 1942 1156 1989 editas,
1178 1950 1375 1992 utcumque
1401 1940 1654 1979 emendaverat
1679 1940 1811 1979 Fronto
1832 1941 1987 1978 Ducaeus
2002 1957 2010 1977 τ
2025 1956 2114 1992 quas

27 2017 109 2042 cum
129 2003 179 2042 sic
198 2004 304 2042 etiam
323 2005 526 2043 emendatas
552 2019 623 2044 non
642 2005 788 2044 omnino
807 2006 999 2058 probaret,
1021 2005 1185 2044 secundis
1203 2006 1299 2043 curis
1326 2006 1457 2043 iterum
1478 2004 1653 2056 corrigere
1670 2004 1706 2041 in
1730 2004 2021 2043 annotationibus
2039 2006 2114 2042 suis

26 2073 77 2102 est
95 2077 294 2116 aggressus.
315 2066 472 2116 Verum,
493 2066 545 2104 uti
561 2067 636 2119 jam
655 2066 819 2105 diximus
834 2097 846 2114 ,
866 2081 990 2105 earum
1010 2066 1175 2118 quaedam
1196 2067 1245 2104 ita
1267 2066 1485 2105 concinnatae
1507 2075 1588 2104 sunt
1602 2097 1611 2113 ,
1632 2075 1672 2103 ut
1691 2066 1755 2104 vix
1771 2081 1811 2105 ac
1830 2079 1872 2103 ne
1888 2066 1950 2104 vix
1967 2066 2114 2116 quidem

27 2127 162 2179 possint
180 2127 322 2180 corrigi.
343 2129 536 2167 Nonnullae
556 2143 655 2178 vero,
674 2130 798 2180 quales
815 2139 897 2168 sunt
913 2130 1053 2168 Erasmi
1066 2160 1076 2178 ,
1092 2129 1218 2169 Jacobi
1238 2129 1360 2177 Billii‚
1378 2129 1551 2168 Germani
1571 2129 1710 2176 Brixii‚
1729 2128 1952 2180 Sigismundi
1974 2130 2113 2168 Gelenii

26 2198 61 2227 et
75 2189 226 2228 aliorum
244 2204 312 2228 non
327 2190 514 2230 infeliciter
528 2191 707 2230 adornatae
720 2223 730 2241 ,
750 2192 883 2244 corrigi
898 2202 1066 2245 possunt,
1085 2202 1123 2231 ut
1136 2206 1200 2231 nos
1216 2192 1328 2231 libere
1339 2192 1504 2242 fecimus,
1519 2192 1581 2230 ubi
1598 2206 1738 2230 necesse
1757 2192 1876 2230 visum
1893 2201 1959 2230 est.
1984 2192 2112 2231 Libros

0 2282 1 2286 ,
26 2261 140 2291 tamen
161 2253 206 2291 de
227 2254 432 2293 Sacerdotio
448 2286 458 2304 ,
478 2254 560 2294 licet
589 2270 608 2293 a
642 2256 824 2294 Germano
846 2257 972 2295 Brixio
993 2257 1120 2296 Latine
1139 2256 1301 2294 conversi
1320 2265 1434 2294 essent
1450 2286 1461 2305 ,
1489 2269 1580 2294 nova
1612 2255 1902 2308 interpretatione
1927 2255 2112 2294 donandos

0 2331 1 2374 j
24 2317 246 2363 censuimus,
272 2318 354 2368 quia
373 2318 542 2356 nimirum
563 2319 624 2357 ille
643 2319 879 2371 paraphrasin
917 2321 967 2358 ibi
996 2321 1067 2358 sere
1095 2334 1234 2372 semper
1257 2320 1460 2367 affectavit,
1477 2319 1574 2370 quod
1607 2333 1717 2372 genus
1737 2319 1992 2371 interpretandi
2022 2320 2112 2358 viris

0 2378 1 2383 ’
22 2388 194 2417 emunctae
208 2380 302 2418 naris
321 2380 519 2419 admodum
538 2381 716 2433 displicet.
741 2382 792 2419 Ea
814 2397 919 2435 porro
936 2397 1074 2436 semper
1094 2383 1161 2421 fuit
1179 2383 1333 2422 instituti
1351 2383 1462 2421 nostri
1485 2383 1593 2430 ratio,
1616 2392 1654 2421 ut
1672 2382 1938 2434 interpretando
1953 2382 2109 2420 mediam

23 2453 86 2476 ceu
106 2440 200 2478 viam
220 2450 418 2479 teneremus
438 2442 528 2481 inter
564 2444 880 2495 παραφραστικῆν,
910 2454 942 2482 et
973 2446 1159 2497 strigosum
1193 2445 1292 2483 illam
1318 2446 1446 2495 aliam,
1475 2459 1553 2495 quac
1576 2446 1703 2483 Graeca
1726 2443 1815 2482 κατὰ
1837 2444 1925 2482 πόδα
1946 2453 1977 2482 et
2000 2444 2110 2482 nimio

21 2502 190 2554 scrupulo
211 2513 449 2543 consectatur.

1004 2638 1027 2685 §⁸
1057 2636 1120 2674 lx.

495 2770 553 2806 De
573 2770 708 2808 ordine
725 2770 936 2812 multarum
954 2770 1053 2807 inter
1069 2782 1106 2806 se
1123 2768 1370 2806 homiliarum
1391 2769 1474 2818 jam
1492 2770 1683 2804 restituta.

77 2917 186 2956 Aliud
202 2919 237 2956 in
260 2917 326 2955 hac
344 2917 499 2956 editione
519 2918 748 2970 praestitimus
768 2932 837 2956 non
859 2918 978 2956 minus
1011 2918 1270 2966 necessarium,
1295 2931 1355 2954 nec
1380 2917 1496 2954 minus
1528 2916 1572 2953 ad
1594 2916 1891 2969 Cluysostomum
1922 2919 2105 2957 inustum-

20 2979 110 3019 dum
139 2990 394 3033 opportunum.
418 2982 508 3019 Cum
530 2995 655 3034 nempe
681 2981 842 3021 Savilius
862 2991 895 3019 et
927 2983 1060 3019 Fronto
1092 2982 1247 3019 Duc-aeus
1285 2980 1416 3030 ubique
1450 2989 1622 3017 terrarum
1658 2981 1851 3031 perquisita
1883 2982 1918 3018 S.
1950 2982 2107 3020 doctoris

19 3058 125 3096 opera
145 3045 329 3083 confertim
348 3045 545 3097 acciperent
561 3076 571 3094 ‚
587 3059 655 3083 uon
673 3045 758 3083 satis
774 3045 961 3084 advertere
979 3053 1172 3096 potuerunt
1191 3058 1262 3095 qua
1282 3044 1370 3080 serie
1399 3052 1431 3080 ct
1457 3042 1582 3079 ordine
1608 3043 1728 3080 multae
1757 3044 1915 3082 homilia·
1946 3045 2104 3083 locanda:

21 3117 160 3159 essent;
177 3108 239 3147 sed
257 3108 336 3146 illas
354 3118 392 3146 ut
411 3110 483 3146 sors·
503 3109 635 3147 serebat
652 3108 828 3157 locabant,
848 3109 893 3146 ab
910 3108 954 3146 iis
969 3139 978 3156 ‚
998 3122 1076 3159 quw
1098 3122 1165 3145 una
1188 3107 1276 3145 serie
1294 3107 1375 3159 poni
1391 3105 1612 3152 debuerant,
1642 3106 1748 3158 longo
1763 3108 1878 3159 spatio
1893 3108 2103 3160 disjunctas.

22 3170 74 3210 Ea
94 3171 138 3210 dc
159 3186 196 3210 rc
229 3186 314 3212 vcro
332 3172 386 3209 illi
406 3171 602 3223 aliquando
621 3172 656 3209 in
678 3172 769 3210 notis
789 3181 1024 3219 monuerunt,
1043 3171 1104 3209 nbi
1125 3180 1300 3208 mutatum
1321 3185 1468 3222 operum
1484 3170 1592 3207 situm
1614 3170 1956 3214 animadvertrrant;
1976 3172 2107 3224 ‚sa-pius

21 3242 137 3272 autem
154 3234 256 3272 illum
277 3243 533 3287 praeposterum
552 3234 714 3272 ordinem
739 3235 941 3272 nullatcnus
960 3244 1154 3272 senserunt.
1178 3234 1281 3271 Illam
1303 3247 1386 3270 vero
1407 3233 1588 3285 propriam
1607 3233 1732 3270 seriem
1752 3248 1820 3271 non
1838 3249 1881 3271 cx
1896 3244 2106 3283 argumento

23 3302 157 3333 tantum
175 3296 314 3346 assequi
334 3310 546 3348 possumus»,
567 3296 629 3334 scd
649 3297 754 3334 ctiam
786 3298 989 3346 frequenter
1007 3310 1051 3334 ex
1076 3295 1325 3348 Chrysostomi
1353 3295 1556 3346 pron-iniis,
1577 3294 1637 3332 ubi
1663 3295 1792 3347 prioris
1813 3295 1967 3333 homilia·
1985 3296 2102 3347 hypo-

24 3355 112 3395 thesi
130 3372 166 3396 se
183 3358 302 3396 adhuc
320 3359 354 3396 in
373 3359 565 3411 posteriore
586 3360 720 3398 him-ere
741 3359 952 3398 testificatur
966 3390 975 3406 ‚
998 3360 1051 3397 vri
1075 3360 1180 3397 ctiam
1199 3373 1277 3396 cum
1304 3359 1433 3396 multus
1452 3367 1632 3397 enumerant
1653 3368 1747 3396 corto
1769 3358 1895 3396 ordino
1917 3361 2038 3397 nuh-m
2060 3359 2105 3396 dc

25 3433 60 3458 re
79 3419 232 3460 habitus.
256 3423 346 3461 Nam
367 3423 454 3461 solet
474 3423 534 3461 ille
549 3432 796 3473 argumentum
819 3423 911 3462 idem
929 3424 962 3461 in
982 3424 1104 3461 multis
1126 3422 1287 3461 humiliis·
1309 3431 1523 3474 pertractare
1543 3439 1549 3462 ;
1574 3422 1619 3460 ita
1641 3431 1675 3458 ut
1698 3437 1775 3472 qua·
1792 3422 1961 3460 dicuntur
1982 3423 2014 3460 in
2038 3423 2104 3460 aiii·
