2549 3825
688 253 918 284 ADVERSUS
953 252 1302 282 OPPUGNATORES
1340 252 1452 282 viTAE
1488 251 1687 281 MONAST.
1715 250 1800 279 LlB.
1830 250 1876 279 11.
2238 233 2298 277 85

266 341 379 388 δειξιν.
397 342 442 380 Εἷ
461 340 527 392 γὰρ
555 338 700 388 δύναμις
723 336 812 382 αυτη
840 335 1007 386 μεγίστη,
1027 334 1067 372 τὸ
1088 335 1282 376 λυποῦντας

263 404 426 442 δύνασθαι
443 401 655 452 ἀμύνεσθαι,
676 399 796 436 πολλῶ
818 398 932 447 μεῖζον
954 394 1084 442 ταύτης
1102 395 1143 432 τὸ
1161 394 1281 432 τοιαύ-

920 462 934 478 ⁰
956 459 990 494 ἓν
1009 460 1031 507 ᾑ
1059 472 1121 493 μεν
1147 456 1217 493 οὐδ’
1240 455 1280 491 ἂι

259 478 324 510 την
341 466 451 515 εὑρεῖν
470 466 530 500 τοῦ
552 460 627 512 βίου
660 459 876 497 κατάστασιν
888 488 897 502 ,

259 524 358 575 ἐθέλῃ
381 540 433 567 τις
450 525 607 568 λυπῆσαι
635 520 842 566 δυνήσεται·
860 517 913 556 ὅτι
937 517 1005 570 γὰρ
1032 516 1162 554 ἐκείνου
1183 520 1282 554 τοῦτο

261 586 396 634 μεῖζον,
416 584 456 621 ἂν
474 585 524 622 ἐπί
549 582 664 632 ε’τερον
691 580 919 632 παράδειγμα
938 579 996 617 τὸν
1014 577 1115 629 λόγον
1137 577 1207 627 ἀγά
1209 593 1281 628 γι)-

260 661 348 694 μεν,
371 646 472 692 δῆλον
501 649 584 694 ἡμῖν
605 642 704 680 ἔσται
722 641 782 679 καὶ
810 639 968 692 φανερόν.
998 638 1087 678 Εἰπὲ
1108 638 1176 690 γάρ
1197 654 1279 688 μοι,

259 705 294 743 τί
315 706 468 756 βέλτιον,
495 704 603 748 οὕτως
629 703 793 753 ἔμπειρον
822 705 912 739 εἶναι
937 700 982 738 τὰ
1006 700 1207 749 πολεμικὰ,
1235 702 1282 741 ὡς

260 766 395 817 μηδένα
412 769 482 804 τῶν
504 764 767 817 τιτρωσκόντων
787 766 882 813 ημᾶς
903 762 1058 813 ἄτρωτοι
1084 762 1280 812 διαφυγεῖν,

259 827 282 872 ἢ
304 829 409 877 σῶμα
429 829 621 873 κεκτῆσθαι
646 829 799 862 τοιοῦτον
813 853 822 867 ,
844 825 890 866 ὡς
917 821 1071 872 μηδένα,
1090 821 1155 859 κᾶν
1175 821 1282 872 μυρία

259 890 363 938 ποιῇ,
384 887 551 924 δύνασθαι
576 885 708 931 πλῆξαι
727 884 766 922 τὸ
787 887 909 933 σῶμα,
929 882 1045 920 Παντί
1067 899 1132 921 που
1154 884 1257 928 δῆλον
1271 911 1281 928 ,

257 947 312 986 ὅτι
329 953 430 986 τοῦτο
442 947 572 984 ἐκείνου
593 947 653 984 καὶ
674 945 908 996 δυνατώτερον
926 945 986 982 καί
1007 943 1176 994 θειότερον
1194 959 1201 966 ·
1221 944 1282 981 καὶ

259 1010 297 1046 οὐ
316 1013 416 1047 τοῦτο
446 1008 549 1058 μόνον
562 1038 572 1056 ,
590 1006 709 1045 ᾱάλλὰ
734 1007 794 1044 καὶ
814 1007 832 1044 ὃ
859 1008 979 1058 πολλῷ
1006 1005 1128 1043 τούτου
1150 1005 1283 1043 ἀνώτε-

260 1085 330 1121 ρον.
356 1072 464 1108 Ποῖον
496 1069 538 1117 δὴ
571 1074 696 1115 τοῦτο,
719 1069 773 1106 Τὸ
803 1067 974 1120 φάρμακα
1002 1066 1150 1114 εἰδέναι,
1167 1067 1211 1103 δι’
1234 1060 1281 1103 ὧν

259 1131 531 1182 ἀφανισθήσεται
564 1130 610 1168 τὰ
639 1129 826 1180 τραύματα
856 1129 986 1168 πάντα.
1017 1130 1137 1180 Τριῶν
1168 1127 1281 1165 τοίνυν

258 1193 394 1244 τρόπων
415 1192 542 1239 ὄντων,
566 1192 639 1236 ἑνὸς
660 1191 722 1241 μὲν
743 1196 803 1229 τοῦ
822 1191 987 1229 δύνασθαι
1017 1190 1096 1232 τοὺς
1117 1190 1282 1228 ἀδικοῦν-

260 1269 323 1296 τας
341 1252 546 1304 ἀμύνεσθαι,
565 1253 682 1304 ἑτέρου
700 1252 736 1290 δὲ
756 1255 817 1290 ἀνα
830 1251 930 1303 τέρου
950 1256 1010 1290 τοῦ
1029 1251 1089 1290 καὶ
1108 1250 1152 1288 τὰ
1172 1253 1284 1288 οἰκεῖά

261 1314 448 1365 τραύματα
474 1313 697 1365 θεραπεύειν·
719 1315 756 1352 οὗ
775 1312 842 1365 γὰρ
867 1313 990 1350 ἕπεται
1017 1315 1118 1349 τοῦτο
1145 1311 1284 1354 πάντως

261 1375 402 1428 ἐκείνῳ·
427 1374 544 1426 τρίτου
563 1374 599 1412 δε
617 1390 678 1412 του
713 1374 835 1424 μηδενὶ
867 1375 936 1410 τῶν
961 1374 1068 1411 ὄντων
1092 1371 1282 1423 ἀνθρώπων

260 1435 467 1487 εὐχείρωτον
484 1438 583 1482 εἶναι,
599 1435 617 1474 ὃ
637 1434 677 1480 δὴ
699 1436 758 1472 καὶ
777 1436 890 1484 μεῖζον
913 1433 1045 1485 φύσεως
1067 1432 1285 1485 ἀνθρωπίνης

265 1496 357 1542 ἐστὶ,
378 1499 479 1534 τοῦτο
500 1494 557 1533 τὸν
579 1495 648 1533 υἱὸν
669 1495 727 1533 τὸν
746 1495 805 1532 σὸν
826 1494 951 1547 ἔχοντα
971 1493 1211 1543 ἀποδείξομεν.

313 1555 383 1593 Και
399 1557 452 1594 ὅτι
471 1559 508 1594 οὗ
539 1556 646 1608 ψόφος
664 1561 776 1594 ταῦτα
807 1555 850 1593 τὰ
874 1556 1044 1608 ῥήματα,
1064 1555 1123 1592 καὶ
1156 1554 1284 1602 ταύτης

261 1619 323 1662 τῆς
358 1617 511 1666 μεγάλης
537 1617 715 1666 δυνάμεως
744 1617 865 1669 ἑτέραν
903 1616 1010 1654 πάλιν
1045 1616 1185 1666 μείζονα
1219 1631 1284 1665 με-

259 1674 344 1718 ταξὺ
361 1677 541 1722 ζητοῦντες
561 1677 772 1728 εὑρήκαμεν.
794 1679 846 1715 Οὔ
862 1676 930 1728 γὰρ
951 1676 993 1723 δὴ
1027 1676 1128 1727 μόνον
1161 1678 1199 1714 οὗ
1219 1677 1283 1713 δυ-

261 1736 429 1786 ναμένους
445 1765 456 1785 ,
490 1738 566 1775 ἀλλ’
601 1737 678 1775 οὐδὲ
709 1738 936 1789 βουλομένους
969 1737 1109 1775 ἐκείνων
1151 1736 1284 1787 βλάψαι

265 1796 362 1841 τινὰς
380 1797 502 1849 ὄψεταί
514 1813 584 1840 τις·
601 1797 692 1835 ὥστε
709 1799 816 1836 διπλᾶ
829 1798 873 1836 τὰ
889 1801 950 1844 τ’ἧς
967 1797 1159 1850 ἀσφαλείας
1176 1799 1283 1848 αὐτῷ.

263 1858 312 1896 Τί
341 1851 399 1896 οῧν
418 1858 587 1911 θειότερον
615 1859 741 1910 γένοιτ’
766 1861 807 1896 ἂν
826 1859 957 1906 ταύτης
980 1861 1042 1905 τῆς
1064 1860 1171 1905 ζωῆς,
1200 1860 1233 1896 ἐν
1261 1852 1285 1908 ᾗ

265 1919 387 1969 μηδεὶς
407 1919 496 1969 μήτε
511 1920 674 1971 ἐθελήσῃ,
687 1919 777 1970 μήτε
797 1920 837 1958 ἂν
857 1920 958 1969 ἐθέλῃ
976 1919 1165 1965 δυνήσεται
1180 1922 1285 1965 not-7,-

262 1995 322 2018 σαι
341 1982 456 2023 κακῶς
472 1995 482 2026 ;
500 1980 560 2018 καὶ
583 1980 756 2030 μάλιστα,
775 1980 858 2020 ὅταν
888 1982 928 2020 τὸ
956 1981 1005 2031 μὴ
1037 1980 1147 2018 θέλειν
1168 1981 1230 2018 οὔκ
1247 1982 1286 2018 ἐκ

262 2044 322 2079 τοῦ
341 2040 390 2091 μὴ
414 2040 579 2079 δύνασθαι
597 2040 760 2092 γίνηται,
774 2042 967 2094 καθάπερ’
954 2043 1012 2081 επὶ
1028 2043 1190 2088 πολλῶν,
1208 2042 1284 2079 ἀλλ’

264 2101 304 2138 ἐκ
321 2105 381 2139 τοῦ
399 2101 573 2152 μηδεμίαν
593 2102 706 2140 αἰτίαν
727 2106 852 2154 ευρεῖν.
873 2103 997 2150 Ἐπει,
1017 2102 1050 2141 εἴ
1065 2118 1104 2154 γε
1122 2107 1224 2140 τοῦτο
1245 2105 1288 2148 4,v

267 2163 345 2200 καθ’
361 2161 483 2209 ἑαυτὸ,
497 2178 536 2200 το
554 2162 603 2213 μὴ
621 2163 787 2203 δύνασθαι
806 2163 910 2216 λέγω,
930 2164 1027 2202 οὐδὲν
1048 2168 1208 2202 τοσοῦτον
1225 2166 1267 2209 ἠν

268 2228 367 2272 μῖσος
383 2222 485 2274 γὰρ
469 2238 508 2259 αν
527 2223 652 2275 ἐτέχθη
673 2224 759 2262 πολυ
774 2231 845 2268 τοῖς
866 2226 1002 2263 θέλουσι
1025 2223 1111 2275 μὲν,
1133 2225 1170 2260 οὐ
1191 2224 1290 2261 δυνα-

269 2283 384 2334 μένοις
399 2283 435 2322 δὲ
454 2284 585 2321 ἀδικεῖν
597 2299 604 2307 ·
625 2286 662 2322 οὗ
681 2285 804 2337 μικρὸς
824 2285 860 2323 δὲ
878 2286 938 2323 καὶ
956 2280 1054 2329 οὗτος
1068 2285 1290 2335 μακαριότη-

266 2358 324 2387 τος
338 2344 475 2395 τρόπος.
495 2344 588 2382 Αὐτὸ
610 2345 652 2390 δὴ
671 2339 728 2383 οὖν
746 2351 848 2384 τοῦτο
863 2346 1100 2396 ἐξετάσωμεν,
1119 2348 1148 2383 εἰ
1179 2346 1290 2392 δοκεῖ,

268 2406 419 2456 πρῶτον.
438 2403 503 2447 Τίς
521 2397 578 2442 οὖν
589 2435 600 2454 ,
617 2406 692 2444 εἶπέ
710 2422 787 2455 μοι,
816 2406 875 2444 τὸν
905 2406 1000 2444 οὐδὲν
1033 2406 1145 2444 κοινὸν
1167 2406 1292 2458 ἔχοντα

268 2465 355 2517 πρὸς
386 2465 606 2516 ἀνθρώπους,
625 2468 663 2504 οὐ
693 2466 917 2516 συμὸολαίων
940 2467 1054 2505 ἕνεκεν
1069 2498 1078 2514 ,
1091 2468 1129 2506 οὗ
1148 2470 1230 2518 γῆς,
1255 2469 1292 2505 οὖ

270 2526 464 2578 χρημάτων
480 2554 489 2571 ,
509 2527 547 2564 οὗ
567 2526 786 2578 πραγμάτων
803 2558 812 2575 ,
833 2528 894 2565 οὐκ
915 2528 1022 2566 ἄλλου
1043 2528 1176 2571 οὐδενὸς
1189 2558 1198 2575 ,
1214 2529 1291 2565 ἐθε-

269 2586 370 2632 λήσει
391 2586 525 2637 βλάψαι
552 2587 662 2633 ποτέ;
686 2588 772 2640 ὑπὲρ
799 2587 901 2631 ποίας
922 2588 1042 2640 χώρας
1062 2589 1290 2640 φιλονεικήσει

268 2647 355 2700 πρὸς
387 2648 506 2694 αὐτὸν,
537 2647 624 2700 ὑπὲρ
651 2648 761 2693 τίνωνι
786 2650 1036 2702 ἀνδραπόδων,
1071 2650 1159 2700 ὑπὲρ
1193 2649 1292 2693 ποίας

270 2706 369 2754 δόξης
385 2737 394 2755 ,
417 2708 451 2745 τί
479 2708 659 2756 δεδοικὼς,
680 2710 747 2748 ὑπὸ
765 2709 854 2753 τίνος
893 2711 1102 2760 δακνόμενος
1119 2728 1127 2758 ;
1143 2711 1192 2748 'll
1224 2710 1292 2763 γὰρ

271 2768 402 2820 φθόνῳ,
425 2767 447 2814 ἢ
467 2768 555 2815 δέει,
583 2768 605 2816 ἢ
625 2771 710 2822 ὀργῇ
734 2770 922 2821 κινούμεθα
953 2773 1038 2824 πρὸς
1057 2773 1096 2810 τὸ
1124 2773 1292 2822 βλάπτειν

271 2828 419 2881 ἑτέρους.
444 2829 534 2867 Ἀλλ’
551 2825 648 2874 οἶτος
676 2833 694 2868 ὃ
718 2832 996 2882 βασιλικώτατος
1026 2833 1167 2871 πάντων
1201 2833 1292 2872 ἐστὶν

270 2890 477 2942 ’ἀνώτεροᾳ
488 2890 553 2934 Τίς
566 2891 633 2943 γὰρ
649 2893 811 2944 φθονήσει
826 2896 876 2945 τῷ
895 2893 1035 2932 πάντων
1056 2895 1293 2944 κατα-γελῶντι

271 2950 402 2989 τούτοιν
416 2981 426 2998 ,
445 2951 524 3004 περὶ
544 2952 566 2990 ἃ
588 2953 776 2992 κόπτονται
808 2955 919 3007 ἕτεροι
953 2956 1011 2993 καὶ
1035 2957 1293 3001 σπουδάζουσι,

271 3011 322 3056 τίς
337 3012 373 3050 δὲ
389 3015 557 3064 ὀργιεῖται
577 3014 683 3064 μηδὲν
704 3016 937 3067 ἠδικημένος;
958 3016 1008 3059 τίς
1035 3018 1070 3055 δὲ
1093 3017 1293 3069 φοόηθήσε-

273 3088 348 3120 ται,
366 3074 472 3123 μηδὲν
489 3075 688 3113 ὑποπτεύων
704 3091 713 3123 ;
730 3077 880 3124 Οὐκοῦν,
894 3077 948 3115 ὅτι
969 3077 1031 3127 μὲν
1048 3080 1085 3116 οὐ
1103 3079 1292 3129 βουλήσον-

273 3133 331 3171 ταί
358 3149 447 3178 τινες
479 3136 627 3181 ἀδικεῖν,
656 3138 695 3175 ἐκ
725 3136 845 3176 τούτου
872 3139 1001 3184 δῆλον·
1021 3137 1110 3176 ὅτι
1093 3139 1127 3176 οὲ
1166 3140 1237 3176 οὐδ’
1254 3138 1293 3176 ἂν

273 3195 416 3233 ἐθέλωσι
437 3196 659 3243 δυνήσονται,
679 3197 739 3235 καὶ
757 3213 858 3236 τουτο
883 3198 1046 3249 ὁμοίως
1032 3214 1152 3237 εκιινω
1177 3200 1293 3245 δῆλον.

273 3255 326 3293 Οὐ
346 3255 413 3307 γὰρ
441 3255 514 3308 ἔχει
533 3256 594 3301 τὰς
614 3258 792 3309 ἀφορμὰς,
815 3258 892 3298 οὐδὲ
921 3260 982 3303 τὰς
1011 3258 1141 3307 λαῖἱὰς,
1157 3259 1232 3298 ὅθεν
1255 3259 1294 3297 οἶν

318 3388 331 3401 ⁸¹
354 3377 456 3411 Suvil.
477 3386 508 3411 ct
527 3390 609 3411 ιιιιιιιι
626 3378 711 3412 (lod.
737 3386 765 3414 du
782 3384 886 3426 ᾖμηῖ,’
901 3388 948 3415 ἀν.

319 3429 332 3448 ‘¹
350 3430 451 3462 Stivil.
466 3434 545 3465 ἀλλὰ
560 3437 607 3465 καὶ
622 3435 636 3465 ὁ
654 3435 765 3475 πολλῷ.
785 3433 854 3464 uuo
873 3433 946 3464 Mss.
967 3436 1046 3467 tm&
1063 3438 1110 3467 καὶ
1123 3438 1156 3468 τὸ
1169 3436 1280 3477 πολλοι.

1352 343 1430 372 est:
1424 334 1561 372 ·multo
1581 334 1686 386 plane
1705 334 1820 385 majus
1837 332 1920 380 erit,
1938 331 2044 369 talem
2065 331 2146 368 vitae
2167 339 2300 368 stitum

1304 396 1328 425 Ε
1351 395 1520 446 reperire,
1544 395 1579 432 in
1599 409 1668 444 quo
1688 408 1790 431 nemo
1810 393 1868 437 sit,
1891 395 1954 443 qui
1973 392 2037 429 etsi
2059 390 2156 436 velit,
2177 404 2300 428 nocere

1353 456 1472 505 possit.
1489 457 1579 493 Nam
1597 455 1692 505 quod
1710 455 1777 491 hoc
1795 454 1840 491 sit
1856 454 1917 491 illo
1939 455 2065 504 majus,
2081 461 2166 488 tunc
2187 452 2301 503 magis

1352 517 1540 564 constabit,
1568 530 1650 553 cum
1673 515 1720 552 ad
1744 515 1951 566 exemplum
1980 513 2079 551 aliud
2105 513 2300 550 mationem

1351 575 1616 615 reduxerimus.
1629 576 1704 613 ‘Dic
1719 575 1826 620 enim,
1844 589 1978 624 quaeso,
1998 584 2120 612 utrum
2137 583 2302 625 praestau-

1351 635 1434 684 tius,
1456 637 1550 674 reine
1568 637 1708 674 hellicae
1736 637 1782 673 ita
1810 635 2015 686 quempiam
2036 636 2190 686 peritum
2211 649 2299 682 esse,

1352 705 1391 733 ut
1413 710 1528 745 nemo,
1548 698 1608 747 qui
1624 712 1660 735 se
1678 697 1852 743 vulneret,
1868 696 2114 732 invulneratus
2129 696 2277 746 effugiat
2292 711 2300 732 ι

1351 771 1396 794 an
1412 758 1584 808 ejusmodi
1601 773 1674 796 esse
1690 771 1850 809 corpore,
1865 766 1903 794 ut
1918 756 2139 806 quantalibet
2156 758 2304 807 quisque

1352 828 1448 869 agat,
1475 819 1664 857 vulnerare
1694 833 1763 857 non
1791 818 1927 870 pos-it?
1951 818 2129 856 Omnibus
2148 818 2305 868 profecto

1353 889 1488 918 constat
1514 881 1580 917 hoc
1608 881 1672 918 illo
1693 880 1811 932 potius
1831 893 1905 916 esse
1921 893 1961 916 ac
1980 878 2142 915 divinius
2159 894 2166 914 :
2193 892 2306 928 neque

1351 939 1446 977 illud
1464 949 1599 977 tantum
1616 940 1728 987 adest,
1744 939 1806 978 sed
1823 939 1921 990 quod
1939 939 2002 976 illo
2019 939 2124 989 longe
2143 939 2307 990 superius

1352 1010 1417 1039 est.
1447 1001 1641 1049 Quodnam
1670 1001 1762 1038 illud
1793 1001 1871 1038 est?
1906 999 2025 1037 Etiam
2052 999 2308 1037 medicamenta

1293 1071 1332 1112 Ἀ
1354 1075 1468 1110 nosse,
1496 1061 1627 1111 quibus
1651 1061 1803 1099 vulnera
1822 1069 1992 1098 curentur
2017 1060 2148 1097 omnia.
2174 1060 2309 1098 Tribus

1353 1136 1436 1173 ergo
1455 1122 1620 1173 potentiae
1642 1121 1757 1159 modis
1777 1121 1996 1168 constitutis,
2016 1121 2132 1172 primo
2151 1120 2310 1171 quidem,

1353 1191 1393 1219 ut
1413 1183 1522 1234 possit
1545 1183 1624 1233 quis
1647 1182 1796 1234 injurias
1814 1181 1954 1231 ulcisci,
1978 1181 2101 1228 altero,
2116 1181 2177 1231 qui
2197 1190 2228 1219 et
2249 1196 2312 1219 su·-

1355 1244 1472 1295 perior
1483 1253 1547 1289 est,
1560 1252 1599 1280 ut
1611 1244 1760 1281 vulnera
1768 1243 1915 1296 propria
1931 1257 2055 1280 curare
2069 1244 2182 1290 norit;
2197 1257 2310 1294 neque

1355 1305 1450 1342 enim
1462 1304 1606 1341 omnino
1619 1304 1687 1342 hoc
1702 1304 1794 1342 illud
1811 1304 1985 1354 sequitur,
1999 1303 2122 1351 terti03
2140 1313 2178 1340 ut
2194 1318 2212 1341 a
2231 1305 2311 1342 nul·

1353 1364 1388 1402 lo
1406 1364 1594 1402 hominum
1610 1364 1694 1402 laedi
1720 1365 1843 1416 possit,
1859 1363 1957 1414 quod
1980 1373 2143 1400 naturam
2171 1367 2312 1416 penitus

1353 1425 1493 1462 excedit
1513 1425 1706 1462 humanam
1728 1441 1735 1461 :
1758 1425 1824 1462 hoc
1843 1433 2063 1476 postremum
2084 1424 2149 1462 fih‘i
2168 1425 2220 1461 tui
2235 1439 2311 1464 esse

1355 1486 1649 1524 monstrabimus.

1408 1548 1446 1583 7.
1470 1548 1522 1585 Ne
1544 1556 1661 1584 autem
1682 1546 1758 1583 haec
1778 1545 1886 1583 verba
1906 1545 2078 1596 strepitus
2098 1544 2215 1582 inanis
2238 1559 2311 1583 esse

1354 1607 1559 1654 videantur,
1574 1608 1641 1644 hac
1655 1608 1730 1660 ipsa
1747 1620 1876 1657 magna
1892 1606 2049 1657 potentia
2066 1619 2189 1643 rursus
2201 1606 2311 1643 aliam

1354 1669 1524 1719 majorem
1535 1668 1626 1705 iuter
1639 1666 1870 1718 quaerendum
1885 1666 2098 1704 invenimus.
2113 1666 2190 1704 Non
2207 1665 2313 1703 modo

1363 1729 1458 1766 enim
1475 1742 1544 1766 non
1562 1729 1783 1780 reperientur
1800 1728 1861 1778 qui
1881 1740 2006 1764 nocere
2025 1726 2173 1778 possint,
2189 1726 2253 1764 sed
2271 1741 2314 1764 ne

1309 1806 1332 1836 B
1362 1790 1422 1840 qui
1446 1789 1735 1840 velintquidem3
1753 1789 1800 1826 ita
1823 1798 1860 1826 ιιι
1882 1787 2019 1840 duplici
2036 1801 2081 1824 ex
2102 1796 2200 1839 parte
2217 1796 2314 1825 tutus

1363 1850 1422 1888 sit.
1447 1850 1545 1897 Quid
1565 1850 1676 1902 igitur
1692 1850 1758 1887 hac
1775 1849 1849 1887 vita
1869 1848 2042 1893 divinius,
2063 1848 2099 1885 in
2122 1862 2191 1899 qua
2211 1862 2313 1886 nemo

1363 1925 1488 1950 nocere
1509 1911 1610 1960 velit,
1631 1925 1695 1949 nec
1716 1911 1744 1948 si
1780 1910 1884 1961 velit,
1907 1909 2040 1961 possit?
2059 1922 2139 1946 cum
2160 1910 2316 1948 maxime

1364 1973 1459 2011 nolle
1478 1987 1603 2011 nocere
1630 1986 1701 2010 non
1727 1986 1774 2010 ex
1804 1970 2050 2010 imbecillitate
2075 1970 2188 2019 venit,
2214 1979 2252 2008 ιιι
2277 1971 2315 2009 in

1365 2034 1490 2072 multis
1508 2034 1693 2086 contingit,
1711 2032 1771 2072 sed
1789 2031 1885 2083 quod
1905 2031 2003 2069 nulla
2021 2031 2217 2083 reperiatur
2233 2044 2317 2068 cau-

1365 2108 1416 2132 sa.
1427 2095 1519 2132 Nam
1533 2095 1563 2133 si
1577 2094 1614 2132 id
1628 2094 1746 2132 solum
1759 2107 1822 2145 pct
1837 2106 1873 2130 se
1887 2101 1986 2138 esset,
2003 2091 2135 2129 scilicet
2152 2105 2220 2128 non
2235 2105 2318 2143 pos-

1365 2169 1416 2203 se,
1430 2170 1499 2194 non
1514 2156 1602 2194 tanti
1617 2164 1726 2193 esset:
1742 2153 1866 2191 odium
1878 2153 2044 2204 quippe„
2026 2152 2229 2202 “ignetetur
2242 2165 2319 2189 ma-

1366 2217 1507 2254 ximum
1527 2217 1563 2254 in
1584 2216 1640 2263 iis,
1667 2217 1827 2267 quicum
1842 2215 1987 2259 vellent,
2010 2213 2220 2251 laedereuon
2238 2227 2321 2266 pos-

1369 2287 1463 2316 sent:
1479 2292 1548 2316 non
1562 2292 1696 2330 parvus
1711 2286 1828 2315 autem
1845 2284 1894 2314 est
1913 2275 1972 2312 liic
1992 2274 2226 2312 beatitudinis
2241 2288 2321 2312 ino-

1369 2338 1580 2392 dus.lpsum
1596 2352 1679 2390 crgo
1694 2339 1863 2390 primum,
1879 2339 1908 2376 si
1927 2335 2084 2381 videtur,
2099 2336 2323 2374 excutiamus

1369 2400 1568 2451 diligenter.
1593 2401 1768 2446 Quisnam
1785 2413 1863 2436 euin
1882 2398 2011 2435 laedcre
2025 2397 2126 2443 velit,
2152 2397 2212 2447 qui
2232 2397 2323 2434 nihil

1370 2460 1475 2498 habet
1493 2475 1678 2499 commune
1701 2474 1782 2498 curu
1798 2458 2016 2502 hominihus,
2032 2471 2099 2495 uon
2117 2469 2231 2508 pacta,
2254 2471 2322 2494 nou

1317 2531 1340 2561 C
1370 2535 1487 2572 agros,
1511 2535 1579 2558 non
1607 2521 1789 2572 pecuniaS,
1818 2532 1886 2556 nou
1909 2518 2061 2568 negotia,
2090 2532 2202 2567 neque
2221 2517 2322 2555 aliud

1369 2582 1583 2634 quidpiam?
1601 2596 1663 2634 pro
1677 2594 1746 2631 qua
1760 2580 1847 2617 villa
1862 2593 1942 2616 ι·ιιιιι
1959 2578 2021 2615 ιΙΙιι
2035 2577 2235 2624 contendet,
2255 2592 2320 2630 pro

1369 2644 1500 2694 quilius
1526 2643 1652 2686 servis,
1685 2655 1748 2693 pro
1779 2654 1848 2690 qua
1876 2639 2019 2689 gloria?
2039 2637 2210 2689 quidnam
2242 2653 2320 2676 iue-

1371 2714 1486 2751 tucus,
1521 2718 1592 2755 quo
1623 2701 1836 2740 lacessente?
1860 2699 2047 2750 Siquidem
2075 2708 2137 2736 aut
2165 2699 2319 2751 invidia,

1371 2776 1431 2804 aut
1451 2775 1560 2810 uictu,
1589 2774 1648 2802 aut
1677 2764 1725 2800 ir.-
1747 2774 1945 2805 movemur,
1967 2770 2004 2798 ut
2024 2760 2112 2797 tilios
2132 2760 2318 2799 lauh-unus.

1374 2830 1417 2864 At
1438 2827 1495 2864 liic
1519 2839 1597 2876 rege
1612 2824 1740 2876 quovis
1758 2822 1946 2874 potentior.
1970 2821 2137 2859 ouinibus
2160 2822 2322 2872 superior

1371 2897 1432 2926 est.
1449 2888 1540 2934 Quis
1556 2887 1650 2924 cuitu
1668 2885 1698 2922 ci
1719 2882 1908 2930 invidebit,
1923 2883 1985 2933 qui
2004 2882 2077 2919 lure
2100 2883 2219 2919 omnia
2237 2882 2323 2920 irri-

1371 2949 1445 2993 det,
1468 2964 1533 3000 pro
1554 2948 1684 2998 quilius
1704 2945 1764 2982 ulii
1789 2944 1949 2981 labor-int
1970 2953 2001 2981 rt
2028 2953 2191 2994 satagunt
2205 2944 2222 2980 ’;’
2243 2944 2324 2994 quis

1372 3010 1541 3048 irascetur
1570 3008 1658 3046 uiliil
1679 3008 1783 3043 husus
1799 3006 1816 3043 ζ’
1835 3005 1915 3056 quis
1937 3013 2080 3049 uit-luet,
2101 3018 2181 3040 cuni
2202 3004 2322 3041 nullus

1372 3072 1416 3109 sit
1432 3069 1624 3122 suspicioni
1640 3069 1760 3107 lorus?
1782 3068 1924 3103 Constat
1944 3065 2052 3114 igitur
2067 3078 2110 3102 ex
2137 3064 2192 3101 his
2209 3064 2325 3102 nullos

1372 3147 1446 3170 csse
1466 3132 1526 3182 qui
1547 3131 1577 3168 ci
1598 3144 1721 3167 uoci-rc
1741 3128 1866 3170 velint,
1885 3126 1981 3177 ιμιυιί
2002 3135 2120 3162 autem
2137 3139 2206 3162 ιιιιιι
2224 3124 2251 3162 si
2270 3139 2326 3163 vt*

1371 3194 1436 3232 lint
1454 3194 1611 3244 ‹luith-,iu
1626 3190 1771 3243 possint
1786 3199 1816 3227 rt
1835 3188 1899 3226 linc
1915 3187 2081 3225 similiter
2099 3201 2142 3224 ιιι
2138 3187 2227 3224 mise
2219 3196 2323 3225 ’.κ-ιιιιιι

1320 3269 1344 3297 ι)
1372 3266 1436 3297 tst.
1457 3255 1571 3294 Nullan
1591 3253 1684 3291 ιιιιιιι
1701 3260 1781 3289 suut
1798 3265 1815 3287 ι
1818 3264 1912 3287 ·ιιι,ε.·ι
1932 3258 1993 3286 aut
2013 3248 2227 3292 ott-asianos
2244 3248 2322 3299 qui-

1317 3381 1324 3425 1
1347 3378 1531 3421 ngeliutur
1547 3383 1592 3410 ἑτι
1612 3379 1712 3417 mli-fi
1730 3384 1914 3417 perperam.
1938 3372 1945 3415 Ι

1361 3443 1374 3457 ·=
1398 3430 1500 3465 stu-il.
1519 3437 1668 3474 ἀνωμρω.

2087 3468 2127 3502 (i.
