2513 3871
111 858 249 931 lgailach.
266 857 298 888 3.

112 910 122 929 1
154 922 161 930 .

105 1546 161 1575 Dei
177 1547 250 1575 ultio
266 1547 295 1573 in

104 1590 239 1619 Judoeon.

107 1737 224 1775 Dan.9.
247 1743 294 1765 11.

109 2361 191 2390 Dan.
207 2360 294 2391 332.

134 3337 227 3364 ΤῘιΙΙἾ
283 3357 286 3361 .

315 225 406 287 778
728 237 766 268 s.

314 335 391 360 non
406 319 709 359 auscultavimus
726 319 846 356 servis
865 321 939 355 tuis
956 317 1168 369 prophetes.
1186 317 1266 356 Una

312 379 490 433 siquidem
508 380 654 430 solaque
680 377 846 430 purgatio
865 377 1112 430 peccatoribus
1130 377 1268 428 reliqua

312 451 364 481 εει
381 451 459 494 post
477 448 631 493 peccata,
652 438 818 477 videlicet
835 448 874 477 ut
892 453 954 477 sua
973 439 1163 478 commissa
1179 452 1268 478 con-

313 503 494 541 fiteantur.
515 502 574 539 Tu
591 514 674 539 vero
691 500 781 538 mibi
801 500 985 539 considera
1001 510 1034 539 et
1049 501 1135 554 justi
1153 501 1268 538 virtu-

311 571 398 610 tem,
416 573 450 601 et
468 561 679 602 Judoeorum
698 561 979 614 improbitatem.
1005 563 1095 601 Nam
1113 562 1174 600 ille
1192 562 1270 613 qui·

311 622 392 660 deul
414 622 552 660 nullius
572 621 656 659 mali
676 621 744 660 sibi
773 622 950 670 conscius,
977 622 1135 675 seipsum
1157 623 1269 660 multa

312 697 395 722 cum
413 684 621 722 austeritate
639 682 802 731 damnat,
821 683 943 722 dicens
965 700 972 725 :
996 686 1267 735 Peccavimus,

311 746 445 798 inique
472 747 659 799 fecimus,
681 747 913 798 injustitiam
936 750 1270 799 perpetravimus;

313 806 352 845 hi
373 821 458 846 vero
477 807 581 845 malis
608 807 804 846 innumeris
823 808 935 861 pleni,
956 818 1076 847 contra
1097 810 1268 859 fecerunt,

315 867 495 908 dicentes:
519 870 761 908 servavimus
781 879 974 923 proecepta
993 879 1089 911 tua.-
1112 880 1149 909 et
1169 886 1272 910 nunc

317 932 448 968 beatos
468 931 632 969 dicimus
651 931 812 977 alienos,
842 939 878 970 et
898 932 1188 985 recedificantur
1206 936 1274 984 qui

311 1000 474 1044 patrant
512 994 775 1043 iniquitatem.
817 993 1131 1039 Quemadmodum
1176 994 1271 1032 enim

311 1052 426 1091 solent
448 1052 536 1104 justi
559 1061 638 1105 post
663 1054 759 1105 justa
785 1054 879 1091 facta
899 1054 1057 1092 modeste
1075 1068 1193 1106 agere,
1224 1057 1271 1094 ita

311 1115 426 1153 solent
438 1114 523 1152 mali
540 1123 617 1167 post
631 1114 786 1152 admissa
802 1116 933 1154 scelera
950 1116 1096 1154 laudare
1107 1118 1268 1164 sese.Qui

310 1176 447 1214 nullius
467 1175 599 1227 peccati
621 1176 688 1213 sibi
709 1175 873 1214 conscius
892 1186 981 1222 erat,
1002 1177 1145 1215 dicebat
1163 1196 1172 1217 :
1193 1179 1270 1216 lni-

310 1235 485 1287 quitatem
508 1236 670 1277 fecimus.
690 1235 906 1274 defleximus
924 1251 944 1274 a
968 1239 1154 1290 praeceptis
1173 1239 1268 1286 tuis;

310 1305 449 1344 contra,
467 1296 528 1346 qui
547 1295 864 1334 innumerabilium
884 1297 1082 1336 {acinorum
1101 1299 1170 1337 sibi
1187 1313 1271 1338 con·

310 1356 374 1395 scii
396 1366 507 1403 erant,
529 1356 723 1394 dicebant:
744 1358 977 1396 Servavimus
997 1369 1172 1412 praecepta
1194 1369 1268 1402 tua,

310 1420 426 1469 Atque
450 1418 525 1455 haec
541 1432 581 1456 eo
600 1418 741 1470 loquor,
762 1428 799 1457 ut
820 1419 971 1458 alterum
991 1421 1162 1469 vitemus,
1183 1422 1272 1461 alte-

312 1494 390 1518 rum
418 1479 611 1518 imitemur.

365 1544 401 1580 6.
417 1542 500 1579 Post
512 1541 586 1579 liaec
596 1542 764 1592 quoniam
775 1543 940 1595 attigerat
953 1544 1097 1583 illorum
1114 1556 1272 1598 peccata,

313 1611 430 1640 narrat
447 1612 478 1640 et
493 1617 632 1655 poenam
647 1617 754 1654 quam
767 1603 954 1652 dederunt,
965 1615 998 1643 et
1012 1620 1055 1643 ex
1071 1606 1138 1644 lioc
1153 1608 1271 1646 Deum

312 1663 359 1702 ad
373 1663 655 1702 misericordiam
668 1678 835 1702 revocare
845 1665 994 1718 cupiens
1004 1666 1054 1704 ait
1069 1682 1077 1708 ς
1098 1669 1148 1705 Et
1161 1670 1271 1706 venit

312 1740 427 1779 super
442 1740 510 1764 nos
531 1727 765 1772 maledictio,
790 1741 875 1779 quse
894 1731 1034 1780 scripta
1051 1738 1107 1767 est
1129 1732 1172 1767 in
1190 1731 1272 1782 lege

313 1789 435 1826 Mosis
463 1790 563 1825 servi
582 1788 657 1825 Dei
673 1817 681 1832 ‚
704 1790 796 1839 quia
813 1790 1069 1839 peccavimus.
1097 1793 1269 1838 Quaenam

312 1857 364 1886 est
377 1848 443 1886 ista
459 1849 682 1887 exsecratio?
695 1849 864 1887 Vultisne
876 1849 1035 1901 legamus
1047 1851 1145 1889 illam
1157 1852 1174 1889 Ξ)
1187 1854 1270 1890 Nisi

261 1947 266 1954 ,
312 1913 536 1959 servieritis,
555 1910 687 1961 iuquit,
709 1911 873 1949 Domino
893 1913 977 1950 Deo
998 1922 1141 1962 nostro,
1156 1915 1271 1952 indu·

311 1985 397 2010 cam
418 1986 533 2023 super
549 1985 622 2010 vos
641 1981 792 2024 gentem
820 1974 1097 2026 impudentem,
1125 1985 1159 2014 et
1194 1990 1272 2014 non

311 2033 503 2086 intelliges
518 2035 650 2071 vocem
661 2033 785 2081 illius,
796 2043 831 2072 et
846 2038 953 2073 eritis
969 2050 1128 2074 numero
1141 2040 1269 2089 pauci.

312 2093 389 2132 Hoc
414 2094 508 2132 idem
533 2094 755 2133 declarantes
773 2104 842 2133 tres
870 2096 923 2134 illi
945 2097 1059 2149 pueri,
1082 2098 1272 2150 palamque
1295 2118 1318 2149 C

311 2154 477 2194 facientes
510 2156 606 2207 quod
644 2156 691 2194 ob
727 2158 887 2208 ipsorum
913 2167 1054 2210 peccata
1085 2159 1270 2198 accidisset

313 2216 380 2254 hoc
410 2215 578 2255 vindictae
605 2230 736 2268 genus,
766 2226 799 2255 et
825 2217 892 2270 ipsi
925 2233 991 2271 pro
1019 2221 1272 2260 communibus

313 2279 466 2332 peccatis
483 2279 736 2318 confessionem
754 2281 830 2319 Deo
846 2282 1064 2334 proferentes
1078 2282 1246 2322 dicebant
1263 2300 1270 2320 :

317 2341 531 2379 Tradidisti
549 2354 618 2379 nos
643 2343 685 2378 in
705 2355 844 2381 manus
861 2344 1027 2381 hostium
1046 2347 1272 2396 impiorum,

313 2404 665 2440 inimicissimorum
685 2403 936 2451 desertorum,
959 2418 1007 2443 ac
1026 2410 1106 2459 regi
1127 2407 1273 2458 injusto

312 2472 347 2502 et
368 2464 666 2502 sceleratissimo
688 2464 796 2502 ultra
811 2478 962 2504 omnem
980 2474 1140 2505 terram.
1160 2466 1273 2505 Vides

311 2525 524 2577 completam
539 2538 614 2563 esse
627 2524 916 2564 maledictionem
930 2541 1010 2578 quae
1023 2526 1132 2566 dicit:
1150 2529 1274 2566 Eritis

316 2600 479 2624 numero
495 2589 626 2638 pauci.
646 2588 787 2625 Rursus
802 2587 899 2639 quod
916 2588 1005 2626 dicit
1024 2604 1032 2625 z
1060 2589 1273 2628 Adducam

315 2652 356 2686 in
371 2662 441 2686 vos
455 2657 607 2700 gentem
624 2650 903 2700 impudentem,
922 2649 1079 2702 idipsum
1097 2659 1131 2688 et
1144 2651 1274 2689 Daniel

316 2710 375 2749 hic
395 2719 486 2748 recte
501 2709 706 2760 significans
725 2709 812 2748 dicit
829 2725 837 2746 ε
860 2712 1047 2749 Venerunt
1074 2726 1188 2762 super
1206 2726 1274 2750 nos

318 2772 437 2815 mala,
457 2771 596 2823 qualia
614 2784 694 2807 non
713 2771 938 2809 acciderunt
955 2774 1024 2810 sub
1043 2774 1152 2810 omni
1166 2773 1276 2820 coelo,

318 2833 528 2871 secundum
546 2845 592 2869 ea
618 2845 703 2881 quoe
718 2832 830 2882 sacta
850 2841 937 2870 sunt
960 2837 1002 2870 in
1022 2834 1162 2873 Israel.
1187 2836 1276 2881 Qum

319 2894 461 2932 tandem
477 2894 542 2931 ista
553 2893 571 2930 ἶ»)
586 2894 733 2931 Astures
749 2894 888 2931 liberos
903 2907 992 2931 suos
1004 2895 1278 2934 comederunt:

321 2965 356 2994 et
376 2955 443 2992 hoc
463 2969 545 2993 sanc
569 2954 733 3007 proedicit
762 2956 893 3001 Moses,
917 2965 1083 2993 caeterum
1105 2955 1278 2995 Jeremias

269 3055 278 3064 ,
322 3016 472 3054 ostendit
491 3016 661 3053 evenisse.
678 3016 744 3054 llle
759 3016 903 3066 quidem
922 3017 1082 3068 loquitur
1099 3033 1106 3054 ε
1130 3019 1278 3055 Tenem

324 3091 371 3114 ac
397 3078 604 3121 deliciosa,
626 3080 735 3129 cujus
766 3092 844 3115 non
873 3081 971 3130 cepit
1001 3081 1278 3130 erperientiam

322 3153 386 3188 pes
405 3141 498 3190 ejus,
516 3147 555 3175 ut
582 3141 773 3176 insisteret
799 3142 840 3176 in
861 3141 1024 3190 vestigio
1042 3149 1199 3191 propter
1218 3149 1278 3177 te·-

330 3200 581 3236 neritudinem
618 3214 665 3237 ac
701 3201 883 3247 delicias,
920 3203 1085 3253 attinget
1119 3201 1278 3253 impiam

330 3273 516 3306 mensam,
540 3269 574 3296 et
597 3274 682 3297 suos
703 3263 819 3312 ipsius
840 3262 946 3312 filios
975 3263 1160 3302 comedet.
1184 3263 1281 3301 ,lm-c-

335 3318 421 3354 mins
441 3327 555 3355 autern
576 3319 731 3357 ‹lecim-:u
752 3321 816 3358 lior
837 3322 1008 3367 evenisse,
1030 3322 1151 3360 (licens
1170 3339 1176 3359 τ
1200 3325 1279 3360 Μα-

1283 313 1329 338 637

1293 352 1317 381 A

380 3461 389 3470 ⁴
419 3449 478 3479 All!
498 3465 562 3492 '‘.''?*
581 3463 648 3484 nm,-
669 3451 753 3480 litim
774 3463 885 3483 vlunt«
906 3465 983 3492 'ww‘
1001 3454 1064 3483 xlm
1098 3472 1108 3484 ι

1160 3470 1256 3494 ι·ι,
1305 3449 1689 3487 ἰ.1ι’.1·τλν,ι..“(11“““1
1726 3466 1737 3479 1
1788 3468 1801 3481 a

806 236 993 268 maurus
1029 233 1270 266 cunvsosT.
1312 233 1521 264 Ancutm‘.
1560 233 1918 266 CONSTANTINOP-

1342 314 1516 367 ἀπολογία
1542 314 1632 366 μόνη
1656 316 1744 366 μετὰ
1767 316 1812 354 τὰ
1839 315 2082 367 ἁμαρτήματα
2100 317 2368 367 ὑπολέλειπται,

1339 377 1381 416 τὸ
1402 376 1465 420 τὰς
1485 377 1615 420 οἰκείας
1636 377 1813 430 ἁμαρτίας
1835 377 2092 430 δμολογεῖν.Σὺ
2111 379 2150 418 δέ
2168 394 2230 431 μοι
2246 381 2369 420 σκόπει

1340 437 1401 476 καὶ
1428 441 1490 476 τοῦ
1511 438 1648 477 δικαίου
1667 438 1732 485 τὴν
1760 438 1886 490 ἀρετὴν
1900 469 1912 490 ,
1933 439 1994 477 καὶ
2022 442 2094 478 τῶν
2110 439 2289 479 Ἰουδαίων
2305 439 2369 488 τὴν

1341 498 1605 551 ἀγνωμοσύνην.
1639 499 1685 538 Ὁ
1723 499 1787 550 μὲν
1819 499 1887 551 γὰρ
1918 499 2028 551 μηδὲν
2056 503 2171 554 ἑαυτῷ
2204 502 2371 548 συνειδὼς

1339 560 1491 612 πονηρὸν
1508 590 1518 608 ,
1537 560 1766 604 καταδικάζει
1794 560 1884 611 μετὰ
1912 563 2044 608 πολλῆς
2076 563 2200 601 ἑαυτὸν
2219 563 2370 617 σφοδρό-

1339 637 1456 669 τητος,
1470 621 1582 672 λέγων
1597 637 1605 645 ·
1618 620 1862 674 Ἥμάρτομεν,
1878 623 2121 673 ἦνομήσαμεν,
2133 623 2369 675 ἠδικήσαμεν·

1341 685 1373 720 οἱ
1407 682 1443 721 δὲ
1473 683 1606 734 μυρίων
1639 682 1806 733 γέμοντες
1838 687 1976 729 κακῶν,
1995 683 2195 723 τούναντίον
2221 684 2371 733 ἐποίουν,

1340 744 1499 795 λέγοντες
1514 759 1522 767 ·
1536 743 1782 796 Ἰἰφυλάξαμεν
1802 745 1846 783 τὰ
1866 745 2128 798 προστάγματά
2141 760 2216 791 σου,
2237 746 2297 784 καὶ
2314 750 2370 785 νῦν

1343 805 1584 857 μακαρίζομεν
1623 805 1848 857 ἀλλοτρίους·
1887 807 1948 844 καὶ
1988 806 2296 856 ἀνοικοδομοῦνται
2340 807 2374 844 οἱ

1342 870 1521 910 ποιοῦντες
1537 867 1760 918 ἀνομήματα.
1779 866 1923 920 εὭσπερ
1951 867 2020 920 γὰρ
2041 872 2114 910 τοῖς
2133 867 2279 911 δικαίοις
2297 867 2372 911 ἔθος

1345 927 1435 980 μετὰ
1453 928 1497 966 τὰ
1515 928 1740 979 δικαιώματα
1757 930 1953 982 μετριάζειν
1965 959 1975 976 ,
1994 928 2087 968 οὕτω
2106 935 2177 972 τοῖς
2206 934 2372 983 πονηροῖς

1346 990 1435 1042 μετὰ
1469 990 1512 1029 τὰ
1541 991 1785 1042 ἁμαρτήματα
1810 990 2032 1042 ἐπαίρεσθαι.
2054 990 2100 1029 ‘O
2127 990 2237 1040 μηδὲν
2256 993 2371 1043 ἐαυτῷ

1343 1052 1521 1097 συνειδὼς,
1533 1053 1720 1102 [τοιοῦτον]
1729 1053 2132 1104 ἔλεγεν,Ἠνομήσαμεν,
2147 1051 2370 1102 ἐξεκλίναμεν

1344 1114 1414 1152 ἀπὸ
1434 1116 1502 1152 τῶν
1520 1115 1668 1152 ἐντολῶν
1690 1129 1750 1152 σου
1764 1130 1771 1137 ·
1790 1117 1821 1152 οἱ
1844 1114 1879 1152 δὲ
1900 1114 2008 1165 μυρία
2028 1114 2220 1157 συνειδότες
2238 1115 2371 1157 ἑαυτοῖς

1343 1175 1601 1226 ἁμαρτήματα,
1630 1174 1762 1224 ἔλεγον,
1789 1175 1842 1213 ὅτι
1863 1174 2110 1227 Ὶίφυλάξαμεν
2141 1173 2204 1217 τὰς
2231 1174 2371 1217 ἐντολάς

1343 1251 1416 1274 σου.
1438 1237 1563 1273 Ταῦτα
1591 1234 1694 1286 λέγω,
1711 1234 1768 1273 ἵνα
1790 1235 1834 1273 τὰ
1867 1235 1929 1285 μὲν
1962 1236 2127 1288 φύγωμεν
2144 1265 2154 1284 ,
2177 1234 2223 1274 τὰ
2253 1236 2289 1274 δὲ
2311 1238 2371 1282 ζη-

1342 1297 1531 1347 λώσωμεν.

1399 1533 1490 1577 Εἶτα
1510 1538 1630 1586 ἐπειδὴ
1663 1538 1882 1591 κατέδραμεν
1903 1539 2018 1576 αὐτῶν
2037 1539 2100 1583 τῆς
2131 1534 2374 1589 παρανομίας,

1343 1601 1439 1652 λέγει
1467 1600 1526 1639 καὶ
1543 1600 1606 1647 τὴν
1627 1600 1801 1652 τιμωρίαν
1828 1600 1870 1646 ἢν
1891 1599 2037 1649 ἔδοσαν,
2055 1599 2116 1637 καὶ
2150 1598 2221 1637 ἀπὸ
2250 1597 2374 1637 τούτου

1342 1663 1450 1700 πάλιν
1468 1663 1526 1700 τὸν
1544 1662 1635 1700 Θεὸν
1656 1663 1705 1705 εἷς
1722 1661 1817 1699 ἔλεον
1845 1662 2110 1699 ἐπισπάσασθαι
2140 1659 2370 1711 βουλόμενος·

1345 1721 1414 1760 Καὶ
1449 1723 1600 1768 ἐπῆλθε,
1617 1720 1739 1773 φησὶν,
1755 1721 1808 1772 ἐφ’
1832 1723 1926 1770 ἡμᾶς
1945 1723 1967 1764 ἠ
1995 1719 2133 1771 κατάρα
2161 1721 2181 1765 ἡ
2211 1733 2369 1770 γεγραμ-

1344 1783 1431 1834 μένη
1461 1783 1496 1820 ἐν
1527 1785 1576 1833 τῷ
1605 1783 1701 1833 νόμῳ
1731 1781 1888 1823 Μωσέως
1916 1779 2037 1818 δούλου
2071 1783 2132 1817 τοῦ
2167 1782 2261 1818 Θεοῦ
2273 1808 2283 1827 ,
2318 1781 2372 1818 ὅτι

1341 1845 1559 1897 ἡμάρτομεν.
1581 1843 1672 1882 Ποία
1703 1843 1840 1895 κατάρα
1861 1841 1973 1889 uniit-113
1995 1842 2168 1880 Βούλεσθε
2198 1839 2256 1878 ἵνα
2281 1843 2372 1879 ἀνα-

1342 1909 1480 1958 γνῶμεν
1502 1905 1633 1953 αὐτήν,
1653 1905 1741 1943 ‘Eam
1765 1904 1814 1954 μὴ
1839 1903 2056 1956 λατρεύσητε
2082 1902 2201 1955 Κυρίῳ
2219 1904 2270 1955 τῷ
2289 1903 2375 1954 Θεῷ

1343 1971 1442 2019 ὑμῶν
1455 1998 1464 2015 ,
1487 1967 1605 2020 φησὶν,
1626 1966 1744 2011 ἐπάξω
1769 1966 1820 2018 ἐφ’
1840 1967 1931 2015 ὑμᾶς
1952 1964 2045 2007 ἔθνος
2073 1963 2209 2008 ἀναιδὲς
2222 1993 2232 2010 ,
2253 1956 2292 2003 οὗ
2311 1964 2377 2002 οὗκ

1343 2030 1477 2082 ἀκούσῃ
1491 2033 1555 2076 τῆς
1573 2031 1689 2081 φωνῆς
1710 2029 1831 2071 αὐτοῦ,
1852 2026 1912 2065 καὶ
1931 2025 2050 2065 ἔσεσθε
2070 2028 2104 2064 ἐν
2127 2027 2267 2078 ἀριθμῷ
2287 2027 2373 2078 βρα-

1342 2098 1428 2145 χεῖς.
1450 2093 1483 2130 Τ
1486 2095 1566 2130 οῧτο
1579 2094 1660 2141 γοῦν
1682 2089 1766 2128 αὐτὸ
1787 2089 1968 2136 δηλοῦντες
1989 2089 2020 2124 οἱ
2036 2093 2128 2139 τρεῖς
2147 2086 2270 2129 παῖδες
2284 2114 2295 2133 ,
2312 2085 2374 2124 καὶ

1344 2151 1537 2195 δεικνύντες
1557 2152 1609 2189 ὅτι
1631 2150 1689 2188 διὰ
1708 2152 1777 2188 τῶν
1797 2148 1907 2201 ἔργων
1928 2150 2041 2186 αὐτῶν
2064 2146 2166 2194 ἐξέὸη
2180 2146 2221 2185 τὸ
2237 2148 2301 2192 τῆς
2317 2160 2375 2184 κο·

1341 2215 1480 2257 λάσεως
1498 2207 1607 2261 εἶδος,
1632 2211 1693 2250 καὶ
1723 2211 1822 2249 αὐτοὶ
1841 2209 1929 2262 πρὸς
1959 2209 2018 2248 τὸν
2036 2208 2129 2247 Θεὸν
2146 2205 2376 2258 ἐξομολογού-

1345 2292 1466 2328 μενοι,
1478 2274 1560 2328 περὶ
1575 2277 1644 2312 τῶν
1662 2275 1787 2312 κοινῶν
1803 2271 2071 2323 ἁμαρτημάτων
2093 2269 2229 2321 ἔλεγον·
2247 2268 2374 2320 Παρέ-

1345 2339 1459 2382 δωκας
1478 2340 1573 2387 ἡμᾶς
1587 2338 1635 2379 εἷς
1646 2341 1767 2387 χεῖρας
1782 2335 1918 2386 ἐχθρῶν
1931 2331 2085 2382 ἀνόμων,
2097 2330 2268 2384 ἐχθίστων
2288 2331 2376 2368 ἀπο-

1345 2401 1506 2445 στατῶν,
1525 2397 1585 2436 καὶ
1618 2398 1756 2448 βασιλεῖ
1790 2395 1902 2447 ἀδίκῳ
1933 2394 1994 2433 καὶ
2020 2392 2250 2446 πονηροτάτῳ
2277 2390 2375 2444 παρὰ

1345 2467 1465 2499 πᾶσαν
1482 2459 1544 2506 τὴν
1565 2460 1647 2509 γ’ἦν.
1669 2457 1795 2509 ’Ὁρᾷς
1815 2459 1861 2501 ὡς
1879 2460 1901 2503 ἡ
1921 2455 1989 2508 ἀρὰ
2010 2456 2204 2505 ἐπληροῦτο
2219 2453 2334 2500 ἐκείνη
2349 2455 2373 2500 ἡ

1346 2521 1516 2572 λέγουσα·
1536 2520 1687 2559 'Eamus
1702 2520 1737 2557 ἐν
1754 2520 1894 2570 ἀριθμῷ
1909 2520 2070 2570 βραχεῖς·
2092 2515 2152 2554 καὶ
2168 2519 2190 2563 ἡ
2209 2515 2374 2567 λέγουσα,

1346 2583 1401 2621 ὅτι
1422 2581 1568 2626 Ἰἰπάξω
1589 2582 1643 2633 ἐφ’
1663 2583 1753 2630 ὑμᾶς
1769 2579 1863 2622 ἔθνος
1878 2578 2030 2620 ἀναιδές.
2048 2579 2162 2616 Τοῦτο
2178 2576 2263 2614 αὐτὸ
2277 2574 2337 2614 καὶ
2356 2578 2375 2613 ὁ

1347 2644 1483 2691 Δανιὴλ
1498 2646 1645 2682 ἐνταῦθα
1658 2642 1861 2687 αἰνίττεται,
1873 2639 1933 2677 καί
1945 2631 2203 2691 φησιν-’Ἦλθεν
2218 2637 2270 2688 ἐφ’
2280 2639 2376 2687 ἡμᾶς

1349 2705 1463 2753 κακὰ,
1481 2700 1536 2743 οἶα
1569 2706 1607 2742 οὗ
1642 2703 1763 2754 γέγονε
1796 2700 1963 2740 ὑποκάτω
1991 2699 2119 2743 παντὸς
2138 2702 2199 2737 τοῦ
2218 2701 2377 2752 οὐρανοῦ,

1349 2768 1440 2806 κατὰ
1458 2768 1504 2805 τὰ
1522 2765 1693 2815 γενόμενα
1713 2766 1747 2802 ἐν
1764 2763 1923 2813 Ἰσραήλ.
1946 2763 2038 2799 Ποῖα
2054 2760 2095 2807 δὴ
2111 2763 2223 2798 ταῦτα
2235 2776 2246 2807 ;
2260 2759 2378 2806 Μητέ-

1351 2844 1405 2881 ρες
1437 2828 1572 2866 παίδων
1606 2826 1859 2875 ἀπεγεύσαντο.
1885 2823 1953 2861 Καὶ
1984 2826 2085 2860 τοῦτο
2117 2821 2281 2873 προλέγει
2312 2819 2375 2872 μὲν

1348 2893 1367 2929 ὁ
1389 2891 1564 2934 Μωῦσῆς,
1587 2887 1735 2925 δείκνυσι
1757 2885 1792 2924 δὲ
1813 2883 2002 2929 ἐκθείῖηκὸς
2021 2887 2039 2921 ὁ
2065 2882 2259 2934 Ἱερεμίας·
2277 2885 2296 2920 ὁ
2311 2880 2377 2932 μὶν

1349 2952 1419 3004 γάρ
1438 2967 1542 3003 φησιν
1558 2980 1567 2997 ,
1586 2949 1640 2986 ὅτι
1659 2947 1702 2985 ‘ll
1724 2947 1859 2992 ἁπαλὴ,
1879 2949 1900 2991 ἡ
1935 2944 2108 2996 τρυφερὰ,
2127 2939 2169 2991 ἧς
2187 2944 2251 2981 οὐκ
2271 2942 2377 2982 ἶλαὸι

1349 3015 1507 3067 πεῖρανὸ
1529 3015 1614 3054 ποῦς
1641 3012 1748 3055 αὗτῆς
1775 3010 1938 3053 ἐπιίῆναι
1960 3007 2017 3046 ἐπὶ
2037 3011 2099 3045 τοῦ
2126 3007 2285 3057 βήματος
2319 3004 2378 3044 διὰ

1350 3076 1414 3123 τὴν
1435 3076 1643 3119 ἁπαλότητα
1667 3071 1727 3111 καὶ
1752 3070 1816 3116 τὴν
1836 3068 2091 3121 τρυφερότητα,
2111 3069 2238 3120 ἅψεται
2258 3081 2377 3119 παρα-

1350 3138 1458 3188 νόμου
1478 3134 1670 3188 τραπέζης,
1702 3132 1762 3170 καὶ
1784 3135 1852 3169 τῶν
1878 3130 2027 3181 ἐκγόνων
2055 3129 2289 3180 ἀπογεύσεται
2307 3129 2377 3165 τῶν

1352 3202 1490 3245 ἑαυτῆς.
1509 3197 1555 3236 ‘0
1575 3196 1611 3234 δὲ
1630 3194 1804 3247 Ἱερεμίας
1823 3196 1924 3230 τοῦτο
1938 3192 2023 3230 αὐτὸ
2049 3192 2163 3237 δηλῶν
2182 3190 2235 3230 ὅτι
2254 3188 2377 3237 ἔξέὸη,

1350 3260 1447 3310 ἔλεγε
1460 3276 1468 3283 ·
1483 3261 1604 3310 Χεῑρες
1623 3258 1796 3309 γυναικῶν
1812 3253 2042 3304 οἰκτιρμόνων
2054 3253 2194 3303 ἥψησαν
2214 3250 2258 3290 τὰ
2272 3249 2379 3289 τέκνα

1355 3325 1478 3360 αὐτῶν.
1517 3321 1607 3358 Ἀλλ’
1630 3320 1723 3368 ὅμως
1762 3316 1821 3356 τὰς
1861 3316 2034 3364 ἁμαρτίας
2062 3316 2173 3352 αὐτῶν
2203 3311 2308 3352 εἰπὼν
2339 3311 2378 3354 ἃς

1849 3468 1855 3476 1
1879 3463 1962 3487 ‘'m'‘
1986 3462 2068 3487 «μισ
2090 3451 2116 3478 ἐν
2130 3453 2169 3477 le-
