2513 3871
79 1048 142 1077 cur
169 1060 236 1086 pee-

82 1093 232 1119 tatoribus

81 1142 222 1170 prosper·

83 1175 250 1203 nuere-tani.

114 3005 182 3031 Aah,
199 3002 246 3043 ἧς).
264 3004 290 3033 3.

283 276 377 341 ‹f’s’

286 374 367 413 mali
387 371 574 423 quidpiam
595 367 809 420 perpetrarit
824 373 857 403 et
874 363 934 401 bic
952 360 1079 400 morbo
1098 358 1239 397 labora-

285 435 330 472 rit
362 446 403 471 ac
438 428 617 482 supplicio
643 429 692 466 sit
731 426 903 468 affectus,
922 436 965 461 ne
985 419 1161 468 turberis,
1181 416 1242 457 sed

285 493 379 546 apud
400 501 434 531 te
451 491 566 541 cogita
589 498 623 527 et
650 487 762 526 dicito
779 502 788 524 ε
805 488 932 526 Justus
959 483 1026 522 iste
1051 480 1242 533 quidpiam

287 554 368 593 mali
389 552 471 591 fecit
485 548 692 601 aliquando,
710 557 744 586 et
761 546 852 586 illud
869 546 926 584 bic
938 543 1090 597 recipit,
1105 556 1149 581 ne
1165 541 1242 580 illic

286 616 474 667 plectatur.
497 613 633 650 Rursus
654 618 873 662 peccatorem
893 606 923 645 si
940 604 1075 645 videris
1094 602 1241 656 rapien-

286 686 354 714 tem
368 705 377 720 ,
396 673 619 712 fraudantem
632 701 642 719 ‚
655 679 821 710 sexcenta
837 668 932 708 mala
949 673 1210 720 perpetrantem
1227 693 1239 714 ‚
1263 671 1288 702 Ε

284 737 345 788 qui
367 734 545 789 pmsperis
562 743 677 772 tamen
696 730 918 771 successibus
938 737 1061 767 utatur
1077 756 1087 777 ,
1102 735 1183 765 tum
1203 734 1242 763 tu

285 798 401 849 cogita
422 797 557 835 bonum
575 794 721 846 aliquod
734 807 816 832 eum
830 792 919 832 olim
938 790 1078 838 secisse,
1090 802 1132 826 ac
1149 787 1243 826 bona

287 861 390 899 illum
412 858 471 898 bic
493 857 668 910 recipere,
691 870 735 895 ne
760 855 835 894 illic
850 851 1048 893 mercedem
1071 857 1243 903 reposcat.

289 923 341 960 lta
363 921 444 959 lioet
459 921 580 972 justus
599 918 646 957 sit
668 917 850 970 quispiam
864 945 875 961 ,
898 923 933 953 et
947 911 1086 964 aliquid
1102 910 1243 950 adversi

288 981 531 1036 patiatur,bic
565 979 699 1018 idcirco
727 977 876 1030 recipit,
899 984 938 1014 ut
969 974 1028 1013 bic
1060 982 1245 1026 peccatum

287 1043 452 1096 deponat,
470 1051 504 1080 et
524 1055 636 1094 purus
657 1041 743 1078 illuc
761 1037 935 1078 discedat.
959 1035 1067 1083 Quod
1092 1035 1121 1073 si
1139 1034 1246 1072 suerit

289 1114 450 1159 poeeator
465 1103 596 1155 aliquis
611 1101 786 1140 sexcentis
802 1099 907 1138 malis
924 1106 1126 1149 coopertus,
1136 1105 1170 1134 et
1182 1097 1244 1147 qui

287 1165 460 1204 sexcentis
478 1162 743 1202 insanabilibus
770 1159 905 1198 morbis
925 1158 1079 1204 laboret,
1099 1157 1160 1205 qui
1182 1169 1245 1193 ra-

710 287 748 316 S.
787 281 971 315 loannis
1005 277 1247 310 cntii'sos'T.
1289 276 1496 307 AttcmEP.
1535 276 1893 307 CONSTANTINOP-

1313 359 1386 409 ρός·
1409 358 1474 396 κᾶν
1492 358 1700 410 ἁμαρτωλός
1715 374 1768 404 τις
1785 352 1832 411 ᾖ,
1846 359 1964 410 γέμων
1985 359 2124 406 κακῶν,
2144 358 2204 396 καὶ
2223 359 2332 412 μυρία

1312 419 1437 458 ἀνίατα
1454 422 1564 459 νοσῶν
1575 448 1586 465 ,
1600 421 1783 474 ἁρπάζων,
1796 421 2034 467 πλεονεκτῶν,
2052 418 2110 458 διὰ
2127 421 2229 459 τοῦτο
2246 421 2333 459 ἀπο·

1311 479 1409 520 λαύει
1426 482 1575 521 ἐνταῦθα
1599 481 1805 534 εὐημερίας,
1823 480 1881 520 ἵνα
1901 481 1951 532 μὴ
1979 483 2050 520 ἐκεῖ
2067 479 2250 532 ἀπαιτήσῃ
2270 496 2335 532 μι-

1312 540 1404 581 σθόν.
1423 542 1571 591 Ἐπειδὴ
1600 537 1658 582 οὗν
1689 542 1870 582 συνέὸαινε
1893 541 1954 581 καὶ
1983 542 2041 581 τὸν
2061 542 2222 593 Λάζαρον
2242 540 2335 593 ἔχειν

1311 604 1389 642 τινὰ
1409 604 1652 656 ἁμαρτήματα
1666 631 1679 652 ,
1693 604 1825 645 καὶτὸν
1844 603 2007 643 πλούσιον
2028 602 2122 656 ἔχειν
2140 618 2175 641 τι
2192 601 2337 654 ἀγαθὸν,

1313 665 1369 704 διὰ
1387 669 1489 704 τοῦτο
1507 666 1526 702 ὁ
1547 666 1709 718 Ἀδραὰμ
1726 665 1843 717 λέγει·
1863 659 1931 704 ὧδε
1968 665 2077 716 μηδὲν
2105 663 2219 711 ζήτει·
2241 663 2335 703 ἀπέ-

1312 726 1416 770 λαὸες
1431 727 1474 766 τὰ
1492 728 1607 778 ἀγαθά
1627 743 1689 766 σου
1708 729 1779 766 ἐκεῖ
1791 757 1802 774 ,
1819 726 1879 765 καὶ
1895 729 1914 765 ὁ
1933 726 2094 778 Λάζαρος
2106 725 2150 764 τὰ
2163 722 2259 763 κακὰ
2271 724 2336 762 αὖ·

1312 791 1385 826 τοῦ.
1412 788 1479 827 Καὶ
1491 788 1547 826 ἵνα
1562 790 1676 841 μάθῃς
1687 787 1744 828 ὅτι
1759 787 1849 840 ὀὐχ
1860 787 1982 831 ἁπλῶς
2001 787 2094 839 λέγω
2105 789 2218 826 ταῦτα
2227 814 2239 834 ,
2256 783 2336 824 ἀλλ’

1313 848 1420 893 οὕτως
1436 850 1531 898 ἔστι,
1559 850 1674 903 λέγει·
1697 849 1888 893 ’Anthea
1913 849 1959 888 τὰ
1986 849 2103 900 ἀγαθά
2122 863 2194 887 σου.
2222 848 2335 894 Ποῖα,

1315 910 1483 958 ἐποίησάς
1505 928 1537 951 τι
1553 912 1700 964 ἀγαῡόν;
1720 911 1895 955 ἀπέλαὸές
1915 925 1977 950 σου
2005 910 2065 949 τὸν
2087 910 2258 955 πλοῦτον,
2272 906 2337 955 τὴν

1314 972 1451 1022 ὑγείαν,
1470 972 1534 1018 τὴν
1554 973 1706 1026 τρυφὴν,
1727 972 1791 1020 τὴν
1808 972 2034 1019 δυναστείαν,
2049 970 2114 1018 τὴν
2134 968 2263 1020 τιμήν·
2279 969 2338 1007 οὗ·

1315 1033 1372 1070 δέν
1387 1049 1441 1072 σοι
1460 1033 1740 1085 κεχρεώστηται·
1768 1033 1943 1078 aniana<
1972 1032 2016 1070 τὰ
2046 1031 2162 1083 ἀγαθά
2189 1045 2264 1069 σου.
2290 1028 2341 1069 Τι’

1315 1088 1392 1140 οἶνς
1411 1096 1430 1132 ὁ
1455 1095 1615 1146 Λάζαρος
1641 1095 1739 1135 οὐδὲν
1753 1095 1913 1148 ἥμαρτες
1928 1094 2015 1139 Ναὶ,
2033 1093 2093 1132 καὶ
2110 1091 2269 1144 Λάζαρος
2295 1090 2340 1130 τὰ

1315 1155 1409 1192 κακὰ
1428 1158 1544 1196 αὐτοῦ.
1559 1156 1650 1196 “Ore
1669 1155 1710 1195 σὺ
1730 1157 1978 1208 ἀπελάμὸανες
1991 1155 2036 1194 τὰ
2049 1154 2178 1207 ἀγαθὰ,
2189 1154 2267 1193 τότε
2281 1152 2341 1191 καὶ

288 1226 382 1279 piat,
397 1224 460 1276 qui
483 1223 624 1262 fraudet
640 1238 648 1259 :
670 1220 804 1259 idcirco
826 1233 997 1272 prospero
1019 1231 1138 1255 rerum
1159 1230 1246 1255 suc·
1257 1245 1305 1270 789
1320 1215 1476 1267 Λάζαρος
1491 1216 1536 1254 τὰ
1554 1218 1648 1256 κακά
1660 1233 1667 1241 ·
1686 1217 1743 1256 διὰ
1762 1221 1865 1256 τοῦτο
1877 1222 1935 1256 νῦν
1955 1212 2053 1259 οὗτος
2066 1216 2340 1268 παρακαλεῖται,

287 1301 384 1325 coesu
395 1285 542 1332 fruitur,
556 1298 599 1322 ne
610 1281 809 1321 mercedem
825 1277 1244 1332 illicrepetat.Quoniam
1269 1282 1293 1310 Λ
1317 1276 1359 1314 σὺ
1379 1275 1415 1315 δὲ
1444 1278 1623 1316 ὀδυνᾶσαι.
1640 1278 1754 1317 Ὥστε
1782 1279 1866 1317 ὅταν
1891 1278 1966 1329 ἴδῃς
1985 1278 2118 1315 δίκαιον
2148 1276 2342 1327 κολαζόμε-

286 1362 370 1400 ergo
389 1357 423 1386 et
440 1347 612 1385 Lazarum
637 1352 778 1398 peccata
799 1340 963 1394 qua-dam
980 1339 1112 1378 babere
1130 1338 1245 1377 conti·

287 1418 408 1459 gerat,
432 1417 465 1446 et
487 1407 636 1446 divitem
655 1403 801 1456 aliquod
835 1403 970 1441 bonum
989 1400 1141 1448 habere,
1161 1413 1246 1452 pro·

289 1480 407 1523 pterea
425 1469 514 1507 dicit
535 1467 730 1506 Abrabam.
754 1465 855 1504 Nihil
876 1464 936 1502 bic
962 1462 1103 1514 require
1120 1491 1131 1510 ‚
1151 1461 1245 1500 bona

288 1531 364 1569 illic
378 1540 438 1569 tua
458 1528 638 1582 recepisti,
659 1537 692 1566 ct
709 1527 863 1565 Lazarus
879 1524 972 1563 inala
986 1537 1062 1562 sua.
1079 1526 1196 1574 Atque
1210 1531 1248 1560 ut

288 1592 467 1643 intelligas
488 1591 562 1638 liaec
578 1604 598 1628 a
619 1603 675 1628 me
694 1598 824 1626 temere
852 1599 920 1625 non
941 1585 1029 1633 dici,
1051 1597 1180 1622 verum
1200 1583 1249 1622 ita

289 1670 325 1693 se
347 1668 420 1692 rem
441 1650 705 1698 babere‚dicit:
725 1651 913 1701 Recepisti
934 1649 1037 1685 bona
1058 1654 1141 1685 tua.
1158 1645 1250 1693 Quae

291 1713 432 1753 tandem
448 1714 466 1751 .⁹
493 1712 622 1752 Fecisti
657 1709 797 1763 aliquid
836 1708 954 1748 boni?
973 1705 1139 1759 recepisti
1166 1719 1251 1758 opes

294 1787 386 1824 tuas,
401 1775 604 1822 sanitatem,
624 1772 788 1820 delicias,
811 1769 1022 1824 potentiam,
1041 1767 1213 1806 honorem
1237 1780 1246 1804 :

291 1838 382 1877 nibil
398 1837 464 1876 tibi
490 1836 661 1883 debetur,
683 1832 846 1886 recepisti
867 1832 959 1870 bona
978 1840 1051 1868 tua.
1067 1827 1167 1876 Quid
1183 1828 1250 1879 igi-

290 1899 376 1938 tur?
407 1898 545 1937 nihilne
574 1898 731 1935 Lazarus
759 1893 949 1948 peccavit?
969 1895 1048 1931 Imo
1082 1904 1188 1936 vero,
1217 1899 1252 1928 et

294 1962 448 1999 Lazarus
477 1959 570 1997 mala
600 1972 687 1996 sua:
710 1970 791 1995 cum
812 1964 850 1993 tu
870 1955 963 1993 bona
986 1963 1045 1991 tua
1071 1951 1249 2004 recepisti,

293 2031 370 2060 tum
384 2022 537 2060 Lazarus
556 2019 648 2057 mala
666 2036 673 2056 ε
692 2026 877 2071 propterea
890 2028 984 2054 nunc
1000 2015 1064 2052 iste
1084 2012 1251 2051 consola-

295 2092 368 2129 tur,
387 2091 424 2119 tu
445 2095 531 2119 vero
555 2079 740 2117 cruciaris.
762 2079 887 2128 ltaque
906 2076 934 2114 si
954 2073 1097 2126 quando
1112 2074 1252 2126 justum

294 2143 429 2182 videris
449 2142 508 2180 hic
529 2141 720 2194 punitum,
738 2139 884 2178 beatum
902 2136 1004 2175 illum
1024 2134 1182 2188 praedica
1196 2165 1204 2182 ,
1217 2142 1254 2172 et

295 2205 430 2243 dicito:
446 2205 570 2243 Justus
589 2201 649 2239 bic
668 2200 725 2239 vel
750 2207 935 2252 peccatum
954 2196 1082 2245 babet,
1100 2205 1134 2235 et
1160 2195 1252 2235 illud

297 2266 441 2317 recipit,
462 2278 503 2302 ac
521 2276 632 2316 purus
656 2262 741 2300 illuc
762 2260 837 2299 abit
862 2276 870 2297 :
892 2268 957 2297 aut
977 2258 1059 2311 plus
1087 2257 1256 2310 plectitur

297 2340 404 2379 quam
422 2324 587 2379 peccarit,
606 2333 641 2361 et
661 2322 714 2361 illi
730 2321 884 2360 accessio
897 2319 1043 2373 justitiae
1057 2327 1255 2371 reputatur.

298 2387 377 2427 lllic
396 2386 490 2424 enim
514 2384 603 2423 ratio
619 2392 852 2436 supputatur,
869 2381 990 2432 aitque
1003 2380 1102 2432 justo
1122 2380 1220 2418 Dens
1247 2394 1254 2416 ε

300 2450 456 2489 Tantum
475 2447 582 2485 babes
602 2461 619 2483 a
635 2460 691 2484 me
705 2462 713 2486 2
729 2445 879 2482 sortasse
899 2456 984 2480 vero
994 2440 1116 2480 decem
1135 2440 1259 2479 obolos

302 2510 355 2548 illi
388 2509 499 2549 eredit
518 2539 527 2553 ,
557 2518 589 2546 ct
621 2507 793 2545 rationem
824 2505 880 2543 illi
913 2503 1037 2542 decem
1070 2502 1258 2541 obolorum

302 2570 481 2609 subducit.
496 2568 605 2617 Quod
624 2568 653 2606 si
674 2567 799 2606 obolos
820 2565 1006 2617 sexaginta
1025 2562 1258 2616 expenderit,

303 2633 352 2670 ait
371 2632 423 2670 illi
440 2633 550 2670 Deus:
566 2631 695 2668 Decem
708 2627 773 2666 tibi
788 2627 913 2666 obolos
925 2627 1065 2679 imputo
1079 2624 1126 2664 ad
1137 2639 1258 2677 pecca-

304 2705 395 2740 tum,
409 2702 444 2731 et
458 2691 689 2743 adjustitiam
702 2687 973 2741 quinquaginta.
990 2689 1127 2725 Verum
1145 2695 1182 2725 ut
1201 2685 1260 2725 (li-

307 2769 380 2792 scas
399 2753 539 2805 idquod
566 2762 672 2791 restat
693 2750 737 2789 ad
753 2750 930 2803 justitiam
948 2749 1001 2787 illi
1019 2749 1260 2801 repumri‚ju-

309 2825 381 2852 stus
392 2825 466 2853 erat
479 2814 562 2858 Job,
575 2813 649 2851 sine
673 2812 835 2860 crimine,
848 2824 973 2855 verax,
998 2809 1116 2847 colens
1132 2811 1261 2853 Deum,

309 2877 486 2915 abstinens
501 2875 649 2913 abomni
667 2873 759 2912 male
772 2887 831 2910 re:
846 2871 1013 2924 punitum
1030 2871 1090 2908 hic
1107 2871 1173 2909 suit
1186 2871 1263 2922 ejus

313 2952 454 2988 corpus,
471 2947 509 2975 ut
523 2937 596 2975 illic
617 2933 813 2973 mercedem
826 2942 1032 2985 reposceret.
1054 2932 1152 2979 Quid
1168 2932 1262 2970 enim

315 2999 362 3035 ..u
376 2998 426 3035 illi
441 2999 534 3035 Deus
546 2998 563 3035 Ξ)
577 2997 709 3035 Aliter
719 3004 835 3046 putas
845 3008 903 3031 mc
918 2995 987 3031 tibi
1003 2994 1261 3044 respondisse,

315 3073 429 3109 quam
446 3068 484 3095 ut
502 3071 687 3109 appareas
700 3057 825 3107 justus
838 3059 854 3092 Ρ
868 3054 1040 3094 Eamdem
1056 3053 1166 3105 igitur
1181 3069 1263 3092 cum

313 3119 416 3167 justis
432 3119 635 3171 patientiam
654 3117 880 3161 exhibentes,
899 3124 933 3153 ct
952 3115 1125 3166 :equalem
1159 3124 1263 3154 recta:

317 3179 457 3216 illorum
477 3177 734 3216 conversationi
768 3175 990 3215 tolerantiam
1019 3175 1231 3215 exhibentes
1250 3206 1262 3222 ,

319 3248 435 3290 parata
458 3240 585 3276 sanctis
615 3239 727 3276 Deum
747 3236 981 3287 diligentibus
1001 3236 1090 3275 bona
1113 3236 1265 3289 recipia-

318 3313 396 3335 mus
408 3314 414 3334 :
427 3312 503 3348 qua·
516 3298 615 3336 nobis
625 3297 789 3335 omnibus
799 3298 936 3347 assequi
948 3298 1141 3348 contingat,
1151 3299 1264 3349 gratia

316 3368 347 3395 rt
386 3359 598 3405 benignusn-
623 3358 763 3395 nomini
789 3358 896 3394 nostri
927 3359 1010 3395 ,lesu
1032 3358 1187 3403 Christi,
1208 3359 1262 3395 cui

316 3421 425 3468 gloria
447 3427 478 3455 ct
498 3418 684 3469 iinpciium
706 3418 739 3454 in
764 3419 889 3456 ucula
915 3418 1260 3457 sectator-unu.2t1ncn.

361 3530 376 3550 b
404 3526 507 3555 brui«.
527 3538 539 3555 ο
559 3543 575 3564 l
614 3536 673 3552 ι’ϊ
695 3546 702 3558 ,
729 3537 900 3562 ‘'³1¹¹sfl1
922 3530 927 3536 ”
951 3528 1080 3557 121'021'
1101 3546 1118 3558 ι.

1316 1352 1372 1374 νον
1389 1331 1456 1376 ὧδε
1470 1367 1480 1386 ,
1511 1338 1682 1391 μακάριζε
1712 1339 1816 1378 αὐτὸν
1828 1369 1838 1388 ,
1858 1338 1919 1378 καὶ
1936 1338 2018 1390 λέγε
2031 1351 2039 1359 ·
2058 1330 2156 1381 οὗτος
2172 1340 2191 1376 ὁ
2209 1335 2344 1380 δίκαιος

1318 1398 1340 1445 ἢ
1361 1399 1540 1451 ἁμαρτίαν
1558 1400 1633 1453 ἔχει
1652 1402 1713 1439 καὶ
1740 1399 1989 1452 ἀπολαμὸάνει
2007 1399 2134 1447 αὐτὴν,
2150 1398 2210 1437 καὶ
2228 1397 2343 1450 ἀπέρ·

1318 1476 1420 1512 χει-αι
1434 1463 1508 1500 ἐκεῖ
1527 1462 1732 1515 καθαρὸς,ἢ
1748 1463 1854 1502 πλέον
1873 1465 1942 1501 τῶν
1958 1459 2226 1513 ἁμαρτημάτων
2240 1459 2343 1499 κολά-

1319 1524 1416 1567 ζεται
1428 1552 1439 1570 ,
1468 1523 1527 1561 καὶ
1560 1524 1745 1576 προσθήκη
1779 1523 2002 1570 δικαιοσύνης
2028 1525 2124 1576 αὐτῷ
2156 1521 2345 1573 λογίζεται.

1320 1584 1433 1635 Λόγος
1450 1584 1519 1637 γὰρ
1533 1585 1670 1637 γίνεται
1686 1588 1778 1625 ἐκεῖ·
1798 1587 1859 1625 καὶ
1879 1586 1977 1638 λέγει
1995 1588 2014 1624 ὁ
2034 1584 2125 1629 Θεὸς
2139 1585 2190 1636 τῷ
2205 1582 2344 1635 δικαίῳ·

1319 1647 1413 1699 ἔχεις
1433 1662 1498 1697 μου
1523 1647 1624 1685 τόσον
1638 1663 1646 1671 ·
1666 1647 1773 1700 τυχὸν
1804 1647 1840 1686 δὲ
1867 1646 2024 1686 πιστεύει
2043 1647 2138 1697 αὐτῷ
2158 1644 2243 1684 δέκα
2260 1643 2348 1684 660-

1319 1706 1398 1750 λοὺς
1435 1707 1495 1746 καὶ
1536 1713 1629 1746 ποιεῖ
1669 1709 1765 1761 αὐτῷ
1810 1708 1911 1760 λόγον
1958 1709 2028 1745 τῶν
2079 1706 2164 1745 δέκα
2200 1704 2346 1745 &comv-

1321 1767 1406 1807 Ἐὰν
1435 1769 1472 1807 δὲ
1499 1768 1685 1821 δαπανήσῃ
1706 1769 1873 1817 ἑξήκοντα
1902 1767 2066 1816 ὀὸολοὺς,
2091 1767 2186 1818 λέγει
2214 1767 2310 1818 αὐτῷ
2328 1767 2347 1802 ὃ

1320 1830 1429 1876 Θεὸς,
1442 1829 1520 1875 τοὺς
1539 1830 1624 1870 δέκα
1644 1830 1787 1875 ὀὸολοὺς
1804 1830 1989 1883 λογίζομαί
2007 1844 2063 1869 σοι
2081 1831 2129 1873 εἰς
2145 1826 2345 1879 ἁμαρτίαν,

1321 1890 1381 1929 καὶ
1406 1891 1486 1936 τοὺς
1503 1893 1723 1940 πεντήκοντα
1750 1893 1798 1936 εἷς
1817 1891 2052 1939 δικαιοσύνην.
2069 1890 2148 1929 Ἵνα
2168 1889 2205 1928 δὲ
2234 1887 2349 1939 μάθῃς

1319 1951 1373 1990 ὅτι
1400 1952 1439 1991 τὸ
1468 1953 1674 2003 λειπόμενον
1707 1956 1754 1998 εἰς
1781 1953 2002 1999 δικαιοσύνην
2033 1952 2128 2004 αὐτῷ
2157 1950 2350 2003 λογίζεται,

1277 2026 1299 2055 Β
1323 2013 1406 2052 'lc-‚6
1418 2013 1549 2059 δίκαιος
1561 2010 1604 2063 ἦν
1618 2046 1629 2066 ,
1646 2016 1831 2067 ἄμεμπτος
1841 2045 1851 2063 ,
1867 2014 2029 2062 ἀληθινὸς
2039 2045 2049 2062 ,
2062 2011 2245 2060 θεοσεὸὴς,
2261 2013 2350 2051 ἀπι-

1322 2075 1471 2127 χόμενος
1502 2076 1573 2114 ἀπὸ
1599 2077 1729 2121 παντὸς
1753 2080 1906 2129 πονηροῦ
1925 2075 2151 2129 πράγματος·
2173 2072 2348 2121 ἐκολάσθη

1325 2139 1429 2176 αὐτοῦ
1447 2138 1488 2176 τὸ
1509 2138 1614 2188 σῶμα
1633 2132 1722 2185 ὧδε,
1751 2137 1809 2176 ἵνα
1837 2140 1909 2176 ἐκεῖ
1928 2135 2070 2187 μισθοὺς
2085 2135 2280 2186 ἀπαιτήσῃ.
2300 2133 2350 2174 Τί

1324 2198 1391 2250 γάρ
1410 2213 1517 2250 φησιν
1533 2201 1552 2237 ὁ
1570 2199 1662 2242 Θεὸς
1677 2199 1764 2252 πρὸς
1780 2199 1902 2246 αὐτόν,
1918 2197 2053 2241 Ἄλλως
2069 2196 2133 2236 οἴει
2154 2211 2199 2247 με
2218 2211 2345 2249 κεχρη-

1327 2259 1515 2310 ματικέναι
1533 2275 1612 2309 σοι,
1631 2260 1653 2307 ἢ
1673 2260 1730 2299 ἵνα
1754 2262 1932 2313 ἀναφανῇς
1952 2258 2106 2307 δίκαιος;
2135 2257 2214 2305 Τὴν
2241 2257 2348 2306 αὗτὴν

1326 2322 1440 2361 τοίνυν
1468 2327 1541 2366 τοῖς
1560 2323 1707 2367 δικαίοις
1725 2322 1905 2374 ὑπομονὴν
1932 2320 2208 2372 ἐπιδειξάμενοι,
2224 2318 2285 2359 καὶ
2304 2321 2351 2371 τῇ

1328 2385 1441 2434 ἀγαθῇ
1463 2385 1575 2422 αὐτῶν
1590 2383 1752 2438 πολιτείᾳ
1775 2383 1839 2431 τὴν
1857 2382 2044 2435 καρτερίαν
2065 2381 2248 2434 ίσόρῥοπον
2268 2381 2352 2421 ἔπι-

1328 2445 1523 2496 δειξάμενοι
1536 2475 1547 2494 ,
1569 2446 1804 2496 ἀπολάὸωμεν
1824 2445 1870 2485 τὰ
1897 2443 2014 2496 ἀγαθὰ
2034 2444 2080 2483 τὰ
2098 2441 2354 2494 εὖτρεπισμένα

1328 2512 1399 2550 τοῖς
1413 2506 1523 2558 ἁγίοις
1533 2514 1605 2551 τοῖς
1619 2510 1783 2559 ἀγαπῶσι
1799 2507 1857 2545 τὸν
1872 2507 1975 2546 Θεόν·
1996 2499 2044 2544 ὧν
2069 2505 2205 2557 γένοιτο
2222 2503 2355 2548 πάντας

1328 2572 1422 2618 ἡμᾶς
1452 2570 1654 2621 ἐπιτυχεῖν,
1681 2569 1804 2621 χάριτι
1829 2568 1890 2607 καὶ
1915 2566 2161 2620 φιλανθρωπίᾳ
2188 2568 2250 2604 τοῦ
2277 2566 2356 2605 Ku-

1331 2631 1402 2681 ρίου
1422 2632 1525 2680 ἡμῶν
1551 2630 1667 2676 Ἰησοῦ
1700 2631 1852 2683 Χριστοῦ
1866 2660 1877 2677 ,
1896 2623 1926 2681 ᾧ
1945 2632 1967 2675 ἠ
1988 2627 2072 2673 δόξα
2097 2626 2158 2668 καὶ
2172 2626 2214 2667 τὸ
2227 2624 2356 2678 κράτος

1330 2693 1375 2735 εἰς
1392 2691 1470 2735 τοὺς
1484 2694 1611 2734 αἰῶνας
1627 2693 1695 2730 τῶν
1713 2691 1862 2730 αἰώνων.
1885 2690 2007 2741 Ἀμήν.

1167 3524 1283 3556 ΛΙὼιιιι
1321 3527 1411 3564 Ιυιιμτ
1435 3536 1499 3554 mii
1514 3532 1539 3555 ιι
1559 3525 1647 3554 Nutu
1679 3530 1706 3552 rt
1729 3535 1769 3553 ιιι·
1784 3521 1856 3553 wti-
1875 3529 1990 3554 unte-t,
