2513 3871
79 276 110 306 3.
129 274 270 313 Regnat.

80 318 132 346 23.

81 457 240 486 2.Pnral.

81 499 133 529 35.
157 499 204 528 13.

79 1446 167 1476 Psnt.
179 1447 266 1486 949.

120 1694 187 1723 Non
213 1706 249 1724 ex

80 1742 225 1774 tempore,

79 1778 129 1805 ned
145 1788 179 1805 ex
198 1778 267 1806 alse-

77 1825 126 1847 ctu
144 1823 237 1857 [πει-ἰ-

79 1862 168 1888 teutia
190 1863 267 1889 testi-

79 1908 187 1932 matur.

293 186 345 215 10
722 184 761 213 S.

287 275 388 306 taret.
407 267 500 306 Nam
515 267 612 305 Deus
628 265 739 304 Heliae
754 265 866 303 dixit:
887 267 1027 304 Vidisti
1045 268 1240 319 quomodo

287 337 535 379 compunctus
552 335 607 364 est
625 327 768 364 Achab
783 340 810 364 a
821 327 927 375 facie
941 341 1026 365 mea
1038 332 1056 365 P
1071 328 1162 366 Non
1176 330 1240 366 in-

286 390 428 427 ducam
449 389 596 426 malum
614 390 657 424 in
675 388 807 425 diebus
827 387 928 440 ejus,
943 402 986 426 eo
1009 389 1115 439 quod
1113 388 1240 442 fleve-

285 453 374 488 rita
393 452 498 499 facie
517 464 615 487 mea.
629 451 709 488 Post
730 449 825 487 hunc
843 450 950 488 etiam
970 451 1240 503 Manasses,qui
1263 470 1288 500 ς

285 525 406 549 omnes
426 511 560 549 insania
581 511 763 564 superavit
790 521 896 562 atque
915 512 1115 564 tyrannide,
1134 522 1169 551 et
1187 513 1239 552 le-

285 572 400 623 galem
423 572 549 610 evertit
562 572 712 619 cultum,
728 573 900 625 templum
923 573 1063 622 clausit,
1078 583 1111 612 et
1131 574 1243 613 idolo-

285 647 365 671 rum
386 647 540 672 errorem
563 634 687 672 llorere
710 634 811 682 fecit,
831 635 1063 686 omniumque
1080 636 1141 687 qui
1161 646 1244 674 ante

282 695 423 733 fuerant
439 695 675 748 impiissimus
690 696 756 733 suit
768 726 777 743 ,
793 710 874 734 cum
888 706 1005 749 postea
1020 697 1241 750 resipuisset,

285 756 418 795 relatus
433 765 487 794 est
503 757 537 795 in
553 771 740 795 numerum
760 757 957 796 amicorum
974 759 1053 797 Dei.
1069 759 1108 798 Si
1123 770 1243 798 autem

285 827 470 870 conspecta
487 818 718 869 iniquitatum
736 832 881 856 suarum
903 819 1153 871 magnitudine
1167 850 1176 865 ,
1199 820 1244 859 de

282 879 400 919 reditu
433 894 474 918 ac
502 879 548 918 de
573 880 769 918 mutatione
794 879 1038 934 desperasset,
1072 883 1244 921 omnibus

283 949 378 979 certe
406 955 486 992 quae
515 950 635 994 postea
670 951 910 992 consequutus
937 952 989 980 est
1021 943 1210 982 excidisset
1233 961 1240 982 :

284 1015 380 1040 nunc
397 1011 534 1051 autem,
546 1016 614 1040 non
636 1003 681 1041 ad
699 1003 828 1041 molem
843 1013 1068 1055 peccatorum
1083 1019 1244 1052 suorum,

283 1063 347 1102 sed
366 1063 413 1102 ad
435 1064 645 1102 immensam
674 1065 740 1102 Dei
761 1065 1106 1105 commiserationem
1130 1068 1246 1119 respi-

283 1124 402 1174 ciens,
421 1125 579 1178 diruptis
598 1125 734 1164 diaboli
754 1126 910 1165 vinculis
926 1157 935 1174 ‚
958 1128 1115 1166 surrexit
1132 1138 1167 1166 et
1182 1128 1246 1166 de-

283 1186 433 1224 certavit
446 1217 455 1232 ‚
472 1186 677 1237 bonumque
695 1201 840 1225 cursum
861 1188 1136 1227 consummavit.
1164 1190 1243 1227 Non

283 1246 398 1284 solum
415 1255 533 1284 autem
547 1261 593 1285 ex
610 1247 744 1292 verbis,
764 1262 844 1298 quae
861 1248 909 1286 ad
924 1262 983 1286 eos
997 1249 1168 1299 loquutus
1179 1258 1243 1295 est,

283 1307 346 1346 sed
372 1308 478 1345 etiam
506 1322 552 1346 ex
582 1308 662 1345 aliis
691 1321 754 1359 per
772 1303 982 1360 proplietam
1004 1311 1245 1361 pronuntiatis
1270 1331 1292 1359 D

283 1369 380 1407 Deus
396 1382 518 1406 omnes
536 1367 794 1420 desperationis
813 1370 1046 1420 cogitationes
1067 1370 1241 1422 praescin-

283 1429 359 1468 dit:
378 1430 518 1477 Hodie,
538 1429 654 1479 inquit
667 1459 677 1476 ‚
695 1431 728 1467 si
756 1443 892 1468 vocem
924 1433 1006 1484 ejus
1025 1432 1243 1480 audieritis,

286 1491 407 1529 nolite
422 1491 617 1528 obdurare
629 1491 750 1528 corda
762 1500 897 1529 vestra
910 1495 1008 1530 sicut
1024 1495 1066 1530 in
1087 1507 1244 1531 exacer-

293 1554 462 1590 batione.
477 1551 573 1590 lllud
588 1561 705 1589 autem
719 1553 835 1590 hodie
846 1567 908 1605 per
924 1563 1032 1591 totam
1049 1554 1160 1591 vitam
1172 1554 1246 1594 dici

285 1623 423 1667 potest,
442 1613 514 1652 imo
529 1644 538 1661 ,
562 1614 590 1651 si
612 1613 713 1662 libet,
733 1614 777 1651 ad
791 1624 1004 1653 senectutem
1027 1629 1158 1666 usque:
1176 1630 1245 1655 non

285 1676 379 1714 enim
399 1690 445 1714 ex
461 1675 632 1727 temporis
651 1675 898 1727 longitudine,
918 1676 977 1715 sed
992 1691 1037 1715 ex
1057 1677 1166 1715 animi
1188 1679 1247 1715 as-

285 1737 377 1775 fectu
403 1736 607 1789 poenitentia
628 1736 839 1774 aestimatur.
872 1737 1043 1775 Ninivitae
1064 1737 1244 1788 siquidem

285 1811 353 1836 non
380 1798 504 1836 multis
522 1797 650 1835 diebus
677 1812 769 1850 opus
797 1798 1022 1846 habuerunt,
1046 1809 1084 1837 ut
1105 1809 1246 1852 peecata

283 1858 441 1897 delerent
459 1874 545 1906 sua,
567 1858 628 1897 sed
656 1859 828 1910 exiguum
854 1860 926 1898 diei
955 1869 1098 1913 tempus
1129 1861 1247 1913 potuit

283 1921 488 1960 universam
520 1935 645 1959 eorum
665 1921 808 1959 abolere
829 1921 1079 1972 iniquitatem:
1102 1931 1135 1960 et
1155 1922 1246 1961 latro

283 1996 354 2021 non
373 1982 485 2020 multo
502 1991 661 2034 tempore
678 1981 832 2034 paradisi
855 1982 1054 2034 ingressum
1075 1982 1246 2034 impetra-

283 2045 357 2090 vit,
375 2044 435 2081 sed
456 2058 496 2081 eo
516 2043 630 2096 spatio
647 2057 718 2094 quo
738 2043 892 2081 verbum
916 2058 1029 2081 unum
1051 2044 1243 2095 profertur,
1266 2070 1290 2100 E

283 2119 323 2142 eo
343 2114 521 2142 momento
541 2104 708 2142 abstersis
728 2104 836 2142 totius
867 2105 952 2142 vitre
972 2118 1044 2142 suae
1066 2105 1241 2156 peccatis,

282 2165 387 2203 etiam
406 2174 486 2203 ante
501 2165 679 2217 apostolos
699 2164 919 2217 probationis
938 2165 1124 2217 praemium
1145 2179 1245 2203 acce·

284 2226 356 2279 pit.
375 2226 554 2264 Videmus
569 2226 674 2264 etiam
694 2235 888 2278 martyres,
906 2239 975 2263 non
993 2226 1114 2264 multis
1127 2227 1242 2273 annis,

282 2286 344 2325 sed
365 2287 471 2324 etiam
489 2287 617 2325 diebus
631 2287 775 2339 paucis,
795 2288 866 2325 imo
883 2287 938 2325 vel
960 2300 1028 2324 una
1047 2286 1107 2325 die
1125 2289 1244 2340 splen-

283 2347 388 2387 didas
404 2358 643 2400 consequutos
662 2362 820 2387 coronas.

339 2479 378 2517 7.
401 2479 628 2530 Quapropter
648 2476 782 2528 ubique
799 2476 900 2515 nobis
916 2476 1100 2515 alacritate
1113 2507 1124 2525 ‚
1144 2475 1246 2514 sedu-
1269 2466 1294 2531 K

284 2539 389 2590 loque
400 2539 509 2577 animi
524 2539 653 2576 affectu
668 2548 718 2576 est
734 2552 844 2591 opus:
860 2537 957 2588 quod
972 2537 999 2575 si
1018 2538 1064 2575 ita
1081 2552 1247 2590 paremus

284 2599 558 2646 conscientiam,
598 2608 633 2636 ut
671 2608 766 2636 tanta
796 2598 1018 2636 vehementia
1056 2598 1247 2651 pristinam

287 2661 458 2698 malitiam
474 2660 743 2708 detestemur,et
762 2661 974 2697 contrariam
994 2659 1090 2697 viam
1108 2659 1246 2710 deliga-

287 2736 384 2765 mus,
405 2730 572 2772 quantam
605 2722 700 2759 Deus
722 2722 873 2773 imperat
897 2734 938 2758 ac
958 2721 1131 2771 requirit,
1157 2722 1247 2759 nihil

286 2782 333 2820 ob
347 2782 517 2834 temporis
531 2782 741 2820 brevitatem
758 2782 971 2820 habebimus
987 2782 1243 2833 minus,qu.m-

287 2842 483 2894 doquidem
503 2843 607 2881 multi
625 2844 808 2882 novissimi
826 2843 960 2896 primos
976 2843 1248 2895 longeanteces-

288 2913 419 2942 serunt.
437 2906 511 2942 Nou
530 2905 623 2942 enim
637 2904 804 2942 cecidisse
819 2919 927 2954 grave
943 2914 1009 2952 est,
1029 2905 1088 2943 sed
1107 2906 1247 2958 lapsum

284 2967 423 3018 jacere,
443 2980 505 3004 nec
525 2979 728 3017 resurgere,
744 2966 804 3004 sed
828 2966 930 3004 malis
945 2967 1039 3005 ultro
1054 2966 1243 3004 haerentem

334 3108 347 3127 ‘¹
365 3107 421 3141 Sic
443 3120 557 3141 omnes
570 3135 577 3148 ,
594 3117 734 3152 excepto
751 3109 866 3144 Morel.
883 3137 891 3151 ,
911 3111 965 3153 qui
983 3109 1083 3142 habet
1102 3115 1176 3154 πρὸς
1193 3113 1295 3143 αὐτοῦ.

290 3160 392 3194 Puulo
415 3169 491 3204 post.
508 3172 591 3193 unus
611 3166 770 3200 ἐδεήθησαν
788 3173 900 3203 mir-m
917 3168 965 3197 καὶ
984 3169 1114 3208 ἡμερῶν.
1136 3163 1210 3194 Mox
1235 3163 1294 3194 Sa-

799 182 986 214 sommus
1021 183 1263 213 cuanosT.
1306 184 1511 216 Ancutm’.
1549 185 1908 216 coxsrffi‘rmop.

1308 269 1411 314 λάξαι
1429 271 1499 307 τῶν
1519 269 1771 320 ἐπηρτημένων
1790 271 1922 311 κακῶν.
1944 263 2036 309 Isim
2054 270 2121 323 γὰρ
2140 273 2159 311 ὁ
2177 272 2266 316 Θεὸς
2286 274 2341 325 τῷ

1310 329 1437 383 Ἠλίᾳ·
1457 329 1657 383 Ἑώρακας,
1676 331 1752 374 πῶς
1770 331 1945 382 κατενύγη
1971 331 2106 384 Ἀχαὰὸ
2128 334 2198 372 ἀπὸ
2221 349 2336 387 προσ-

1310 389 1408 430 ώπου
1434 407 1521 441 μου;
1540 393 1619 429 Οὐκ
1644 390 1761 435 ἐπάξω
1788 391 1853 438 τὴν
1875 391 2002 431 κακίαν
2030 396 2064 432 ἐν
2083 399 2160 437 ταῖς
2189 395 2339 446 ἡμέραις

1314 454 1433 502 αὐτοῦ,
1453 453 1526 489 ἀνθ’
1543 445 1590 490 ὧν
1610 450 1662 489 ὅτι
1680 450 1846 490 ἔκλαυσεν
1867 453 1938 491 ἀπὸ
1957 453 2147 505 προσώπου
2169 469 2246 505 μου.
2268 455 2338 494 Καὶ

1314 513 1403 564 μετὰ
1416 518 1516 552 τοῦτο
1534 513 1640 551 πάλιν
1658 516 1676 551 ὁ
1693 515 1890 559 Μανασσῆς
1902 515 2038 558 πάντας
2051 518 2094 564 τῇ
2110 515 2219 569 μανία
2234 531 2340 569 παρε-

1312 574 1423 617 λάσας
1434 575 1494 612 καὶ
1505 577 1548 626 τῇ
1560 573 1751 625 τυραννίδι,
1761 574 1821 612 καὶ
1832 576 1895 621 τὴν
1908 575 2055 624 νομικὴν
2069 576 2265 627 ἀνατρέψας
2278 577 2339 614 λα-

1313 635 1444 686 τρείαν,
1458 635 1517 672 καὶ
1534 636 1591 674 τὸν
1607 635 1688 673 ναὸν
1704 635 1932 681 ἀποκλείσας,
1950 635 2010 673 καὶ
2023 635 2086 682 τὴν
2101 638 2170 674 τῶν
2187 635 2340 674 εἰδώλων

1313 696 1450 742 πλάνην
1461 696 1609 743 ποιήσας
1622 697 1752 743 ἀνθεῖν,
1765 696 1824 734 καὶ
1839 697 1979 734 πάντων
1994 699 2063 734 τῶν
2075 695 2272 749 ἔμπροσθεν
2284 711 2343 748 γε·

1313 757 1455 806 νόμενος
1483 755 1722 808 ἀσεὸέστερος,
1747 756 1867 804 ἐπειδὴ
1887 756 2095 807 μετενόησεν
2114 756 2276 810 ὕστερον,
2294 760 2344 801 εἷς

1314 817 1392 862 τοὺς
1416 821 1477 856 τοῦ
1500 820 1592 856 Θεοῦ
1614 818 1846 857 κατετάττετο
1870 819 2001 870 φίλους.
2030 819 2074 857 Εἰ
2093 818 2130 858 δὲ
2149 821 2197 863 εἷς
2214 820 2255 859 τὸ
2274 819 2344 870 με’-

1314 883 1412 928 γεθος
1434 879 1567 917 ἀπιδὼν
1587 882 1657 917 τῶν
1678 878 1815 918 οἰκείων
1834 881 2005 930 ἀνομιῶν,
2023 879 2166 930 ἀπέγνω
2181 879 2245 927 τὴν
2260 879 2346 918 ἐπά-

1315 941 1411 978 νοδον
1434 941 1493 978 καὶ
1511 940 1576 987 τὴν
1600 940 1822 990 μεταὸολὴν,
1854 941 1996 979 πάντων
2025 940 2064 979 ἂν
2095 940 2272 988 ἐξέπεσεν,
2293 934 2343 980 ὧν

1316 1003 1406 1053 μετὰ
1425 1006 1536 1040 ταῦτα
1555 1002 1702 1054 ἐπέτυχε
1716 1018 1723 1026 ·
1744 1005 1804 1040 νῦν
1825 1002 1861 1040 δὲ
1883 1003 1959 1040 ἀντὶ
1977 1005 2040 1050 τῆς
2059 1001 2254 1055 ὑπερὸολῆς
2273 1004 2344 1040 τῶν

1314 1064 1576 1118 ἡμαρτημένων
1598 1066 1692 1117 αὐτῷ
1712 1065 1760 1106 εἷς
1778 1064 1818 1102 τὸ
1839 1064 1984 1116 ἄπειρον
2003 1067 2065 1110 τῆς
2084 1062 2346 1116 εὐσπλαγχνίας

1316 1126 1397 1164 ἰδὼν
1413 1130 1472 1164 τοῦ
1488 1128 1596 1169 Θεοῦ,
1610 1126 1672 1164 καὶ
1690 1125 1734 1163 τὰ
1751 1125 1864 1176 δεσμὰ
1883 1125 2069 1178 διαρρήξας
2084 1129 2145 1163 τοῦ
2164 1125 2342 1173 διαὸόλου,

1315 1187 1493 1234 διανέστη,
1514 1187 1574 1225 καὶ
1592 1186 1805 1238 ἠγωνίσατο,
1827 1186 1887 1224 καὶ
1905 1187 1962 1225 τὸν
1981 1187 2108 1239 δρόμον
2129 1186 2267 1225 ἐτέλεσε
2284 1185 2345 1224 τὸν

1315 1249 1437 1287 καλόν.
1454 1251 1508 1286 Οὐ
1523 1249 1626 1298 μόνον
1643 1248 1679 1286 δὲ
1702 1247 1760 1286 διὰ
1778 1251 1847 1286 τῶν
1865 1249 1911 1290 εἷς
1935 1248 2074 1291 τούτους
2089 1247 2345 1299 γεγενημένων,

1315 1308 1407 1346 ἀλλὰ
1432 1309 1492 1346 καὶ
1519 1308 1576 1345 διὰ
1607 1311 1676 1346 τῶν
1704 1312 1765 1346 τοῦ
1790 1309 1971 1361 προφήτου
1992 1309 2161 1360 ῥημάτων
2181 1308 2346 1347 ἐκκόπτει

1314 1368 1393 1412 τοὺς
1405 1372 1468 1415 τ’ἦς
1478 1369 1710 1420 ἀπογνώσεως
1721 1369 1910 1421 λογισμοὺς
1924 1372 1942 1407 ὁ
1956 1370 2060 1417 Θεὸς,
2069 1370 2197 1409 οὑτωσὶ
2211 1370 2324 1422 λέγων
2333 1385 2345 1394 ·

1315 1431 1477 1484 Σήμερον
1496 1431 1554 1470 ἐὰν
1571 1434 1633 1477 τῆς
1652 1434 1768 1483 φωνῆς
1788 1431 1892 1469 αὐτοῦ
1912 1431 2097 1480 ἀκούσητε,
2117 1430 2166 1482 μὴ
2186 1430 2345 1484 σκληρύ-

1315 1508 1398 1539 νητε
1416 1492 1478 1536 τὰς
1498 1491 1643 1544 καρδίας
1663 1494 1760 1542 ὑμῶν
1775 1495 1822 1535 ὡς
1839 1493 1875 1530 ἐν
1894 1495 1945 1545 τῷ
1963 1495 2270 1545 παραπικρασμῷ.
2290 1493 2346 1533 Τὸ

1317 1553 1352 1591 δὲ
1363 1553 1517 1606 σήμερον
1533 1555 1567 1592 ἐν
1579 1553 1686 1591 παντὶ
1699 1556 1748 1606 τῷ
1763 1553 1828 1605 βίῳ
1839 1552 2003 1605 λέγεσθαι
2018 1554 2174 1599 δυνατὸν,
2184 1552 2345 1606 καὶπρὸς

1315 1614 1332 1636 ‘¹
1349 1617 1444 1667 αὐτῷ
1467 1615 1515 1662 δὲ,
1535 1617 1565 1653 εἰ
1588 1615 1717 1666 βούλει,
1734 1617 1784 1667 τῷ
1804 1615 1915 1668 γήρα·
1933 1617 1970 1653 οὐ
1989 1614 2057 1666 γὰρ
2076 1614 2210 1667 χρόνων
2229 1615 2344 1654 ποσό-

1315 1693 1414 1724 τητι.
1434 1676 1524 1714 ἀλλὰ
1545 1676 1697 1715 διαθέσει
1715 1678 1832 1728 ψυχῆς
1850 1680 1872 1722 ἡ
1891 1676 2058 1725 μετάνοια
2085 1675 2252 1728 κρίνεται.
2273 1676 2345 1715 Καὶ

1314 1738 1382 1789 γὰρ
1399 1741 1430 1776 οἱ
1453 1740 1631 1776 Νινευῑται
1649 1740 1686 1776 οὗ
1705 1739 1845 1776 πολλῶν
1865 1737 2060 1783 ἐδεήθησαν
2079 1739 2235 1788 ἡμερῶν,
2251 1736 2345 1777 ὥστε

1315 1798 1491 1850 ἐξαλεῖψαι
1519 1799 1582 1845 τὴν
1612 1798 1789 1851 ἁμαρτίαν
1813 1800 1946 1846 αὐτῶν,
1968 1799 2045 1836 ἀλλ’
2065 1797 2190 1850 ἴσχυσε
2209 1797 2344 1851 βραχὺς

1312 1862 1376 1906 τῆς
1395 1859 1530 1912 ἡμέρας
1547 1862 1665 1911 καιρὸς
1686 1861 1827 1898 ἅπασαν
1849 1860 2017 1912 ἀφανίσαι
2036 1859 2100 1906 τὴν
2121 1859 2267 1910 ἀνομίαν
2283 1861 2344 1898 αὖ·

1313 1925 1400 1960 τῶν·
1422 1922 1481 1960 καὶ
1496 1925 1514 1960 ὁ
1529 1921 1661 1974 λῃστὴς
1677 1921 1713 1960 δὲ
1733 1923 1795 1959 οὐκ
1812 1922 1847 1959 ἐν
1865 1921 1982 1974 χρόνῳ
1999 1923 2125 1973 μακρῷ
2141 1920 2205 1968 τὴν
2219 1922 2268 1966 εἰς
2282 1921 2343 1960 τὸν

1312 1982 1523 2034 παράδεισον
1545 1983 1676 2021 εἴσοδον
1694 1983 1817 2029 ἤνυσεν
1830 1996 1845 2030 ,’
1864 1984 1941 2021 ἀλλ’
1960 1982 2046 2029 ὅσην
2066 1982 2107 2019 ἂν
2128 1981 2342 2021 ἀναλώσειεν

1312 2043 1406 2096 ὥραν
1427 2060 1478 2088 τις
1498 2047 1595 2096 ῥῆμα
1623 2045 1856 2097 φθεγγόμενος
1876 2044 1931 2090 ἓν,
1953 2046 1987 2082 ἐν
2008 2042 2161 2094 τοσαύτῃ
2186 2046 2276 2095 ῥοπῇ
2295 2044 2341 2083 τὰ

1312 2107 1348 2143 ἐν
1363 2107 1468 2144 παντὶ
1485 2109 1536 2159 τῷ
1555 2107 1620 2159 βίῳ
1636 2107 1873 2158 ἡμαρτημένα
1890 2106 2031 2144 ἅπαντα
2048 2105 2343 2157 ἀπολουσάμενος,

1312 2167 1371 2205 καὶ
1386 2167 1454 2219 πρὸ
1469 2171 1538 2205 τῶν
1554 2168 1759 2206 ἀποστόλων
1775 2167 1816 2206 τὸ
1828 2170 1891 2213 τῆς
1905 2166 2163 2218 ε’]δοκιμήσεως
2179 2168 2342 2220 βραδεῖον

1311 2228 1522 2278 ἐλάμὸανεν.
1543 2228 1707 2281 Ὁρῶμεν
1733 2228 1768 2267 δὲ
1800 2230 1859 2267 καὶ
1887 2228 1965 2273 τοὺς
1995 2229 2194 2282 μάρτυρας,
2220 2231 2283 2268 οὐκ
2307 2230 2344 2267 ἐν

1311 2291 1451 2334 πολλοῖς
1472 2290 1596 2336 ἔτεσιν,
1618 2292 1695 2328 ἀλλ’
1718 2292 1752 2328 ἐν
1773 2292 1924 2342 ἡμέραις
1943 2290 2093 2341 ὀλίγαις,
2116 2290 2287 2335 πολλάκις
2306 2289 2343 2328 δὲ

1312 2350 1372 2388 καὶ
1389 2353 1423 2388 ἐν
1445 2358 1509 2403 μιᾷ
1525 2354 1538 2370 ⁰
1554 2352 1671 2402 μόνον,
1691 2351 1770 2395 τοὺς
1788 2350 1970 2404 λαμπροὺς
1991 2351 2249 2402 ἐπιτιθεμένους
2265 2366 2346 2391 στε-

1315 2412 1453 2465 φάνους.

1366 2473 1480 2512 ‘'sto-te
1496 2473 1693 2524 προθυμίας
1707 2477 1792 2524 ἡμῖν
1807 2474 1910 2527 χρεία
1925 2478 2121 2526 πανταχοῦ,
2137 2474 2197 2513 καὶ
2212 2475 2346 2522 πολλῆς

1315 2536 1517 2579 διαθέσεως·
1540 2536 1605 2574 κᾶν
1625 2535 1716 2573 οὕτω
1744 2535 1783 2573 τὸ
1812 2536 1964 2578 συνειδὸς
1993 2534 2344 2587 παρασκευάσωμεν,

1315 2597 1406 2635 ὥστε
1437 2596 1526 2647 μετὰ
1548 2596 1719 2642 τοσαύτης
1739 2597 1973 2648 σφοδρότητος
2001 2595 2060 2633 καὶ
2087 2595 2151 2642 τὴν
2171 2596 2344 2649 προτέραν

1317 2662 1468 2709 μισῆσαι
1487 2657 1613 2695 κακίαν
1626 2685 1634 2701 ,
1654 2658 1713 2695 καὶ
1733 2657 1796 2703 τὴν
1818 2657 1977 2695 ἐναντίαν
1998 2656 2138 2695 ἑλέσθαι
2156 2656 2247 2706 ὁδὸν,
2266 2660 2343 2709 μεθ’

1315 2720 1400 2766 ὅσης
1427 2721 1444 2756 ὁ
1472 2719 1561 2762 Θεὸς
1582 2718 1742 2769 βούλεται
1773 2718 1833 2756 καὶ
1856 2721 2021 2766 ἀπαιτεῖ,
2051 2717 2148 2757 οὐδὲν
2178 2718 2248 2757 ἀπὸ
2274 2720 2345 2757 τῶν

1317 2780 1450 2832 χρόνων
1464 2779 1607 2817 ἔλαττον
1622 2778 1742 2826 ἕξομεν
1755 2794 1762 2801 ·
1777 2780 1900 2817 πολλοὶ
1913 2785 1993 2830 γοῦν
2007 2779 2151 2832 ἔσχατοι
2165 2779 2346 2831 γενόμενοι

1317 2841 1396 2885 τοὺς
1407 2845 1421 2862 ¹¹
1435 2841 1596 2894 πρώτους
1610 2841 1900 2892 ὑπερηκόντισαν.
1911 2842 1964 2879 Οὐ
1976 2841 2043 2894 γὰρ
2056 2842 2096 2880 τὸ
2108 2846 2226 2879 πεσεῖν
2238 2841 2345 2893 χαλε-

1318 2903 1396 2949 πὸν,
1413 2902 1504 2940 ἀλλὰ
1515 2902 1554 2939 τὸ
1571 2902 1722 2940 πεσόντα
1736 2905 1871 2940 κεῖσθαι
1885 2902 1944 2939 καὶ
1959 2903 2008 2952 μὴ
2024 2900 2348 2952 ἀνίστασθαι,ἀλλὰ

1319 2966 1592 3003 ἐθελοκακοῧντα
1611 2963 1670 3001 καὶ
1700 2964 1914 3013 βλακεύοντα
1942 2969 2012 3006 τοῖς
2032 2967 2096 3011 τῆς
2115 2963 2348 3014 ἀπογνώσεως

1375 3114 1387 3127 ⁶
1411 3106 1513 3140 Saril.
1534 3115 1565 3138 et
1586 3107 1714 3150 aliquot
1732 3107 1807 3139 Mss.
1826 3112 1853 3141 ἄν
1866 3116 1923 3150 μιᾷ
1940 3114 2028 3151 μόνῃ.

1374 3171 1387 3185 ·
1414 3159 1514 3192 Snril.
1533 3168 1565 3191 et
1595 3168 1661 3191 tres
1675 3161 1752 3191 Mss.
1771 3168 1906 3205 πρώτοις
1930 3163 2023 3197 οὓτω,-
2038 3162 2124 3203 ὐπςρ.
2143 3158 2152 3204 [
2170 3160 2248 3193 Mox
2264 3160 2344 3194 Sav.

292 3213 391 3245 xil.ct
410 3213 537 3256 aliquot
555 3214 628 3245 uss.
647 3229 699 3251 την
717 3220 871 3260 masmim
889 3220 1009 3252 ἐμίν-ιμ-
1029 3215 1215 3256 paulopost
1231 3213 1298 3246 duo
1333 3217 1400 3246 οὔτε
1418 3211 1476 3258 7ὰρ
1495 3219 1528 3246 τὸ
1547 3222 1641 3245 reem
1664 3218 1804 3258 vomito-3
1829 3209 1918 3256 χαλ]
1946 3209 2141 3252 paulopost
2161 3222 2244 3243 unm
2267 3217 2348 3246 ἀπο-

291 3267 367 3299 Mss.
386 3273 495 3308 μανίαν
521 3278 582 3308 pro
610 3271 746 3308 ἀνομίαν.
768 3266 843 3297 Mox
870 3267 972 3299 Snvil.
1004 3271 1073 3300 ἀλλ’
1100 3272 1171 3304 ὅσην
1198 3273 1233 3300 ἄν
1258 3282 1300 3304 τις

1333 3272 1461 3308 γνώσεως
1478 3269 1570 3306 hsta,-
1589 3280 1641 3301 την
1661 3272 1711 3302 τῆ,-
1736 3270 1935 3310 προκιρέσεως
1958 3267 2167 3308 inrumpo-'arreni
2181 3267 2345 3299 ἀσθὲνσια-ι.

291 3323 469 3354 ‹tunam-mu
486 3323 565 3363 ὤραν
575 3323 659 3363 ῥῆμα
678 3323 885 3363 formam-m.
897 3325 924 3352 cu
941 3323 1125 3364 τουὺτῃμει
1140 3321 1185 3352 sic
1197 3319 1297 3351 etiam
1334 3316 1440 3360 llliid.
1457 3329 1516 3359 pro
1533 3320 1741 3361 διατεινάμενος
1757 3328 1774 3348 c
1786 3315 1911 3349 Savilio
1924 3315 2078 3348 dedimus
2089 3318 2346 3360 ὃ(απο,οούμινος.]

293 3370 428 3416 quidam
445 3371 535 3407 msa,
555 3377 765 3402 commutate»
783 3369 959 3402 verborum
975 3371 1051 3403 situ.

2503 294 2513 398 i

2503 405 2513 590 ξ

2502 608 2513 733 Ξ
