2513 3871
329 186 393 251 96

331 298 428 337 gere.
460 285 524 324 Est
541 283 653 335 igitur
668 283 806 336 primus
825 282 972 321 malitiae
987 311 998 330 ,
1019 281 1220 333 iniquitatis
1251 289 1287 319 et

329 345 554 384 crudelitatis
566 343 711 395 gradus,
724 343 858 381 amicos
874 341 1057 395 aspernari
1067 341 1172 393 :quin
1187 350 1224 380 ut
1238 340 1284 379 ad

332 406 497 444 inferiora
524 418 722 443 sermonem
744 403 975 451 reducamus;
997 403 1034 442 id
1053 403 1148 442 enim
1169 403 1284 441 nescio

329 465 509 517 quomodo
528 480 586 504 me
604 479 692 518 pene
709 466 981 518 fugerat3p1·iur
998 465 1059 503 illa
1077 464 1136 503 lex
1147 464 1285 504 Judaeis

327 528 411 566 data
428 558 436 572 ,
459 541 502 566 ne
515 528 676 579 jumenta
693 526 839 578 quidem
857 527 1086 565 inimicorum
1107 525 1285 577 negligere

327 588 524 641 permittit,
545 588 622 626 sive
642 587 864 634 deciderint,
891 588 967 626 sive
984 587 1200 635 erraverint;
1222 587 1284 625 sed

327 649 402 687 haec
412 648 559 700 quidem
571 648 755 696 reducere,
769 649 829 687 illa
847 663 930 687 vero
944 648 1204 700 erigerejubet.
1219 649 1283 687 Est

328 709 448 762 itaque
466 710 616 763 primus,
628 710 676 748 ab
694 710 826 748 intimis
839 709 1076 753 ascendendo,
1091 708 1237 747 malitiae
1248 718 1283 748 et

324 771 548 810 crudelitatis
567 773 726 824 gradus,
744 771 970 810 inimico-um
987 772 1151 823 jumenta
1167 780 1202 809 et
1221 786 1282 823 pe·

324 846 406 872 cora
434 835 568 871 matum
596 848 757 902 perpessa
791 834 993 885 negligere:
1019 832 1198 871 secundus
1218 832 1281 870 illo

324 895 509 947 superior,
530 895 692 933 inimicos
725 897 820 947 ipsos
856 894 1094 945 negligentius
1124 908 1276 931 curare:

324 965 458 1006 quanto
465 956 558 994 enim
571 956 677 994 homo
690 956 805 994 brutis
820 964 975 1008 praestat,
990 963 1087 992 tauto
1098 964 1281 1007 peccatum

326 1016 393 1056 lioe
411 1018 526 1070 majus
547 1018 623 1056 illo.
646 1017 792 1056 Tertius
805 1027 869 1065 cst,
886 1017 1010 1054 fratres
1024 1015 1223 1068 aspernari,
1240 1014 1281 1052 li-

323 1088 381 1118 cet
400 1079 511 1131 ignoti
531 1079 662 1117 suerint
681 1095 690 1117 ε
709 1088 858 1131 quartus
875 1107 886 1124 ,
915 1077 1109 1115 familiares
1140 1089 1282 1127 quoque

323 1140 506 1194 despicere
524 1156 532 1176 ε
547 1141 707 1191 quintus,
723 1154 805 1178 cum
817 1154 884 1177 non
900 1138 1016 1176 solum
1036 1151 1199 1189 corpore,
1220 1136 1281 1174 sed

322 1210 430 1239 etiam
443 1201 561 1239 anima
573 1214 695 1238 eorum
709 1198 1157 1252 pereunte,contemnimus
1174 1213 1181 1233 :
1201 1210 1283 1234 sex·

325 1271 382 1300 tus
399 1293 410 1309 ,
430 1276 512 1300 cum
532 1275 600 1299 non
620 1262 738 1298 solum
757 1260 996 1298 familiaribus
1009 1288 1019 1307 ‚
1043 1272 1165 1296 verum
1194 1257 1282 1309 ipsis

323 1336 466 1374 quoque
484 1322 608 1359 liberis
626 1320 858 1373 pereuntibus
876 1349 885 1366 ‚
906 1318 1122 1369 negligimus
1140 1332 1148 1353 :
1168 1318 1282 1369 septi-

324 1397 425 1431 muS,
440 1397 523 1420 cum
553 1396 615 1420 nec
644 1382 733 1419 alios
751 1381 814 1431 qui
839 1380 986 1418 illorum
1008 1393 1130 1416 curam
1152 1378 1283 1416 babere

323 1443 460 1496 possint
478 1443 696 1494 quaerimus:
717 1451 885 1489 octavus,
904 1454 984 1478 cum
1005 1449 1038 1478 et
1059 1454 1139 1486 eos,
1160 1439 1223 1491 qui
1244 1439 1281 1477 id

321 1520 343 1542 a
362 1503 486 1557 seipsis
506 1504 618 1542 facere
638 1504 1019 1547 instituunt‚arcemus
1039 1510 1144 1552 atque
1165 1501 1282 1553 prohi-

323 1566 473 1604 bemus:
494 1579 608 1604 nonus
622 1597 632 1612 ‚
656 1579 738 1603 cum
760 1578 828 1602 non
851 1572 987 1601 tantum
1010 1562 1090 1600 illos
1112 1562 1281 1615 probibe-

324 1641 417 1673 mus,
425 1626 487 1666 sed
499 1640 749 1680 oppugnamus
762 1639 916 1677 quoque.
932 1625 1055 1675 Itaque
1067 1623 1096 1662 si
1107 1624 1280 1676 primum,

323 1688 520 1728 secundum
551 1698 585 1727 et
612 1689 757 1727 tertium
792 1687 936 1726 malitia:
968 1685 1076 1738 hujus
1102 1685 1252 1738 gradum
1269 1716 1279 1735 ‚

324 1760 420 1790 tanta
440 1752 602 1803 sequitur
619 1750 775 1803 poena‚ei
796 1749 857 1801 qui
878 1748 958 1787 illos
978 1761 1100 1786 ornnes
1118 1756 1278 1799 superat,

325 1814 359 1851 in
374 1827 446 1864 quo
464 1827 526 1851 vos
545 1813 629 1851 estis
642 1843 652 1859 ‚
668 1826 795 1864 nempe
814 1824 919 1853 nono,
935 1818 1091 1860 quantus
1110 1808 1204 1860 ignis
1218 1808 1279 1846 de-

323 1874 475 1912 stinatus
494 1874 572 1912 est?
591 1873 777 1921 Quinimo,
795 1884 864 1909 non
887 1879 1025 1908 tantum
1045 1883 1194 1913 nonum,
1217 1883 1281 1907 nec

321 1934 502 1973 decimum
517 1965 525 1981 ‚
539 1934 600 1972 sed
613 1935 720 1972 etiam
743 1931 971 1971 undecimum
984 1931 1066 1982 jure
1093 1944 1134 1968 ac
1155 1931 1280 1969 merito

322 2010 404 2034 eum
424 1996 672 2048 appellaveris.
693 1999 765 2034 Cur
782 1992 980 2039 hoc?Quia
995 2006 1063 2030 non
1082 2000 1205 2029 natura
1223 2006 1276 2029 so-

324 2058 399 2096 lum
417 2057 484 2096 hoc
511 2066 693 2110 peccatum
715 2070 821 2109 supra
845 2054 1049 2092 memoratis
1068 2054 1183 2105 majus
1202 2062 1277 2102 est,

323 2118 387 2157 sed
404 2119 538 2157 ratione
553 2118 723 2171 temporis
739 2116 896 2167 gravius.
921 2114 1019 2162 Quid
1039 2114 1110 2152 sibi
1132 2114 1211 2152 vult
1231 2114 1279 2151 il-

325 2180 387 2219 lnd
407 2211 417 2226 ,
439 2181 574 2218 ratione
593 2178 762 2231 temporis
777 2179 795 2215 ?
815 2177 909 2223 Quia
932 2175 1033 2214 nobis
1053 2175 1174 2213 cadem
1196 2188 1281 2227 pec-

324 2241 507 2287 cantibus,
524 2255 604 2291 qua:
623 2239 645 2276 ii
674 2238 734 2290 qui
756 2238 823 2276 sub
845 2238 921 2288 lege
944 2246 1044 2275 erant
1063 2266 1072 2283 ,
1092 2251 1160 2274 non
1182 2237 1281 2289 paria

326 2302 502 2356 supplicia
518 2301 693 2338 debentur
706 2329 716 2345 ‚
738 2299 798 2337 sed
821 2299 923 2350 lunge
939 2298 1102 2349 graviora
1120 2327 1129 2342 ‚
1148 2306 1282 2348 quanto

327 2364 461 2403 scilicet
482 2362 607 2414 majori
625 2361 720 2399 dono
740 2360 843 2413 potiti
861 2390 870 2406 ‚
898 2358 1097 2412 perfectiori
1119 2358 1282 2397 doctrina

329 2425 476 2469 imbuti,
489 2424 613 2475 majori
635 2423 768 2461 honore
782 2421 898 2459 affecti
914 2435 1052 2459 sumus.
1066 2421 1157 2458 Cum
1173 2420 1284 2472 igitur

329 2496 453 2525 natura
463 2495 495 2523 ct
507 2486 643 2523 ratione
653 2483 822 2536 temporis
832 2482 897 2520 lioc
905 2482 1018 2520 scelus
1030 2481 1283 2532 gravissimum

328 2548 389 2594 sit,
401 2545 583 2585 considera
597 2554 765 2597 quantam
781 2544 961 2582 flammam
974 2544 1007 2581 in
1019 2557 1142 2581 eorum
1155 2543 1283 2596 capita,

327 2609 388 2660 qui
411 2608 446 2647 id
468 2617 670 2661 perpetrare
689 2606 837 2654 audent,
861 2605 1015 2643 inducet.
1037 2603 1145 2651 Quod
1164 2613 1283 2642 autem

329 2684 397 2708 non
411 2679 539 2707 temere
550 2669 596 2706 ita
610 2669 811 2712 ratiociner,
826 2681 870 2704 ex
883 2666 1006 2719 reipsa
1016 2665 1223 2717 exemplum
1234 2665 1284 2702 af-

327 2732 452 2777 feram,
468 2740 506 2768 ut
520 2729 653 2773 sciatis,
668 2728 805 2767 tametsi
821 2742 873 2766 res
885 2737 1022 2766 nostras
1057 2740 1178 2765 omnes
1193 2735 1286 2765 recte

327 2791 566 2838 instituamus,
579 2791 607 2828 si
629 2790 786 2828 liliorum
800 2789 951 2827 salutem
968 2788 1203 2840 negligamus,
1222 2801 1284 2826 nos

327 2862 504 2891 extremas
522 2851 668 2890 daturos
684 2866 757 2889 esse
771 2864 904 2903 poenas.
918 2850 1023 2896 Quod
1038 2849 1140 2887 vobis
1155 2849 1285 2887 allatu-

329 2928 389 2951 rus
413 2928 506 2962 sum,
524 2927 591 2951 non
609 2926 654 2950 ex
683 2912 819 2964 meipso
837 2911 995 2964 profero,
1011 2909 1072 2948 sed
1096 2910 1130 2948 in
1147 2909 1285 2948 divinis

328 2974 523 3027 Scripturis
539 2975 645 3027 jacet.
660 2973 833 3012 Sacerdos
855 2971 1001 3024 quidam
1022 2970 1120 3024 apud
1139 2971 1285 3011 Judaeos

328 3045 424 3081 erat,
456 3035 510 3073 vir
533 3034 737 3073 moderatus
767 3047 808 3071 ac
841 3033 975 3085 probus
992 3062 1001 3079 ,
1032 3033 1110 3070 lleli
1131 3032 1284 3070 nomine.

334 3096 426 3134 lluic
439 3096 510 3134 duo
525 3104 623 3133 eraut
644 3095 744 3134 liberi
761 3109 769 3132 :
785 3109 874 3145 quus
888 3108 968 3133 cum
985 3093 1122 3132 videret
1135 3093 1182 3131 ad
1198 3093 1284 3132 vitia

1306 899 1330 929 D

1306 1636 1330 1666 E

375 3245 388 3260 ‘
412 3234 514 3268 Snvll·
542 3235 575 3267 ln
602 3242 694 3266 ῑΰῑῑΙΙ
724 3239 954 3277 ίπιμιὶομίνους
982 3242 1140 3276 ζητῶμεν,
1167 3233 1200 3265 in
1231 3243 1336 3275 marg.

334 3298 502 3327 σκοπῶμεν.
527 3286 641 3319 noret.
673 3291 920 3329 ἑκψιλουμίνονς
950 3295 1100 3329 ζητῶμεν.

332 3409 403 3438 μῖν-

1133 3286 1226 3319 Unus
1253 3284 1339 3317 cod.

332 3344 565 3383 ιἠιμιλομίνοος
601 3354 767 3384 anxyr-m
803 3339 891 3370 Alius
934 3343 1183 3382 ἐπιμιὶοιμίνονς
1224 3348 1340 3373 σκοπῇ,-

753 200 793 232 S.
829 199 1015 231 JOANMS
1049 197 1291 229 ctnu‘SOST.
1331 197 1538 230 Attentm’.
1574 197 1931 230 CONSTANTINOP-

1357 280 1437 328 ἥκει
1455 283 1519 329 τῆς
1533 282 1702 334 πονηρίας
1717 280 1782 328 τὴν
1808 281 1977 333 κορυφήν.
1994 279 2100 320 Ἔστι
2113 281 2226 321 τοίνυν
2242 282 2380 334 πρῶτος

1357 343 1483 386 κακίας
1509 343 1568 381 καὶ
1599 342 1767 394 πονηρίας
1799 342 1931 393 βαΟμὸς
1954 341 2013 380 καὶ
2031 341 2214 392 ὠμότητος
2242 343 2283 381 τὸ
2302 341 2381 385 τοὺς

1357 403 1476 456 φίλους
1508 410 1673 457 περιορᾷν
1692 419 1700 427 ·
1730 405 1862 454 μᾶλλον
1894 402 1930 441 δὲ
1963 402 2151 455 κατωτέρω
2186 403 2244 441 τὸν
2279 403 2381 455 λόγον

1357 466 1546 515 ἀγάγωμεν
1562 481 1570 489 ·
1591 470 1692 504 τοῦτο
1712 464 1780 515 γὰρ
1810 466 1871 502 οὐκ
1897 457 1960 501 οἶδ’
1980 462 2075 506 ὅπως
2101 467 2228 516 μικροῦ
2246 464 2317 502 δεῖν
2336 478 2382 514 με

1355 526 1571 577 παρέλαθεν,
1600 526 1655 564 ὅτι
1681 528 1700 563 ὁ
1728 525 1893 577 πρότερος
1922 523 2078 572 νόμος,ὁ
2107 530 2178 568 τοῖς
2197 523 2380 567 Ἰουδαίοις

1355 586 1464 630 δοθεις
1477 616 1487 633 ,
1505 587 1582 626 οὐδὲ
1609 586 1683 623 τὰ*
1672 585 1841 636 υποζύγια
1873 587 1943 622 τῶν
1971 585 2105 636 ἐχθρῶν
2125 584 2250 636 ἀφίησι
2269 598 2381 635 παρο·

1355 655 1431 700 ρᾷν,
1445 648 1524 686 οὔτε
1540 647 1775 693 πεπτωκότα,
1794 646 1872 684 οὔτε
1894 646 2120 695 πλανώμενα,
2141 644 2233 683 ἀλλὰ
2253 644 2298 682 τὰ
2314 644 2382 695 μὲν

1352 710 1538 758 ὁδηγῆσαι,
1557 709 1600 746 τὰ
1628 708 1662 746 δὲ
1683 709 1979 753 συνδιαναστῆσαι
2004 706 2151 745 κελεύει
2170 704 2295 744 Ἔστιν
2314 698 2377 743 ουν

1352 773 1514 822 πρῶτος
1509 769 1569 807 μὲν
1603 769 1757 806 κάτωθεν
1776 769 1974 806 ἀναὸαίνων
2006 766 2134 811 κακίας
2153 782 2213 806 και
2230 766 2377 817 ὠμότη-

1351 846 1407 874 τος
1428 832 1579 881 βαθμὸς,
1599 830 1637 869 τὸ
1655 830 1698 868 τὰ
1718 834 1786 868 τῶν
1808 832 1941 882 ἐχθρῶν
1961 829 2072 876 κτήνη
2090 829 2152 867 καὶ
2185 827 2374 881 (θρέμματα

1351 894 1469 936 κακῶς
1484 893 1667 944 πάσχοντα
1685 892 1918 943 παρατρέχειν
1937 906 1944 914 ·
1959 891 2113 943 δεύτερος
2132 890 2169 930 δὲ
2186 891 2263 940 μετ’
2282 891 2376 928 ἐκεῖ·

1350 969 1406 993 νον
1447 953 1637 1006 ἀνώτερος,
1671 954 1711 991 το
1743 956 1811 990 τῶν
1846 955 1980 1004 ἐχθρῶν
2009 953 2171 1003 α’μελεῖν·
2204 951 2277 1004 ὅσῳ
2308 950 2378 1002 γὰρ

1350 1015 1530 1067 ἅνθρωπος
1560 1013 1687 1064 ἀλόγου
1707 1013 1912 1065 τιμιώτερος
1926 1043 1936 1059 ,
1951 1012 2105 1066 τοσούτῳ
2126 1011 2254 1062 μείζων
2285 1011 2378 1050 ἐκεί-

1349 1092 1410 1123 νης
1429 1075 1517 1121 αὕτη
1536 1079 1557 1123 ἡ
1578 1075 1734 1127 ἁμαρτία
1750 1091 1757 1098 ·
1775 1075 1889 1127 τρίτος
1910 1074 1945 1113 δὲ
1967 1075 2056 1125 μετὰ
2075 1078 2218 1121 τοῦτον,
2236 1073 2277 1112 τὸ
2306 1074 2376 1111 τῶν

1351 1138 1510 1189 ἀδελφῶν
1529 1143 1758 1188 καταφρονεῖν
1774 1167 1781 1178 ,
1798 1137 1863 1174 κᾶν
1879 1139 2030 1186 ἀγνῶτες
2048 1137 2144 1179 ὄντες
2158 1135 2375 1187 τυγχάνωσι·

1350 1198 1534 1249 τέταρτος,
1550 1198 1590 1235 τὸ
1606 1197 1684 1241 τοὺς
1703 1198 1851 1240 οἰκείους
1867 1203 2033 1249 περιορᾷν
2053 1211 2060 1219 ·
2084 1196 2269 1246 πέμπτος,
2290 1197 2372 1234 ὅταν

1351 1258 1400 1308 μὴ
1418 1257 1580 1308 σώματος
1600 1259 1715 1300 αὐτοῖς
1731 1258 1847 1307 μόνον,
1868 1258 1960 1296 ἀλλὰ
1980 1257 2040 1295 καὶ
2058 1259 2121 1302 τῆς
2138 1259 2255 1308 ψυχῆς
2269 1257 2377 1294 ἀπολ-

1349 1318 1502 1368 λυμένης
1519 1320 1794 1370 καταφρονῶμεν
1813 1334 1820 1341 ·
1842 1318 1941 1362 ἕκτος
1955 1348 1964 1366 ,
1978 1318 2060 1357 ὅταν
2077 1317 2126 1368 μὴ
2143 1319 2212 1355 τῶν
2226 1316 2379 1363 οἰκείων,

1351 1379 1442 1418 ἀλλὰ
1467 1379 1527 1417 καὶ
1557 1382 1625 1417 τῶν
1657 1379 1792 1416 παίδων
1814 1383 1899 1429 ἡμῖν
1920 1378 2215 1432 διαφθειρομένων
2245 1379 2376 1428 ὀλιγω-

1354 1442 1470 1491 ρῶμεν
1487 1452 1495 1460 ·
1516 1440 1683 1490 ἕὸδομος,
1704 1439 1788 1478 ὅταν
1816 1440 1905 1490 μηδὲ
1930 1439 2066 1490 ἑτέρους
2087 1438 2166 1482 τοὺς
2180 1443 2195 1460 ’““
2208 1439 2375 1489 ἐπιμελο·

1353 1501 1475 1551 μένους
1504 1503 1683 1551 ζητῶμεν·
1705 1501 1842 1552 ὄγδοος,
1865 1500 1948 1540 ὅταν
1969 1501 2028 1539 καὶ
2055 1501 2113 1552 ἀφ’
2134 1502 2267 1538 ἑαυτῶν
2289 1502 2375 1538 τοῦ·

1350 1577 1391 1599 το
1421 1561 1650 1613 βουλομένους
1680 1567 1790 1600 ποιεῖν
1824 1562 2012 1612 κωλύωμεν
2042 1562 2101 1599 καὶ
2131 1561 2354 1613 ἀπείργωμεν
2369 1577 2376 1585 ·

1351 1624 1512 1668 ἔννατος,
1532 1623 1616 1661 ὅταν
1646 1622 1695 1673 μὴ
1721 1622 1913 1674 κωλύωμεν
1940 1623 2068 1673 μόνον,
2092 1622 2182 1661 ἀλλὰ
2216 1623 2275 1661 καὶ
2307 1638 2377 1661 πο-

1353 1685 1530 1756 λεμῶμεν.
1547 1682 1658 1722 Ὥστε
1678 1686 1707 1722 εἶ
1738 1686 1789 1722 τῶ
1815 1683 1945 1737 πρώτω
1965 1699 2025 1722 και
2052 1686 2102 1721 τῶ
2135 1683 2284 1735 δευτέρῳ
2316 1683 2377 1721 καὶ

1349 1745 1457 1797 τρίτυ
1481 1748 1543 1791 τῆς
1577 1745 1702 1788 κακίας
1729 1744 1859 1791 ταύτης
1895 1748 2022 1797 βαθμω
2050 1744 2202 1792 τοσαύτη
2233 1744 2378 1788 κόλασις

1352 1807 1497 1854 ἕπεται,
1519 1822 1569 1859 τῳ
1587 1806 1722 1849 πάντας
1749 1807 1982 1854 αναὸεὸηκότι
2014 1821 2173 1851 τουτους,
2198 1806 2310 1858 τούτῳ
2334 1805 2376 1852 δὴ

1351 1885 1401 1906 τω
1421 1866 1592 1920 ὓμετέριμ)
1605 1868 1712 1906 πόσον
1741 1869 1861 1921 ἕψεται
1887 1872 1958 1921 πῦρ
1976 1866 2132 1920 ἀέννοίτῳ
2155 1868 2230 1919 μετ’
2247 1868 2378 1906 ἐκεῖνον

1351 1928 1575 1980 τυγχ-άνοντι,
1591 1931 1724 1980 μᾶλλον
1747 1929 1784 1968 δὲ
1813 1930 1874 1967 οὐκ
1902 1929 2040 1967 ἔννατον
2073 1930 2197 1979 μόνον,
2228 1927 2304 1968 οὐδὲ
2323 1927 2379 1968 δι’·

1352 2005 1472 2034 κατον,
1487 1990 1578 2029 ἄλλα
1597 1992 1656 2029 καὶ
1676 1990 1859 2030 ἑνδέκατον
1876 1992 1939 2028 οὐκ
1956 1990 1996 2028 ἄν
2013 2005 2065 2033 τις
2070 1990 2237 2063 ἁμάρτοι
2256 1992 2376 2028 τοῦτον

1604 2053 1652 2091 Τί
1688 2052 1839 2098 δήποτε·
1832 2081 1841 2098 ,
1865 2051 1949 2090 ’Ότι
1976 2053 2014 2090 οὐ
2047 2053 2092 2103 τῇ
2123 2050 2224 2103 φύσει
2255 2051 2375 2088 πολλῶ

1353 2117 1470 2165 μεῖζον
1489 2115 1528 2154 τὸ
1548 2114 1746 2189 ἁμάρτημα
1764 2116 1834 2151 τῶν
1857 2111 2178 2164 προηριῡμημένων
2209 2112 2283 2150 ἐστι
2310 2113 2378 2161 μό-

1351 2193 1427 2224 νον,
1448 2176 1539 2215 ἀλλὰ
1568 2191 1628 2214 και
1648 2176 1718 2213 ἀπὸ
1735 2190 1796 2213 του
1814 2174 1963 2226 “[ρόνου
1982 2173 2242 2226 χαλεπώτερον.
2262 2173 2310 2212 Ἰί
2341 2173 2378 2213 δὲ

1352 2237 1455 2276 τοῦτό
1471 2239 1547 2276 ἐστι
1563 2236 1603 2275 τὸ
1631 2237 1702 2274 ἀπὸ
1717 2240 1776 2274 τοῦ
1799 2235 1924 2288 χρόνου
1942 2251 1952 2282 3
1969 2235 2056 2273 Ὅτι
2075 2235 2118 2272 τὰ
2149 2235 2238 2273 αὐτὰ
2253 2234 2375 2288 ἁμαρ-

1351 2299 1512 2339 τάνουσιν
1531 2302 1617 2349 ἡμῖν
1635 2302 1696 2336 νῦν
1713 2302 1783 2340 τοῖς
1799 2299 1834 2335 ἐν
1853 2299 1902 2348 τῷ
1918 2296 2014 2348 νόμῳ
2038 2296 2077 2333 οὗ
2097 2296 2140 2333 τὰ
2157 2295 2245 2334 αὐτὰ
2262 2295 2379 2334 κείσε-

1352 2377 1411 2399 ται
1434 2359 1703 2412 βασανιστήρια,
1723 2357 1814 2397 ἀλλὰ
1830 2358 1949 2409 πολλῷ
1969 2356 2215 2409 χαλεπώτερα,
2233 2357 2305 2409 ὅσῳ
2320 2356 2380 2395 καὶ

1355 2423 1508 2473 μείζονος
1528 2420 1783 2471 ἀπηλαόσαμεν
1804 2420 1947 2472 δωρεᾶς,
1967 2418 2027 2457 καὶ
2047 2418 2264 2471 τελειοτέρας
2279 2418 2381 2456 διδα-

1355 2484 1501 2527 σκαλίας
1524 2483 1763 2534 μετέσχομεν,
1785 2480 1846 2519 καὶ
1873 2479 2007 2519 πλείονι
2032 2478 2253 2530 τετιμήμεθα
2280 2481 2380 2531 τιμῇ.

1356 2545 1470 2583 ιΌταν
1489 2538 1547 2584 οὖν
1566 2544 1627 2582 καὶ
1647 2547 1690 2595 τῇ
1710 2543 1829 2595 φύσει,
1847 2541 1970 2593 καὶτῷ
1986 2541 2100 2593 χρόνῳ
2115 2539 2262 2591 σφοδρὸν
2288 2538 2381 2577 οὕτω

1355 2607 1395 2644 τὸ
1415 2605 1610 2656 ἁμάρτημα
1631 2604 1772 2656 γίνηται
1788 2606 1900 2648 τοῦτο,
1923 2601 2082 2646 ἐννόησον
2109 2601 2193 2646 ὅσην
2212 2598 2299 2639 οἴσει
2316 2600 2380 2647 τὴν

1356 2666 1468 2718 φλόγα
1488 2665 1546 2704 ἐπὶ
1574 2665 1638 2711 τὴν
1657 2666 1725 2702 τῶν
1746 2661 1954 2713 τολμώντων
1985 2661 2069 2699 αὐτὸ
2087 2659 2254 2712 κεφαλήν.
2274 2659 2290 2680 ⁵
2310 2660 2381 2699 Καὶ

1355 2728 1409 2767 ὅτι
1435 2728 1502 2779 οὐχ
1532 2728 1651 2769 ἁπλῶς
1683 2729 1794 2762 ταῦτα
1826 2723 2096 2772 συλλογίζομαι,
2117 2721 2176 2759 καὶ
2193 2723 2255 2760 ἀπ’
2274 2723 2381 2760 αὐτοῦ

1357 2791 1417 2827 τοῦ
1454 2787 1660 2839 πράγματος
1695 2785 1856 2828 ἐπιδείξω
1885 2787 1986 2822 τοῦτο
2016 2782 2181 2833 συμὸὰν,
2200 2782 2242 2820 ἵν’
2266 2783 2381 2829 ιίδῆτι

1357 2850 1410 2887 ὅτι
1427 2879 1437 2896 ,
1458 2848 1522 2887 κᾶν
1543 2848 1586 2887 τὰ
1605 2847 1761 2899 ἡμέτερα
1781 2849 1866 2896 ἡμῖν
1886 2844 2025 2882 ἅπαντα
2044 2839 2065 2896 ᾖ
2084 2842 2301 2896 διῳκημένα,
2320 2845 2384 2889 τῆς

1357 2914 1439 2962 γοῦν
1457 2912 1525 2947 τῶν
1542 2909 1677 2947 παίδων
1697 2909 1905 2957 ἀμελοῦντες
1926 2905 2102 2956 σωτηρίας
2117 2935 2127 2952 ,
2145 2904 2207 2952 τὴν
2228 2904 2382 2957 ι’σχάτην

1356 2972 1499 3022 τίσομεν
1520 2970 1631 3017 δίκην.
1652 2969 1748 3022 'Epa
1781 2968 1815 3006 δὲ
1850 2970 1932 3017 ὑμῖν
1967 2983 2044 3004 τινα
2064 2966 2166 3019 λόγον
2191 2969 2253 3005 οὐκ
2276 2966 2383 3018 ἐμὸν,

1358 3033 1434 3071 ἀλλ’
1463 3034 1497 3071 ἐν
1522 3038 1597 3075 ταῖς
1626 3030 1733 3073 ὑείαις
1754 3030 1909 3079 κείμενον
1942 3030 2108 3080 Γραςοαίς.
2125 3026 2251 3079 Ἱερεύς
2269 3043 2322 3071 τις
2342 3020 2384 3074 ἦν

1359 3092 1456 3145 παρὰ
1472 3099 1543 3136 τοῖς
1560 3091 1754 3138 Ἰουδαίοις,
1772 3093 1912 3142 μέτριος
1930 3090 2110 3141 ἅνθρωπος
2128 3089 2188 3128 καὶ
2206 3087 2383 3135 ἐπιεικὴς,

1353 2069 1460 2106 πρΟσί
1466 2053 1568 2092 ῑπών.

1419 3232 1434 3257 d
1462 3232 1534 3264 Duo
1552 3231 1628 3263 Mn.
1648 3236 1778 3265 ἔννατον.

1420 3295 1433 3309 2
1459 3283 1563 3316 litlem
1581 3292 1688 3326 χρόνον
1702 3290 1813 3324 γίνεται
1830 3286 2056 3326 χαλεπώτερον.

1422 3340 1437 3361 ²¹
1463 3336 1553 3369 Unus
1569 3334 1655 3368 (lod.
1673 3341 1720 3370 ναὶ
1738 3341 1791 3379 οὶχ
1808 3339 1907 3372 ἁπλῶς
1924 3341 2032 3369 ταῦτα.
2052 3331 2142 3366 Infra
2155 3342 2239 3365 nnus
2261 3335 2381 3367 ἅπαντα

1379 3393 1474 3425 »αλ-λι,-
1493 3394 1507 3432 ᾖ
1530 3392 1611 3431 inem.
