2513 3871
126 1283 277 1311 Christum

89 1329 119 1354 iu
149 1325 256 1362 prndi-

90 1367 236 1394 diuitibus

87 1419 208 1447 pennu!
228 1418 279 1436 'e-

88 1459 184 1478 tatem
218 1459 278 1477 ene

96 1491 280 1519 demonstra-

91 1538 149 1561 tur.

98 2060 209 2089 naeth.
232 2057 282 2088 26.

99 2265 176 2293 ltu‘d.
194 2275 223 2293 v.
233 2271 264 2301 9.

102 2449 145 2475 ΙΙι.

99 2500 161 2526 “tvt-

175 2457 203 2475 V.
238 2455 285 2476 to.

295 195 385 258 768

290 292 458 332 videlicet
485 291 599 343 reipsa
627 288 836 333 declarans,
860 299 897 325 se
917 284 1177 332 resurrexisse,
1206 297 1248 322 ac

290 356 416 393 vivere
428 383 438 402 ‚
456 362 562 403 atque
577 363 671 388 nunc
685 362 761 387 esse
776 349 811 386 in
827 348 937 386 caelis.
955 345 1138 394 Quoniam
1151 344 1247 383 enim

289 427 334 454 ex
347 413 536 453 benefactis
549 411 693 449 noluisti
708 409 903 462 potentiam
915 408 1016 447 illius
1025 419 1250 458 cognoscere,

291 490 355 528 per
365 488 484 527 poenas
495 487 534 511 ac
544 471 721 525 supplicia
732 470 994 509 demonstrabit
1005 469 1116 508 robur
1124 481 1231 506 suum
1241 496 1251 515 ,

290 535 500 574 inevitabile
519 534 655 586 pariter
672 541 707 571 et
733 531 1029 584 inexpugnabile.
1056 534 1100 569 At
1129 543 1172 568 ne
1199 529 1252 568 sic

291 596 436 648 quidem
455 594 584 639 credis,
609 602 671 632 aut
698 603 802 645 putas
823 592 926 631 illum
948 606 1023 631 esse
1043 593 1183 639 Deum,
1210 604 1252 630 ac

290 657 400 696 totius
422 657 521 696 orbis
541 655 758 703 Dominum;
778 654 841 693 sed
859 654 1048 692 arbitraris
1067 652 1251 692 hominem

291 718 401 756 fuisse
420 717 620 770 vulgarem.
640 719 714 767 Age
730 715 855 767 igitur,
872 714 1022 768 perinde
1041 725 1082 753 ac
1096 715 1125 752 si
1143 713 1252 752 bomo

291 788 430 818 tantum
462 777 590 823 fuerit,
620 790 695 815 rem
716 777 957 814 excutiamus.
985 773 1178 824 Quomodo
1193 788 1255 812 au-

297 848 370 879 tem
386 840 422 878 in
435 838 643 878 hominibus
654 852 727 876 rem
739 837 1104 876 discernimus?Cum
1115 837 1257 887 aliquos

292 901 459 941 videmus
486 901 670 948 homines,
694 913 785 951 quos
810 899 847 937 in
874 898 1042 938 omnibus
1071 898 1253 951 comperi-

291 977 373 1002 mus
387 977 462 1001 esse
476 976 638 1010 veraces,
657 975 719 1000 nce
737 961 810 998 ulla
831 962 866 999 in
888 974 925 999 re
943 961 1150 998 mentientes
1164 973 1174 998 t
1189 960 1255 998 bo·

291 1037 393 1070 rum,
412 1023 552 1061 etiamsi
578 1021 710 1059 suerint
740 1021 877 1066 hostes,
910 1019 1019 1058 modo
1048 1020 1230 1072 sapiamus
1242 1050 1251 1066 ,

293 1083 388 1122 dicta
405 1083 600 1136 recipimus
621 1098 629 1118 :
651 1096 793 1120 rursum
811 1081 840 1119 si
861 1080 1062 1119 viderimus
1079 1095 1138 1119 eos
1158 1095 1252 1119 men-

293 1146 434 1191 tientes,
454 1144 593 1182 etiamsi
611 1143 645 1181 in
663 1141 844 1180 nonnullis
862 1155 1003 1179 veraces
1023 1141 1170 1189 tuerint,
1190 1155 1252 1179 nee

295 1205 357 1243 illa
374 1205 477 1243 facile
492 1204 698 1255 recipimus.
709 1217 788 1253 quae
804 1215 887 1240 vere
901 1201 947 1239 ab
963 1201 1035 1239 illis
1051 1201 1147 1239 dicta
1158 1210 1254 1239 suut.

348 1269 388 1305 2.
412 1268 486 1317 Age
504 1279 623 1313 nunc,
644 1263 909 1304 consideremus
928 1263 1063 1301 Christi
1086 1277 1200 1301 mores
1222 1272 1256 1301 et

293 1327 417 1365 vitam.
433 1328 511 1365 Non
524 1325 618 1364 enim
630 1325 699 1363 hoc
709 1334 848 1363 tantum
858 1323 955 1375 quod
968 1323 1130 1362 diximus
1140 1355 1150 1370 ‚
1166 1339 1257 1376 pra:⁴

295 1389 391 1427 dixit
425 1397 532 1439 atque
561 1386 816 1440 praenuntiavit
834 1415 845 1431 ,
880 1399 1006 1423 verum
1048 1385 1155 1424 ctiam
1186 1386 1256 1424 alia

296 1450 409 1488 multa
420 1479 431 1495 ,
453 1449 560 1500 longo
577 1456 656 1500 post
670 1457 828 1500 tempore
843 1455 992 1485 ventura
1007 1476 1018 1496 ,
1039 1447 1256 1486 vaticinatus

295 1520 361 1551 est.
384 1511 610 1549 proferamus
629 1508 740 1560 igitur
755 1507 1005 1561 praedictiones
1021 1507 1101 1547 illas
1120 1508 1156 1547 in
1176 1523 1256 1548 me*

294 1572 397 1611 dium
413 1572 472 1611 :in
492 1571 625 1622 quibus
643 1569 673 1608 si
694 1568 832 1608 videris
852 1569 957 1608 illum
976 1569 1197 1618 mendacem,
1214 1585 1258 1609 ne

295 1634 388 1672 hanc
401 1631 545 1684 quidem
562 1631 732 1684 recipito,
748 1645 860 1682 neque
874 1640 979 1684 putes
994 1630 1048 1669 illi
1063 1631 1171 1670 fidem
1187 1631 1256 1670 ba-

294 1693 449 1733 bendam
470 1710 478 1732 :
498 1702 619 1732 eontra
635 1723 645 1741 ,
677 1692 707 1731 si
737 1692 871 1731 videt-is
911 1692 1016 1731 illum
1051 1692 1087 1731 iu
1121 1693 1258 1731 caeteris

294 1755 464 1796 omnibus
483 1768 670 1801 veracem,
692 1763 727 1793 et
745 1753 837 1792 banc
856 1753 971 1807 ipsam
991 1753 1255 1806 praedictionem

295 1816 455 1856 evenisse
470 1831 481 1866 ;
498 1815 628 1855 deinde
644 1829 726 1854 cum
747 1814 919 1853 videasim
937 1829 1098 1854 mensum
1119 1825 1253 1868 tempo·
1281 1820 1305 1852 C

297 1891 377 1915 rum
405 1876 627 1915 curriculum
659 1883 826 1913 attestans
857 1875 997 1913 veritati
1027 1890 1151 1913 eorum
1178 1890 1257 1928 quae

297 1937 485 1991 praedixit:
500 1951 543 1975 ne
554 1937 642 1975 velis
656 1936 747 1975 ultra
762 1935 952 1988 perfricare
964 1937 1126 1984 frontem,
1144 1951 1258 1989 neque

299 1999 405 2038 rebus
423 1999 496 2037 sole
511 1997 722 2036 clarioribus
741 1997 955 2049 obstrepere.
975 1997 1176 2036 Videamus
1194 1999 1259 2049 igi-

301 2070 359 2099 tur
379 2059 466 2112 quid
489 2069 656 2112 pr0ctcrca
673 2057 892 2111 praedixerit.
915 2059 1070 2097 Accessit
1089 2060 1133 2096 ad
1155 2059 1258 2097 illum

301 2122 430 2160 mulier
452 2120 671 2159 alabastrum
692 2121 825 2158 habens
848 2121 1016 2172 unguenti
1043 2121 1206 2172 pretiosi,
1225 2131 1260 2160 et

302 2183 428 2223 effudit
448 2193 680 2234 unguentum.
698 2184 774 2221 Hoc
791 2183 925 2220 sactum
946 2181 1092 2235 indigne
1109 2184 1259 2223 ferentes

302 2245 493 2299 discipuli,
514 2245 700 2283 dicebant:
719 2246 850 2296 Quare
869 2258 948 2282 non
976 2248 1261 2286 venumdatum

303 2316 358 2346 est
377 2313 555 2346 trecentis
571 2308 744 2344 denariis
757 2336 766 2354 ‚
785 2320 832 2344 ac
847 2307 984 2345 datum
998 2311 1233 2360 pauperibus
1244 2314 1262 2348 Ρ

304 2368 380 2406 lloc
410 2367 670 2420 reprehendens
704 2366 864 2418 loquitur
898 2372 933 2405 in
964 2367 1059 2406 hunc
1092 2369 1238 2408 modum
1252 2401 1262 2418 ,

308 2431 411 2481 Quid
444 2430 594 2467 molesti
633 2430 723 2467 estis
761 2429 946 2467 mulieri?
982 2431 1125 2469 bonum
1160 2433 1263 2470 enim

304 2493 519 2545 opussecit.
541 2493 641 2530 Dico
657 2493 757 2529 ent‘m
772 2494 884 2529 vobis
897 2521 907 2538 ,
923 2494 1156 2546 ubicumque
1167 2509 1264 2546 prae·

304 2554 478 2592 dicatum
489 2554 617 2604 suerit
643 2553 716 2591 hoc
742 2553 988 2605 evangelium
1014 2555 1056 2591 in
1081 2557 1265 2593 universa

305 2623 423 2661 terra,
445 2615 596 2652 dicetur
614 2621 650 2652 et
671 2615 743 2651 hoc
762 2615 868 2665 quod
887 2615 969 2652 ltoec
986 2616 1104 2666 fecit,
1128 2619 1169 2654 t‘n
1186 2631 1267 2655 me-

305 2678 468 2713 moriam
495 2677 592 2727 ejus.
622 2675 801 2713 Utrumne
822 2675 993 2725 mentitus
1011 2685 1083 2723 est,
1104 2691 1148 2715 an
1168 2676 1264 2716 dixit

307 2737 458 2774 verum?
483 2735 599 2774 evenit
615 2735 710 2787 quod
727 2734 916 2788 praedixit,
932 2751 975 2774 an
994 2737 1060 2775 suit
1078 2738 1182 2777 inane
1197 2754 1263 2778 va-

306 2797 498 2835 ticinium?
519 2800 701 2849 lnterroga
724 2796 919 2847 Ju‹laeutn;
942 2799 1006 2836 etsi
1028 2799 1158 2838 millies
1179 2815 1264 2853 per-

308 2858 468 2896 sricuerit
489 2860 660 2905 frontem,
683 2856 854 2898 adversus
876 2858 967 2897 lianc
997 2860 1264 2911 prmdictionem

311 2933 378 2956 non
389 2920 516 2970 poterit
535 2919 656 2958 oculos
673 2919 846 2959 attollere.
863 2921 902 2959 ln
916 2922 1085 2960 omnibus
1104 2923 1199 2962 enim
1215 2938 1267 2962 ec·

315 2981 428 3018 etesiis
450 2981 634 3019 memorari
655 2981 839 3019 mulierem
857 2981 1046 3022 audimus:
1063 2985 1266 3023 auscultant

312 3041 484 3089 consules,
498 3042 623 3089 duces,
641 3042 707 3080 viri
721 3071 730 3086 ,
742 3043 922 3093 mulieres,
935 3045 1082 3093 nobiles,
1097 3046 1267 3094 illustres,

315 3102 507 3153 splendidi,
527 3104 561 3141 in
578 3104 744 3142 omnibus
762 3105 937 3154 urbibus;
955 3116 987 3144 et
1005 3107 1040 3144 in
1056 3122 1268 3159 quamcum-

315 3175 383 3210 que
396 3163 490 3201 orbis
505 3175 641 3216 partem
653 3165 838 3205 deveneris
848 3197 858 3216 ,
872 3182 1013 3207 summo
1029 3183 1111 3208 cum
1128 3171 1270 3211 silentio

1277 600 1301 631 B

364 3304 376 3318 Ι
402 3293 459 3325 ΛΙὶΙ
478 3297 524 3328 tn*
542 3300 688 3332 ἀνθρώπω
719 3296 777 3328 Alfi
797 3302 842 3333 ἐπ’
860 3305 1036 3345 ἀνθρώπων.
1058 3301 1160 3335 Paulo
1182 3312 1257 3347 posi.
1275 3304 1330 3336 ulii

730 207 769 236 S.
808 204 994 236 soumis
1030 200 1273 232 cnttYsosT.
1311 199 1522 232 Ancuuw.
1559 201 1921 233 CONSTANTINOP-

1317 283 1443 332 πότην,
1458 284 1538 322 ἀλλ’
1558 284 1739 336 ἄνθρωπον
1751 285 1812 324 ἕνα
1831 287 1902 323 τῶν
1918 285 2071 324 πολλῶν.
2086 285 2183 338 Φέρε
2200 278 2259 324 οὖν
2272 314 2284 334 ,
2300 288 2348 330 ὥς

1319 350 1335 367 “
1355 347 1411 384 ἐπ’
1428 344 1603 398 ἀνθρώπῳ
1621 347 1855 396 ποιησώμεθα
1869 345 1933 392 τὴν
1955 344 2127 390 ἐξέτασιν.
2141 346 2225 384 Πῶν
2241 345 2278 384 δὲ
2296 348 2350 386 ἐπ’

1323 407 1516 460 ἀνθρώπων
1535 406 1729 459 ποιούμεθα
1747 407 1812 454 τὴν
1827 406 2000 455 ἐξέτασιν;
2021 406 2138 446 σΟταν
2156 406 2286 457 ἴδωμέν
2301 422 2352 445 τι·

1324 483 1385 512 νας
1420 467 1621 520 ἀνθρώπους
1648 469 1684 507 ἐν
1713 468 1845 507 ἅπασιν
1879 467 2131 515 ἀληθεύοντας,
2159 467 2219 505 καὶ
2244 466 2353 518 μηδὲν

1327 530 1491 580 μηδαμοῦ
1509 528 1741 581 ψευδομένους
1753 560 1763 577 ,
1791 529 1856 567 κᾶν
1879 528 1999 581 ἐχθροὶ
2018 528 2248 581 τυγχάνοντες
2265 521 2355 576 ὦσι,

1326 591 1387 630 καὶ
1411 594 1489 629 νοῦν
1511 590 1671 643 ἔχωμεν,
1690 590 1866 643 δεχόμεθα
1884 589 1929 628 τὰ
1949 591 2009 628 ὑπ’
2031 590 2145 627 αὐτῶν
2165 588 2352 639 λεγόμενα·

1327 653 1447 704 ὥσπερ
1466 646 1525 690 οὖν
1551 652 1633 690 ὅταν
1659 651 1789 703 ἴδωμεν
1825 650 2073 703 ψευδομένους,
2105 650 2169 688 κᾶν
2201 648 2354 697 ἀληθεύ-

1328 729 1413 752 ωσιν
1444 713 1480 753 ἔν
1501 728 1592 752 τισιν
1606 741 1616 760 ,
1634 712 1712 752 οὐδὲ
1732 714 1848 752 ἐκεῖνα
1868 712 1995 766 ῥαδίως
2013 710 2300 764 παραδεχόμεθα.

1385 1264 1482 1316 Φέρε
1502 1259 1580 1313 οὖν,
1610 1264 1739 1315 ἴδωμεν
1769 1269 1886 1304 ὁποῖον
1918 1267 1958 1304 τὸ
1989 1259 2070 1312 ἦθος
2092 1268 2153 1304 τοῦ
2190 1266 2358 1319 Χριστοῦ,

1333 1327 1392 1364 καὶ
1419 1331 1515 1368 ποῖος
1529 1329 1548 1364 ὁ
1563 1326 1700 1377 τρόπος.
1720 1326 1812 1365 Οὐδὲ
1838 1326 1906 1378 γὰρ
1925 1329 2027 1364 τοῦτο
2064 1326 2167 1376 μόνον
2194 1333 2359 1379 προεῖπεν

1333 1388 1395 1426 καὶ
1428 1387 1720 1439 προανεφώνησεν
1735 1417 1745 1434 ,
1783 1388 1873 1426 ἀλλὰ
1911 1388 1972 1425 καὶ
2011 1388 2104 1426 ἄλλα
2147 1387 2262 1426 πολλὰ
2291 1389 2360 1426 τῶν

1335 1448 1534 1500 μελλόντων
1563 1448 1774 1495 ἐκὸήσεσθαι
1801 1447 1891 1498 μετὰ
1920 1448 2054 1499 μακρὸν
2073 1448 2217 1502 ὕστερον
2236 1448 2361 1501 χρόνον

1333 1509 1617 1564 προανηγόρευσε
1643 1510 1735 1549 τότε.
1756 1509 1960 1562 Ἀγάγωμεν
1994 1509 2109 1548 τοίνυν
2139 1509 2272 1554 ἐκείνας
2300 1509 2363 1553 τὰς

1333 1573 1545 1626 προρρήσεις
1574 1575 1621 1617 εἷς
1653 1573 1783 1622 μέσον,
1804 1573 1870 1610 κᾶν
1899 1572 1974 1624 ἴδῃς
1999 1573 2035 1610 ἐν
2063 1570 2212 1614 ἐκείναις
2229 1571 2364 1624 ψευδό-

1335 1649 1461 1685 μενον,
1485 1633 1574 1684 μηδὲ
1605 1632 1738 1680 ταύτην
1775 1633 1971 1684 καταδέξῃ,
1993 1632 2083 1683 μηδὲ
2108 1632 2254 1684 νομίσῃς
2274 1626 2364 1671 εἶναι

1333 1695 1481 1742 πιστήν·
1520 1695 1559 1733 ἂν
1593 1695 1628 1734 δὲ
1667 1695 1744 1746 ἴδῃς
1788 1697 1824 1734 ἐν
1864 1695 1995 1733 ἅπασιν
2029 1694 2269 1742 ἀληθεύοντα,
2300 1695 2360 1731 καὶ

1332 1756 1464 1804 ταύτην
1489 1756 1586 1800 τέλος
1625 1758 1806 1809 εἰληφυῖαν
1835 1755 1898 1803 τὴν
1931 1755 2126 1807 πρόῤῥησιν
2142 1785 2152 1802 ,
2179 1753 2196 1775 ⁸³
2211 1755 2270 1793 καὶ
2303 1755 2363 1793 τὸν

1334 1818 1466 1869 ἄφατον
1499 1822 1742 1870 μαρτυροῦντα
1773 1816 1898 1870 χρόνον
1921 1819 1964 1868 τῇ
1997 1819 2066 1854 τῶν
2100 1816 2363 1868 προειρημένων

1334 1879 1494 1933 ἀληθεία,
1509 1879 1558 1930 μὴ
1580 1879 1809 1932 ἀναισχύντει
1827 1878 2046 1931 περαιτέρω,
2067 1878 2156 1928 μηδὲ
2177 1877 2365 1930 φιλονείκει

1333 1949 1411 1986 ταῖς
1428 1942 1528 1988 ἡλίου
1547 1941 1798 1994 φανερωτέροις
1819 1941 2038 1992 πράγμασιν.
2059 1940 2107 1979 Τι’
2123 1933 2180 1979 οὖν
2200 1939 2260 1978 καὶ
2279 1939 2366 1979 ἄλλο

1334 2009 1525 2057 προεῖπεν,
1551 2003 1695 2053 ἴδωμεν.
1731 2003 1936 2055 Προσῆλθεν
1971 2003 2066 2053 αὐτῷ
2096 2000 2201 2052 γυνὴ,
2225 1999 2366 2040 duea-

1336 2081 1438 2118 στρον
1484 2064 1594 2117 μύρου
1634 2064 1765 2116 ἔχουσα
1801 2062 1994 2113 πολυτίμου
2011 2092 2021 2109 ,
2053 2062 2113 2100 καὶ
2148 2062 2294 2114 κατέχεε
2327 2063 2368 2101 τὸ

1335 2126 1464 2164 ἔλαιον.
1495 2122 1740 2174 Ἐπετίμησαν
1774 2125 1806 2161 οἱ
1834 2122 1989 2173 μαθηταὶ
2016 2124 2065 2173 τῷ
2089 2121 2285 2174 γενομένῳ,
2304 2122 2367 2161 λε’-

1336 2202 1453 2239 γοντες
1468 2199 1476 2207 ·
1489 2185 1558 2224 Διὰ
1573 2185 1606 2223 τί
1624 2185 1674 2236 μὴ
1691 2185 1826 2238 ἐπράθη
1839 2188 1940 2223 τοῦτο
1954 2184 2163 2236 τριακοσίων
2177 2184 2366 2236 δηναρίων,

1337 2248 1398 2287 καὶ
1427 2247 1527 2295 ἐδόθη
1551 2252 1726 2299 πτωχοῖς,
1745 2247 1931 2297 Ἐγκαλῶν
1952 2245 2066 2283 τοίνυν
2103 2245 2242 2293 αὐτοῖς,
2275 2243 2368 2283 οὕτω

1339 2327 1414 2354 πως
1433 2309 1537 2361 φησίν
1552 2320 1561 2329 ·
1591 2308 1640 2347 Τί
1664 2306 1791 2352 κόπους
1812 2307 1987 2359 παρέχετε
2009 2308 2053 2358 τῇ
2083 2305 2248 2357 γυναικί,
2269 2305 2368 2358 ἔργον

1339 2372 1409 2424 γὰρ
1441 2371 1548 2409 καλὸν
1583 2368 1741 2416 ἐποίησε.
1763 2368 1865 2419 Λέγω
1891 2367 1960 2422 γὰρ
1981 2371 2076 2417 ὑμῖν,
2095 2367 2183 2406 ὅπου
2215 2367 2275 2406 ἐὰν
2303 2382 2372 2415 κη-

1343 2436 1452 2486 ρυχθῇ
1481 2431 1520 2469 τὸ
1539 2431 1742 2483 εὐαγγέλιον
1770 2434 1872 2469 τοῦτο
1891 2431 1939 2473 εἷς
1967 2435 2087 2467 πᾶσαν
2117 2428 2181 2475 τὴν
2207 2430 2296 2480 γῆν,
2312 2427 2372 2467 καὶ

1340 2496 1359 2535 ὃ
1388 2494 1551 2541 ἐποίησεν
1575 2493 1664 2539 αὕτη
1685 2491 1924 2538 λαληθήσεται
1945 2491 1991 2534 εἷς
2007 2490 2234 2541 μνημόσυνον
2248 2491 2369 2537 αὐτῆς.

1340 2551 1416 2609 Ἆρ’
1434 2544 1491 2594 οἷν
1509 2553 1696 2608 ἐψεύσατο,
1716 2547 1739 2600 ἢ
1757 2554 1971 2601 ἠλήθευσεν;
1994 2551 2099 2589 ἔλαὸε
2119 2550 2217 2593 τέλος
2240 2554 2262 2598 ἡ
2282 2565 2370 2603 προ·

1341 2619 1492 2672 φητεία,
1519 2617 1542 2663 ἢ
1572 2615 1753 2664 διέπεσεν,
1777 2613 1980 2665 Ἐρώτησον
2007 2613 2066 2651 τὸν
2096 2611 2285 2651 Ἰουδαῖον·
2307 2611 2371 2650 κᾶν

1343 2679 1508 2732 μυριάκις
1543 2680 1780 2729 ἀναισχυντῇ,
1796 2676 1883 2728 πρὸς
1913 2674 1977 2721 τὴν
2010 2673 2205 2726 πρόρρησιν
2242 2674 2372 2722 ταύτην

1343 2741 1575 2792 ἀντιόλέψαι”
1589 2741 1656 2792 οὐχ
1671 2738 1752 2783 ἔξει.
1778 2737 1845 2776 Καὶ
1856 2736 1924 2789 γὰρ
1944 2737 1978 2774 ἐν
2000 2734 2204 2783 ἐκκλησίαις
2221 2736 2374 2781 ἁπάσαις

1344 2803 1514 2853 ἀκούομεν
1554 2800 1618 2848 τὴν
1642 2806 1790 2852 γυναῖκα
1819 2798 2062 2848 λαλουμένην,
2090 2797 2152 2836 καὶ
2182 2798 2374 2846 ἑστήκασιν

1345 2864 1529 2907 ἀκούοντες
1548 2861 1696 2909 ὕπατοι,
1717 2861 1933 2913 στρατηγοὶ,
1951 2860 2091 2910 ἄνδρες,
2111 2865 2295 2910 γυναῖκες,
2313 2874 2380 2903 πυ,

1347 2931 1514 2979 ριφανεῖς,
1531 2925 1716 2973 ἐπίσημοι,
1736 2922 1894 2974 λαμπροὶ
1907 2922 1942 2958 ἓν
1962 2921 2116 2964 ἁπάσαις
2128 2919 2271 2959 πόλεσιν
2288 2930 2296 2938 ·
2315 2918 2376 2957 καὶ

1345 2991 1499 3039 ὅπουπερ
1509 2988 1549 3024 ἃν
1562 2986 1669 3038 ἀφίκῃ
1685 2986 1746 3030 τῆς
1763 2983 1982 3032 οἰκουμένης,
1995 2982 2083 3032 μετὰ
2100 2981 2218 3028 πάσης
2227 2980 2379 3033 ἡσυχίας

1346 3049 1476 3092 πάντες
1501 3047 1664 3087 ἀκούουσι
1685 3049 1745 3083 τοῦ
1762 3046 1823 3090 τῆς
1839 3043 1999 3095 γυναικὸς
2019 3041 2306 3095 κατορθώματος,
2318 3041 2379 3080 καὶ

1348 3115 1411 3151 οὐκ
1427 3111 1502 3150 ἔστι
1523 3109 1627 3163 μέρος
1643 3109 1706 3154 τῆς
1719 3105 1922 3156 οἰκουμένης
1933 3135 1942 3151 ,
1959 3105 1976 3143 ὃ
1994 3105 2033 3143 τὸ
2044 3104 2230 3155 γενόμενον
2250 3102 2378 3154 ἠγνόη-

1351 3190 1423 3213 σεν.
1462 3172 1588 3212 Καίτοι
1614 3169 1716 3209 πόσοι
1747 3169 1903 3219 βασιλεῖς
1921 3166 2036 3205 πολλὰ
2060 3166 2120 3204 καὶ
2148 3164 2284 3217 μεγάλα
2310 3165 2382 3217 εἱρ-

1412 3305 1428 3328 l·
1453 3304 1588 3337 Plurimi
1614 3302 1692 3334 Mas.
1721 3304 1768 3334 καὶ
1799 3305 1849 3334 τὸν
1873 3305 1989 3343 &patros
2019 3301 2234 3343 μαρτυροῦντα
2261 3303 2378 3340 χρόνον.

323 3352 366 3378 's‘
395 3351 455 3378 ὀἷ’
479 3352 605 3388 ἵκᾞμῐν·
633 3348 731 3390 {Male
757 3349 842 3381 Etltl.
870 3358 988 3395 ἀχομιυ.
1015 3354 1142 3387 Pontici
1171 3356 1214 3388 ub
1233 3359 1336 3400 όταν.)
1369 3355 1487 3391 Mori-l.
1508 3359 1735 3401 μαρτυροῦσαν.

323 3397 395 3427 &lox
415 3408 496 3429 unu·
513 3397 598 3429 Cud.
620 3403 717 3441 ’ἷιττνρ
736 3404 771 3433 -ιῦ
791 3406 877 3434 πάλιν
908 3409 942 3435 ἂν
971 3409 1020 3437 (Em
1045 3422 1100 3449 μνυ
1131 3411 1334 3453 ψιυδομέιουι-

1417 3419 1430 3433 ·
1461 3407 1524 3441 Alii
1542 3413 1594 3450 ⁰21
1614 3401 1837 3448 eanmund.
1857 3405 1905 3436 031
1925 3402 2014 3444 ἔχω]
