2513 3871
318 215 375 244 90
757 212 795 241 S.

112 295 224 323 ΜΛΝ·
249 305 292 333 ’7-
313 296 369 334 bis
397 294 606 334 ostenditur.
641 292 739 341 Quid
768 292 862 330 enini
895 291 977 330 ait?
1013 291 1266 343 Resplenduit

111 345 141 364 ²'
313 359 410 394 sicut
446 356 515 394 sol.
554 352 890 406 Incorruptibilium
923 361 1041 390 autem
1076 366 1266 404 corporum

312 416 426 466 gloria
450 429 518 452 nou
540 423 673 452 tantam
690 413 819 451 emittit
838 412 969 460 lucem,
993 421 1162 464 quantam
1182 426 1266 450 cor-

313 491 380 529 pus
394 477 459 514 hoc
471 474 714 528 corruptibile,
728 489 841 526 neque
855 475 960 512 talem
970 483 1007 512 ut
1019 488 1037 512 a
1054 473 1267 512 mortalibus

312 537 424 575 oculis
444 536 557 574 videri
573 536 703 589 possit;
721 535 782 573 sed
804 535 1141 588 incorruptibilibus
1154 544 1187 573 ct
1201 535 1267 574 im-

313 597 523 635 mortalibus
535 597 649 635 oculis
667 606 717 634 est
733 610 824 649 opus
842 596 887 634 ad
902 597 978 648 ejus
996 596 1265 649 contemplatio-

311 672 405 696 nem.
421 660 460 697 In
477 667 596 696 monte
609 667 727 696 autem
743 666 875 695 tantam
891 658 978 709 ipsis
992 658 1142 710 aperuit,
1155 672 1266 709 quau-

311 728 383 757 tam
399 720 476 758 sine
489 720 674 758 oculorum
693 719 832 757 tunsione
853 719 943 756 serre
958 728 1117 772 poterant
1131 735 1138 756 :
1153 734 1266 771 neque

312 790 429 819 tamen
449 781 619 819 sustinere
638 789 845 834 potuerunt,
861 781 922 819 sed
938 781 1141 819 ceciderunt
1158 781 1191 819 in
1209 782 1262 819 sa·

311 843 400 880 ciem
417 857 531 882 suam.
550 843 616 881 Dic
631 842 734 891 mihi,
752 856 886 893 quzeso,
903 842 931 880 si
948 842 1029 894 quis
1042 851 1076 880 te
1091 843 1126 880 in
1146 842 1262 880 locum

310 902 502 954 quemdam
522 902 751 956 splendidum
772 902 972 950 induceret,
992 904 1054 941 uhi
1070 917 1191 942 omnes
1205 918 1264 942 se-

311 963 436 1002 derent
454 965 571 1002 aureis
594 963 709 1002 induti
731 964 903 1011 vestibus,
925 973 959 1002 et
979 964 1014 1002 in
1036 963 1153 1002 medio
1173 974 1264 1003 coetu

311 1025 423 1063 atium
444 1025 656 1072 ostenderet,
676 1025 737 1076 qui
757 1034 790 1063 et
811 1035 944 1064 vestem
963 1035 995 1063 et
1015 1025 1140 1078 capitis
1160 1039 1266 1064 coro-

312 1100 394 1124 nam
416 1087 559 1125 haberet
572 1101 614 1125 ex
635 1086 819 1139 lapidibus
836 1095 973 1124 tantum
992 1086 1154 1139 pretiosis
1173 1101 1267 1125 coin-

310 1156 445 1200 pactas‚
473 1147 673 1199 deindeque
697 1148 926 1201 polliceretur
953 1157 987 1186 te
1012 1148 1047 1185 in
1077 1162 1265 1186 numerum

310 1209 421 1261 hujus
442 1210 567 1262 populi
587 1209 854 1260 adscripturum
871 1223 965 1261 esse3
985 1223 1100 1248 annon
1121 1209 1267 1260 quidvis

309 1270 453 1317 faceres,
475 1279 512 1307 ut
534 1270 603 1307 tale
620 1271 836 1321 promissum
858 1271 1137 1320 consequerere?
1158 1272 1266 1322 Aperi

309 1344 403 1368 nunc
419 1330 553 1373 ocutos,
572 1338 604 1368 et
625 1329 716 1367 illud
738 1330 872 1382 respice
891 1330 1085 1378 theatrum,
1107 1344 1176 1368 non
1191 1331 1267 1368 hu-

305 1390 466 1443 jusmodi
488 1390 576 1428 viris
591 1391 870 1442 frequentatum,
888 1390 950 1429 sed
966 1391 1022 1440 iis,
1043 1391 1104 1442 qui
1118 1400 1264 1442 etauro,

305 1461 339 1490 et
373 1451 558 1505 lapidibus
584 1452 769 1505 pretiosis,
799 1461 832 1490 et
861 1452 972 1490 radiis
1002 1453 1200 1502 solaribus,
1231 1464 1264 1492 et

305 1511 404 1550 omni
425 1511 486 1563 qui
514 1511 583 1549 sub
607 1521 788 1564 aspectum
811 1510 906 1549 cadit
927 1511 1133 1563 splendore,
1160 1512 1264 1564 longe

306 1572 488 1624 digniores
503 1581 607 1622 sunt;
625 1586 694 1610 non
711 1572 915 1610 hominibus
931 1572 1054 1619 modo,
1077 1572 1140 1612 sed
1156 1575 1263 1613 etiam

305 1635 350 1673 iis
370 1635 430 1685 qui
451 1633 612 1672 homines
632 1634 747 1672 multo
766 1634 882 1686 spatio
900 1635 1130 1681 antecellunt,
1150 1649 1262 1687 ange-

305 1695 350 1733 lis
374 1709 518 1747 nempe,
547 1693 790 1746 archangelis,
816 1694 976 1742 thronis,
1001 1694 1261 1734 dominationi·

303 1755 390 1804 bus,
411 1755 688 1808 principatibus,
712 1756 960 1808 potestatibus.
989 1758 1043 1794 De
1061 1770 1141 1808 rege
1161 1771 1263 1796 nam-

302 1831 390 1867 que,
421 1816 540 1868 qualis
569 1815 615 1854 sit
652 1830 694 1854 ne
720 1816 839 1854 dicere
871 1816 1018 1868 quidem
1046 1831 1258 1869 possumus;

303 1878 391 1916 adeo
414 1891 613 1917 sermonem
634 1886 667 1916 et
687 1887 840 1916 mentem
861 1892 1001 1916 omnem
1022 1878 1163 1917 excedit
1183 1881 1259 1931 ejus

302 1939 552 1991 pulchritudo,
575 1939 722 1992 species,
742 1939 924 1992 splendor,
940 1940 1067 1992 gloria,
1082 1941 1259 1993 majestas,

303 2001 581 2053 magnificentia.
603 2002 720 2039 Totne
738 2001 860 2050 bonis,
881 2000 940 2040 dic
960 2002 1049 2039 mihi
1063 2033 1073 2052 ,
1097 2016 1160 2040 nos
1181 2004 1258 2054 pri-

302 2062 490 2110 vabimus,
513 2072 552 2100 ut
576 2062 793 2100 declinemus
813 2062 934 2114 exigui
955 2064 1125 2116 temporis
1152 2064 1258 2103 labo-

303 2123 514 2162 1·cm?Nam
535 2124 563 2161 si
586 2123 716 2161 millies
732 2123 1136 2174 quotidiewnoriendum
1152 2135 1256 2171 esset,

302 2184 330 2222 si
357 2183 516 2236 gehenna
538 2184 614 2235 ipsa
634 2185 841 2222 sustinenda
866 2186 978 2232 soret,
1009 2195 1047 2224 ut
1074 2186 1257 2225 Christum

302 2244 337 2282 in
364 2244 477 2295 gloria
496 2259 558 2283 sua
580 2245 777 2282 venientem
795 2245 1102 2298 conspiceremus,
1122 2257 1155 2285 et
1175 2262 1255 2285 san-

302 2314 439 2344 ctorum
463 2306 570 2344 choro
586 2320 917 2354 annumeraremur,
937 2321 1052 2346 nonne
1067 2309 1183 2347 omnia
1197 2309 1257 2347 itta

302 2367 446 2405 serenda
465 2368 608 2406 essent?
625 2368 719 2405 Audi
739 2368 830 2419 quid
847 2368 941 2407 dicat
958 2370 1083 2408 beatus
1102 2372 1227 2409 Petrus
1245 2386 1254 2408 ε

97 2443 210 2473 natm,
239 2453 286 2483 ,7,
308 2429 456 2466 Bonum
478 2436 533 2466 esc
557 2442 625 2466 nos
645 2429 708 2466 hic
727 2442 822 2466 esse.
844 2429 950 2475 Quod
972 2429 1001 2467 si
1028 2431 1089 2469 ille
1108 2431 1258 2469 obscura

97 2484 129 2524 4·
302 2489 459 2541 quadam
488 2499 672 2541 conspecta
701 2491 903 2528 futurorum
934 2491 1111 2543 imagine,
1139 2493 1259 2531 omnia

303 2551 426 2588 statim
453 2549 572 2602 rejecit
598 2550 644 2588 ab
667 2551 807 2596 animo,
837 2551 884 2589 ob
905 2552 1054 2590 inditam
1078 2567 1096 2590 a
1117 2554 1178 2591 tali
1200 2554 1258 2592 vi-

304 2611 401 2649 sione
419 2611 640 2663 voluptatem
660 2627 668 2648 :
688 2611 776 2662 quid
795 2611 935 2651 dicetur
953 2614 1097 2664 quando
1116 2614 1191 2667 ipsa
1209 2629 1258 2654 re-

305 2686 385 2710 rum
405 2673 536 2710 veritas
555 2672 690 2722 aderit,
714 2673 870 2724 quando,
891 2675 1023 2725 apertis
1042 2675 1150 2727 regiis
1169 2676 1258 2714 mdi-

303 2730 385 2777 bus,
413 2731 530 2784 ipsum
551 2739 668 2783 regem
691 2734 893 2786 conspicere
912 2734 1049 2785 licebit,
1072 2750 1140 2774 non
1161 2737 1256 2776 ultra

304 2790 340 2829 in
360 2793 561 2844 :enigmate‚
583 2808 695 2844 neque
713 2809 775 2847 per
793 2796 978 2848 speculum
992 2827 1001 2845 ,
1024 2797 1086 2836 sed
1107 2798 1194 2836 facie
1210 2799 1255 2837 ad

303 2852 427 2890 faciem
441 2884 450 2900 ,
469 2867 536 2891 non
560 2854 651 2892 ultra
679 2870 741 2907 per
759 2856 884 2906 sidem,
907 2857 969 2896 sed
987 2872 1048 2910 per
1071 2859 1256 2911 speciem?

162 2933 289 2962 Ami-«io
361 2915 421 2953 12.
446 2914 554 2952 Multi
572 2929 655 2952 sanc
673 2925 767 2962 sunt,
783 2917 843 2967 qui
861 2918 1018 2957 absurdo
1033 2919 1169 2971 judicio
1186 2921 1254 2969 usi,

99 2979 182 3043 :tini
208 2977 288 3042 εἶθ·-
304 2989 323 3012 a
351 2975 507 3025 gehenna
529 2977 643 3014 solum
666 2977 810 3016 liberari
830 2978 1034 3018 desiderant
1060 2997 1067 3017 :
1086 2995 1150 3032 ego
1174 2996 1257 3021 vero

128 3028 135 3043 Ι
209 3030 221 3043 -Ι
236 3029 273 3044 ‘lo

97 3028 290 3087 ιίυνξίῐιεῐιιῖ

100 3102 236 3129 cunibus.

347 3195 364 3221 d
391 3194 492 3228 savit.
513 3203 543 3228 et
571 3208 653 3228 unus
669 3201 829 3241 ,Ξὶαέἧναμ
855 3199 956 3232 Paulo
976 3200 1200 3244 [estquidam
1230 3202 1309 3234 Mss.

835 210 882 241 JO
896 208 1020 240 txsts
1057 206 1299 240 CHRYSOST.

1290 848 1313 876 l)

1277 2044 1310 2068 17

1341 209 1363 238 Λ
1373 207 1529 240 RClllFJ‘
1538 230 1547 240 .
1585 209 1926 242 CONSTANTINOP
1935 229 1945 240 .

1341 291 1460 330 νέσθαι
1482 292 1662 345 χωρητὸν,
1685 293 1774 331 ἀλλὰ
1791 293 1975 345 ἀφθάρτων
1995 293 2053 331 καὶ
2080 294 2260 332 ἀθανάτων
2285 293 2362 333 δεό-

1343 368 1444 403 μενον
1459 355 1647 405 ὀφθαλμῶν
1662 355 1747 404 πρὸς
1764 354 1828 400 τὴν
1845 354 1924 392 θέαν
1942 355 2056 393 αὐτοῦ.
2070 355 2162 394 Τότε
2178 354 2214 394 δὲ
2231 355 2288 394 ἐπὶ
2301 360 2362 393 τοῦ

1340 415 1439 466 ὄρους
1457 418 1620 453 τοσοῦτον
1641 417 1756 458 αὐτοῖς
1771 415 2010 467 ἀπεκάλυψεν,
2023 416 2101 454 ὅσον
2118 417 2201 454 ἰδεῖν
2219 416 2361 454 δυνατὸν

1341 470 1396 522 ἦν,
1412 477 1471 514 καὶ
1492 476 1540 526 μὴ
1553 475 1569 496 ‘¹
1588 477 1721 527 βλάψαι
1741 475 1803 519 τὰς
1820 478 1888 513 τῶν
1901 476 2061 528 ὁρώντων
2080 478 2187 529 ὄψεις·
2205 478 2265 515 καὶ
2284 477 2361 514 οὐδὲ

1340 537 1449 580 οὕτως
1478 538 1651 588 ἤνεγκαν,
1679 536 1758 574 ἀλλ’
1780 536 1902 575 ἔπεσον
1931 537 1988 575 ἐπὶ
2011 537 2198 588 πρόσωπον
2230 539 2359 575 αὐτῶν.

1342 598 1433 636 Εἰπέ
1453 614 1530 648 μοι,
1550 598 1581 635 εἴ
1604 598 1656 641 τίς
1680 613 1719 635 σε
1740 599 1788 640 εἷς
1812 597 1918 636 τόπον
1942 599 2019 636 τινὰ
2039 598 2183 650 φαιδρὸν
2209 598 2359 648 ἤγαγεν,

1341 659 1421 697 ἔνθα
1438 660 1565 702 πάντες
1585 659 1753 705 ἐκάθηντο
1770 666 1904 710 χρυσᾶς
1923 658 2203 710 ἀναίεὸλημένοι
2222 659 2360 704 στολὰς,

1341 722 1400 759 καὶ
1424 722 1459 758 ἐν
1489 721 1586 773 μέσῳ
1611 723 1661 771 τῷ
1689 720 1816 766 πλήθει
1841 720 1957 771 ἕτερόν
1984 736 2063 758 τινα
2091 720 2262 765 ἐπέδειξεν
2291 719 2361 758 ἀπὸ

1340 781 1445 818 λίθων
1464 781 1591 831 τιμίων
1611 781 1715 831 μόνον
1739 780 1799 819 καὶ
1818 781 1863 820 τὰ
1882 780 2007 832 ἱμάτια
2026 782 2086 819 καὶ
2104 781 2163 820 τὸν
2191 780 2359 833 στέφανον

1339 841 1464 894 ἔχοντα
1480 842 1537 880 τὸν
1561 842 1618 880 ἐπὶ
1634 845 1696 888 τῆς
1711 844 1884 895 κεςαλῆς,
1906 837 1981 880 εἶτά
2001 858 2039 880 σε
2060 842 2294 894 ἐπηγγείλατο
2314 844 2361 885 εἰς

1339 905 1468 942 ἐκεῖνον
1485 903 1678 948 κατατάξαι
1696 905 1755 943 τὸν
1775 905 1899 955 δ’ἧμον,
1917 900 1974 958 ἀρ’
1989 907 2050 943 οὐκ
2064 905 2104 942 ἂν
2123 903 2239 942 πάντα
2252 903 2360 956 ἔπρα·

1341 965 1411 1012 ξας,
1430 965 1520 1020 ὥστε
1540 968 1602 1011 τῆς
1622 966 1833 1018 ἐπαγγελίας
1851 965 1980 1013 ταύτης
2000 972 2118 1018 τυχεῖν
2136 982 2145 1012 ;
2166 965 2362 1004 Ἀναπέτα-

1342 1042 1400 1064 σον
1415 1021 1472 1066 οὗν
1487 1028 1547 1065 καὶ
1561 1032 1618 1066 νῦν
1633 1029 1682 1078 τῷ
1699 1031 1748 1080 νῷ
1764 1026 1841 1071 τοὺς
1857 1028 2068 1080 ὀφθαλμοὺς,
2089 1028 2149 1066 καὶ
2165 1027 2294 1080 βλέψον
2312 1028 2362 1070 εἰς

1341 1090 1451 1126 ἐκεῖνο
1469 1088 1509 1126 τὸ
1527 1088 1690 1141 θέατρον,
1717 1092 1779 1126 οὐκ
1800 1089 1869 1127 ἀπὸ
1888 1093 1957 1127 τῶν
1979 1089 2145 1127 τοιούτων
2171 1089 2362 1140 συγκείμε-

1340 1167 1397 1188 νον
1413 1150 1560 1198 ἀνδρῶν,
1577 1151 1655 1187 ἀλλ’
1677 1152 1738 1188 ἀπ’
1756 1150 1911 1195 ἐκείνων,
1932 1150 1965 1188 οἳ
1984 1152 2044 1189 καὶ
2062 1155 2121 1189 τοῦ
2139 1154 2282 1203 χρυσοῦ,
2303 1151 2362 1189 καὶ

1340 1216 1408 1250 τῶν
1423 1211 1528 1248 λίθων
1544 1213 1612 1249 τῶν
1629 1211 1769 1261 τιμίων,
1787 1212 1844 1249 καὶ
1859 1214 1927 1249 τῶν
1949 1213 2097 1251 ἀκτίνων
2112 1215 2180 1250 τῶν
2195 1213 2364 1258 ἡλιακῶν,

1340 1273 1400 1312 καὶ
1415 1273 1529 1319 πάσης
1548 1277 1610 1319 τῆς
1624 1274 1802 1326 ὁρωμένης
1818 1274 2046 1326 φαιδρότητός
2063 1276 2129 1312 εἰσι
2147 1273 2364 1325 τιμιώτεροι,

1340 1334 1400 1372 καὶ
1422 1335 1484 1372 οὐκ
1511 1335 1546 1378 ἐξ
1567 1334 1760 1386 ἀνθρώπων
1787 1335 1822 1373 δὲ
1847 1335 1974 1386 μόνον,
1998 1335 2089 1374 ἀλλᾶ
2114 1336 2174 1374 καὶ
2198 1336 2268 1374 ἀπὸ
2290 1338 2359 1373 τῶν

1339 1398 1352 1414 ²
1370 1395 1491 1447 πολλῷ
1510 1394 1641 1433 τούτων
1659 1396 1807 1446 τιμιωτέ
1812 1411 1896 1449 ρων,
1918 1396 2074 1448 ἀγγέλων
2088 1427 2096 1441 ,
2119 1396 2363 1449 ἀρχαγγέλων,

1339 1455 1483 1508 θρόνων,
1503 1456 1732 1507 κυριοτήτων,
1755 1459 1887 1509 ἀρχῶν,
1909 1457 2082 1502 ἐξουσιῶν.
2099 1458 2189 1509 Περὶ
2210 1457 2280 1509 γὰρ
2303 1459 2363 1495 τοῦ

1341 1517 1514 1568 βασιλέως
1541 1517 1618 1556 οὐδὲ
1639 1519 1748 1556 εἰπεῖν
1773 1519 1822 1556 ἔνι
1845 1513 1914 1562 οἶός
1943 1521 2058 1557 ἐστιν·
2087 1518 2194 1563 οὕτως
2222 1519 2362 1557 ἅπαντα

1337 1579 1439 1628 λόγον
1456 1579 1516 1617 καὶ
1536 1583 1613 1618 νοῦν
1633 1581 1744 1618 ἐκεῖνο
1765 1579 1940 1632 διαφεύγει
1961 1581 2000 1619 τὸ
2021 1581 2167 1627 κάλλος,
2188 1582 2210 1626 ἡ
2230 1578 2362 1632 ὡραιό-

1336 1655 1411 1687 της,
1428 1643 1449 1686 ἠ
1470 1641 1691 1692 λαμπρότης,
1708 1644 1729 1686 ἡ
1753 1640 1847 1688 δόξα,
1862 1644 1883 1687 ἡ
1906 1641 2151 1693 μεγαλωσύνη,
2168 1644 2190 1687 ἡ
2212 1642 2361 1691 μεγαλο-

1334 1700 1499 1753 πρέπεια.
1517 1701 1704 1740 Τοσούτων
1721 1696 1777 1739 οἶν
1797 1704 1936 1753 ἀγαθῶν
1953 1701 1964 1723 ¹
1978 1702 2266 1753 ἀποστερήσομεν
2280 1703 2360 1739 ἑαυ-

1334 1763 1413 1806 τοὺς
1427 1793 1436 1810 ,
1457 1762 1533 1801 εἶπέ
1557 1778 1636 1811 μοι,
1657 1762 1713 1801 ἵνα
1731 1762 1779 1813 μὴ
1802 1763 1925 1815 μικρὸν
1946 1765 2253 1814 κακοπαθησωμεν
2275 1763 2362 1815 χρό-

1334 1841 1412 1871 νον,
1439 1827 1482 1863 lit
1501 1824 1569 1877 γὰρ
1591 1824 1734 1877 μυρίους
1757 1825 1836 1863 καθ’
1856 1826 2006 1871 ἑκάστην
2032 1825 2169 1877 ἡμέραν
2189 1826 2359 1869 θανάτους

1335 1885 1522 1937 ὑπομένειν
1543 1889 1665 1939 ἐχρῆν,
1688 1888 1716 1923 εἷ
1736 1887 1804 1939 γὰρ
1824 1886 1888 1934 τὴν
1899 1888 2040 1938 γέενναν
2056 1887 2178 1933 αὐτὴν,
2196 1886 2284 1940 ὑπὲρ
2299 1891 2359 1925 τοῦ

1336 1948 1394 1987 τὸν
1418 1949 1568 1999 Χριστὸν
1594 1947 1784 2000 ἐρχόμενον
1809 1950 1893 1986 ἰδεῖν
1915 1952 1950 1988 ἐν
1971 1952 2013 2001 τῇ
2043 1948 2122 2000 δόξῃ
2151 1950 2278 1996 αὐτοῦ,
2301 1948 2360 1987 καὶ

1336 2011 1383 2054 εἷς
1408 2011 1465 2049 τὸν
1499 2011 1568 2047 τῶν
1602 2009 1710 2061 ἁγίων
1741 2012 1979 2061 καταλεγῆναι
2004 2010 2132 2062 χορὸν,
2161 2011 2224 2048 οὐκ
2251 2012 2359 2062 ἐχρῆν

1335 2072 1473 2109 ἅπαντα
1490 2070 1675 2121 ὑπομένειν
1696 2072 1834 2117 ἐκεῖνα;
1851 2069 2015 2109 Ἄκουσον
2030 2071 2064 2107 τί
2078 2086 2183 2122 φησιν
2203 2074 2222 2109 ὁ
2241 2070 2357 2121 μακά-

1336 2148 1405 2183 ριος
1425 2132 1568 2184 Πέτρος·
1588 2131 1703 2169 Καλόν
1724 2132 1818 2168 ἐστιν
1834 2135 1928 2181 ἡμᾶς
1948 2125 2015 2169 ὧδε
2033 2125 2131 2169 εἶναι.
2152 2133 2196 2169 Ei
2215 2130 2251 2169 δὲ
2271 2132 2356 2169 ἐκεῖ·

1333 2209 1389 2237 νος
1411 2193 1570 2245 ἀμυδράν
1590 2208 1668 2230 τινα
1688 2195 1757 2229 τῶν
1779 2193 1976 2243 μελλόντιιιν
1998 2192 2114 2230 εἷκόνα
2138 2191 2218 2230 ἰδὼν
2240 2192 2358 2230 πάντα

1333 2253 1494 2306 ἐξαίφνης
1524 2254 1661 2307 ἔρριψεν
1695 2253 1763 2291 ἀπὸ
1787 2255 1849 2298 τῆς
1877 2256 1993 2305 ψυχης
2018 2252 2075 2291 διὰ
2105 2253 2169 2300 τὴν
2198 2254 2267 2292 ἀπὸ
2293 2256 2356 2299 τῆς

1333 2316 1444 2368 ὅψειιις
1467 2314 1602 2360 ἐκείνης
1620 2314 1748 2361 ἡδονὴν
1775 2316 1879 2352 αὐτοῦ
1904 2315 2097 2352 ἐντεθεῖσαν
2123 2317 2166 2366 τῇ
2185 2315 2281 2366 ψυχῇ
2295 2329 2302 2337 ·
2321 2314 2355 2351 τί

1334 2377 1375 2415 ἄν
1402 2393 1454 2420 τις
1478 2377 1591 2423 εἴποι,
1614 2375 1697 2414 ὅταν
1720 2374 1808 2422 αὐτὴ
1832 2378 1901 2413 τῶν
1925 2374 2144 2427 πραγμάτων
2166 2380 2186 2423 ἡ
2209 2375 2356 2423 ἀλήθεια

1334 2437 1590 2490 παραγένηται,
1613 2437 1714 2483 ὅταν,
1731 2439 1799 2474 τῶν
1826 2436 2010 2487 βασιλείων
2035 2436 2240 2488 ἀνοιγέντων
2255 2467 2264 2485 ,
2286 2452 2355 2475 κα-

1333 2498 1513 2537 τοπτεύειν
1548 2498 1606 2549 ἐξῇ
1640 2498 1698 2535 τὀν
1726 2497 1874 2548 βασιλέα
1903 2497 2024 2543 αὐτὸν,
2049 2497 2177 2547 μηκέτι
2204 2500 2239 2536 ἐν
2265 2498 2353 2536 αἰνί-

1334 2576 1463 2611 γματι,
1490 2559 1577 2609 μηδὲ
1603 2563 1617 2578 ‘¹
1644 2559 1687 2595 δι’
1716 2558 1908 2609 ἐσόπτρου,
1931 2557 2020 2594 ἀλλὰ
2049 2558 2236 2608 πρόσωπον
2269 2560 2355 2612 πρὸς

1333 2621 1540 2673 πρόσωπον,
1557 2618 1683 2670 μηκέτι
1704 2617 1760 2655 διὰ
1775 2618 1938 2666 πίστεως,
1955 2618 2045 2657 ἀλλὰ
2059 2619 2116 2656 διὰ
2137 2620 2262 2668 εἴδους;

1383 2925 1430 2962 Οἱ
1446 2923 1508 2973 μὲν
1524 2918 1581 2961 οὖν
1596 2922 1718 2962 πολλοὶ
1739 2924 1807 2959 τῶν
1821 2922 2048 2975 ἀλογωτέρως
2069 2923 2297 2974 διακειμένων
2312 2924 2353 2962 τὸ

1331 2986 1393 3029 τῆς
1412 2984 1550 3035 γεέννης
1570 2985 1819 3034 ἀπαλλαγῆναι
1846 2984 2027 3034 ἀγαπητὸν
2047 2984 2197 3023 τίθενται
2226 2985 2329 3035 μόνον
2345 3001 2352 3008 ·

305 3036 463 3088 gehenna
484 3037 595 3075 multo
613 3038 811 3088 graviorem
826 3054 899 3078 esse
916 3055 1054 3093 poenam
1071 3051 1172 3094 puto,
1188 3056 1257 3082 non
1284 3053 1306 3083 u
1333 3044 1401 3096 ἐγὼ
1422 3045 1457 3083 δὲ
1482 3048 1542 3091 τῆς
1559 3044 1698 3096 γεέννης
1720 3045 1840 3097 πολλῷ
1865 3045 2116 3098 χαλεπωτέραν
2141 3044 2284 3083 κόλασιν
2306 3039 2352 3083 εἶ-

1387 3203 1402 3229 s
1425 3202 1527 3235 Savil.
1543 3211 1575 3234 et
1592 3214 1674 3235 unus
1699 3211 1775 3246 post
1799 3209 1917 3246 ἀ-,αῦῶν
1939 3202 2070 3237 addunt
2087 3209 2134 3239 καὶ
2158 3207 2349 3243 τηλικούτω-

303 3254 420 3284 (rreum.
442 3247 530 3280 thid.
552 3253 648 3283 νὶτῶυ
664 3249 755 3281 «lec-st
789 3252 820 3282 iu
839 3263 904 3284 uuo
930 3252 1015 3285 cod.
1042 3252 1132 3286 lbid.
1159 3254 1261 3287 Sm'il.
1278 3263 1311 3287 ct
1345 3256 1419 3288 Mox
1436 3255 1537 3289 Smit.
1551 3264 1583 3288 ct.
1599 3256 1736 3299 quidum
1752 3257 1826 3289 Mss.
1842 3261 2020 3300 πονὲσωμεν,
2035 3256 2153 3290 Morcl.
2175 3264 2210 3290 et.
2225 3256 2281 3291 ulii
2297 3274 2350 3292 xz-

303 3313 386 3334 uuus
401 3307 463 3335 atrei
477 3316 528 3344 μοι
543 3304 584 3341 Ei,
603 3307 631 3335 ιῖ
641 3307 681 3340 r}-
694 3317 723 3336 οι
747 3309 783 3340 εἰς
797 3308 923 3348 θέατρον
942 3312 1060 3348 ἤγαγεν,
1077 3306 1121 3339 nl.
1147 3313 1309 3350 εἰσήγαγε-ι.
1345 3315 1573 3351 γοηιθνρπωμεν.
1594 3308 1694 3341 t’auto
1711 3317 1787 3351 post.
1802 3309 1869 3342 (luo
1884 3310 1962 3344 tusa.
1979 3312 2134 3354 ὑπομένειν
2149 3317 2222 3355 χρή.

343 3364 357 3379 ·
382 3354 438 3386 Sit·
455 3352 557 3388 savit,
574 3361 605 3386 et
621 3353 717 3386 (joth.
737 3366 830 3388 nnus.
847 3356 962 3391 moret.
990 3369 1067 3391 vero
1090 3366 1121 3391 et
1145 3358 1199 3392 alii
1220 3364 1305 3394 πολὺ,

1387 3369 1400 3384 ι
1424 3359 1585 3392 DuuMss.
1607 3364 1634 3392 ἐν
1649 3365 1792 3404 bingam.
