2253 3830
46 213 105 242 th
814 203 858 231 D·
900 205 937 232 B.
979 203 1035 232 DF.
1074 202 1377 233 MONTFAUCON

44 298 317 346 Oppugnatores
337 290 418 326 vitae
440 285 660 330 monasticae,
679 283 764 321 libri
785 283 832 322 ad
853 285 1076 322 Demetrium
1091 313 1100 328 ‚
1118 284 1164 323 ad
1183 285 1423 331 stelechium,
1446 284 1491 323 ad
1516 285 1733 338 Stagirium,
1754 285 1799 326 de
1817 287 2105 327 subintroductis
2119 317 2129 333 ,

44 356 89 394 de
111 354 342 406 virginitate,
367 350 412 388 ad
442 349 600 388 Viduam
624 347 805 400 juniorem
821 362 828 383 :
843 346 1039 387 secuudum
1058 349 1228 400 temporis
1243 348 1369 387 seriem
1385 347 1555 386 accedunt
1574 348 1660 386 libri
1676 348 1723 387 de
1742 349 1962 397 sacerdotio,
1980 351 2131 390 homilia

45 432 125 455 cum
157 416 343 469 presbyter
374 412 441 450 suit
473 409 685 459 ordinatus;
718 408 763 446 de
795 409 1157 462 Incomprehensibili
1191 419 1226 448 et
1253 418 1375 448 contra
1409 411 1592 448 Anomaeos
1619 409 1784 448 Homiliae
1810 411 1898 459 XII,
1920 420 2041 450 contra
2060 413 2131 452 Ju-

43 480 139 518 daeos
160 479 246 517 Vlll
264 494 272 523 ;
300 474 465 513 Homiliae
484 472 529 511 de
552 471 727 511 Kalendis
745 480 779 510 et
803 470 849 510 de
870 472 1002 511 Lazaro
1022 473 1097 524 jam
1119 481 1211 514 octo.
1233 473 1297 511 Hae
1318 485 1402 510 vero
1421 471 1578 523 primum
1601 481 1736 511 tomum
1756 473 1959 512 absolvunt.
1978 475 2038 513 Ex
2065 475 2131 514 hac

43 542 159 595 prima
184 539 293 578 classe
322 537 356 574 in
377 534 532 575 secundo
553 544 648 573 tomo
671 533 838 572 Homiliae
863 532 955 573 XXI
974 533 1011 572 in
1031 534 1188 582 Statuas,
1213 535 1409 573 catecheses
1428 533 1525 584 dua),
1548 543 1616 573 tres
1633 534 1678 573 de
1696 535 1848 574 Diabolo
1867 545 2040 576 tentatore
2057 537 2129 576 ho—

43 604 172 649 miliat,
195 611 228 640 et
245 614 373 640 novem
390 599 435 638 de
450 598 673 638 Poenitentia.
696 599 774 636 Huc
791 596 923 636 desinit
938 597 1054 650 prima
1070 598 1294 650 classis,quae
1309 597 1354 635 ad
1371 597 1531 636 medium
1550 597 1659 636 ferme
1673 599 1821 638 secundi
1841 600 1927 638 tomi
1947 602 2130 653 pertingit.

41 665 206 706 Secunda
227 663 352 703 classis
371 671 424 701 est
442 661 653 701 concionum
671 660 973 713 panegyricarum
992 661 1037 699 de
1057 662 1155 700 sestis
1174 661 1318 700 Domini
1338 660 1449 699 nostri
1468 663 1550 700 Jesu
1571 661 1719 701 Christi.
1742 662 1905 701 Homiliae
1921 663 1958 701 in
1979 663 2130 702 Paulum

40 738 76 767 et
92 729 129 766 in
148 727 307 779 reliquos
321 727 490 766 Sanctos:
511 724 565 762 hae
579 722 778 762 seeundum
799 721 973 761 claudunt
991 732 1145 761 tomum.
1162 723 1286 762 Tertia
1306 723 1427 761 classis
1443 731 1494 761 est
1509 722 1740 762 homiliarum
1754 738 1834 775 quae
1850 738 1896 763 ex
1907 725 2018 764 variis
2037 726 2132 765 Scri-

41 800 156 843 pturae
185 789 358 829 clausulis
386 796 637 839 argumentum
663 794 895 835 mutuantur,
913 785 968 824 hae
1000 800 1086 824 vero
1119 786 1347 839 occupabunt
1376 785 1530 838 priorem
1559 795 1697 838 partem
1727 788 1816 825 tomi
1848 787 1958 826 tertii.
1991 788 2128 836 Quarta

41 852 165 891 classis
184 861 236 890 est
253 850 506 904 opusculorum
527 848 574 887 ad
602 857 720 886 motus
740 848 1172 900 Constantinopolitanos,
1189 858 1222 887 et
1251 848 1297 886 ad
1318 857 1509 900 utrumque
1529 849 1570 887 S.
1596 848 1742 888 Joannis
1760 848 2008 903 chrysostomi
2028 851 2130 890 exsi-

41 916 131 954 lium
152 914 419 968 pertinentium.
442 913 576 958 Quinta
601 912 722 950 classis
744 911 977 964 epistolarum
1007 912 1167 950 omnium
1185 926 1194 949 ε
1213 921 1339 963 quarta
1366 921 1403 951 et
1430 912 1579 963 quinta,
1602 927 1680 964 quae
1699 926 1864 965 magnam
1886 913 2019 953 babent
2038 914 2131 953 inter

43 993 80 1017 se
98 979 309 1017 affinitatem
322 1007 332 1024 ‚
354 986 567 1029 postremam
587 975 681 1014 tertii
702 975 789 1014 tomi
817 984 954 1027 partem
975 975 1218 1028 complebunt.
1243 977 1385 1028 Septem
1402 990 1487 1014 vero
1513 976 1724 1028 posteriores
1745 978 1830 1015 tomi
1846 990 1967 1016 omnes
1985 977 2131 1016 omnino

42 1041 338 1088 commentarios,
354 1040 415 1091 qui
440 1047 648 1092 supersunt,
665 1038 960 1090 complectentur.
980 1041 1095 1090 Atque
1114 1038 1149 1076 in
1171 1039 1241 1076 sine
1260 1039 1427 1091 postremi
1448 1039 1643 1091 fragmenta
1659 1039 1760 1078 varia
1780 1039 1974 1078 asserentur
1988 1048 2066 1078 tum
2085 1053 2131 1079 ex

42 1105 184 1152 Photio,
206 1114 281 1142 tum
302 1118 347 1141 ex
364 1103 444 1141 aliis
463 1101 698 1154 scriptoribus
713 1110 819 1152 atquc
840 1116 885 1139 ex
905 1102 1156 1154 manuscriptis
1175 1112 1355 1155 excerpta.
1373 1103 1493 1140 Dubia
1514 1117 1596 1141 vero
1617 1112 1652 1141 et
1669 1103 1792 1156 spuria
1811 1117 1918 1156 opera
1938 1104 1987 1141 ita
2004 1101 2130 1142 distri-

41 1167 150 1205 buere
165 1166 280 1205 conati
297 1179 420 1203 sumus
432 1195 442 1213 ‚
457 1173 496 1202 ut
512 1164 633 1202 habita
649 1163 851 1214 argumenti
871 1163 1007 1202 ratione
1026 1164 1061 1201 in
1078 1164 1184 1202 finem
1201 1165 1373 1216 cujusque
1393 1165 1479 1203 tomi
1499 1165 1723 1216 ablegentur.
1742 1166 1911 1203 Fatemur
1923 1174 2042 1203 tamen
2058 1178 2129 1203 non

41 1231 200 1282 potuisse
220 1243 282 1267 nos
302 1229 338 1266 id
359 1228 493 1278 ubique
516 1236 706 1280 praestare:
725 1227 753 1264 si
775 1227 887 1276 enim,
915 1227 1070 1279 exempli
1092 1241 1197 1266 causa
1213 1257 1222 1275 ,
1242 1241 1364 1265 omnes
1383 1228 1618 1280 panegyricos
1645 1229 1786 1281 spurios
1804 1241 1981 1267 sermones
2003 1227 2039 1266 in
2059 1227 2131 1266 fine

42 1292 190 1330 secundi
210 1293 318 1339 tomi,
332 1291 393 1342 qui
412 1291 510 1328 locus
527 1304 649 1327 eorum
665 1290 832 1341 proprius
849 1298 936 1335 erat,
954 1291 1209 1341 posuissemus,
1227 1290 1262 1327 in
1279 1289 1426 1327 nimiam
1446 1291 1574 1329 molem
1590 1290 1757 1329 crevisset
1773 1291 1834 1329 ille
1851 1300 1966 1329 tomus
1982 1304 2129 1342 :quam-

41 1355 166 1394 obrem
185 1354 360 1406 plurimos
379 1351 587 1403 hujusmodi
607 1350 653 1388 ad
677 1359 860 1401 sequentes
879 1360 992 1388 tomos
1019 1351 1164 1402 rejicere
1182 1351 1292 1388 coacti
1317 1365 1452 1389 sumus.
1471 1352 1543 1390 Sed
1563 1352 1601 1390 id
1619 1353 1842 1391 levissimum
1861 1362 1928 1401 est,
1949 1352 1985 1390 ni
2004 1352 2124 1399 fallor,

40 1416 331 1456 incommodum:
346 1415 468 1466 spuria
487 1414 619 1466 quippe
640 1422 710 1450 tam
731 1413 850 1465 inepta
869 1413 1082 1464 plerumque
1101 1421 1183 1451 sunt
1203 1422 1241 1451 ut
1268 1413 1385 1451 lucem
1407 1427 1477 1451 non
1498 1425 1711 1453 mereantur.
1733 1416 1773 1454 Iu
1793 1415 1914 1454 decem
1935 1416 2047 1467 igitur
2067 1424 2128 1454 to-

41 1495 117 1520 mos
129 1480 248 1519 omnia
263 1480 301 1518 S.
319 1478 466 1518 Joannis
482 1476 731 1529 Chrysostomi
743 1489 849 1529 opera
864 1475 1147 1514 distribuentur:
1161 1476 1392 1515 undecimum
1409 1477 1615 1530 appendici,
1632 1477 1677 1516 de
1686 1492 1755 1529 qua
1772 1492 1857 1516 mox
1867 1487 2003 1530 agetur,
2015 1477 2128 1517 desti-

41 1558 182 1583 namus.
208 1542 283 1582 Sed
301 1551 405 1580 erunt
423 1542 570 1579 sortasse
592 1540 655 1591 qui
675 1548 837 1591 quaerant
856 1555 864 1576 ε
882 1540 1072 1578 Frontonis
1090 1540 1212 1578 Ducaei
1234 1539 1345 1578 editio
1371 1540 1562 1579 duodecim
1583 1541 1703 1590 tomis,
1722 1541 1800 1579 sive
1816 1540 1981 1579 undecim
1999 1541 2128 1594 amplae

41 1608 146 1645 molis
163 1605 412 1645 voluminibus
428 1604 628 1642 absolvitur
643 1621 649 1641 :
666 1618 737 1654 quo
755 1611 858 1655 pacto
875 1602 988 1654 igitur
1002 1612 1054 1641 tot
1072 1612 1212 1641 auctam
1229 1603 1411 1641 anecdotis
1432 1612 1552 1654 totque
1569 1603 1713 1642 monitis
1731 1603 1924 1642 editionem
1948 1603 2071 1642 decem
2089 1604 2126 1642 in

42 1670 292 1709 voluminibus
312 1667 499 1706 includas?
516 1666 560 1705 Id
580 1667 642 1718 qui
664 1667 741 1704 fieri
766 1666 924 1718 potuerit
944 1666 1046 1704 facile
1065 1666 1244 1718 intelligas
1265 1666 1293 1704 si
1315 1666 1512 1719 perpendas
1530 1666 1634 1718 longe
1653 1667 1779 1719 majori
1799 1666 1923 1705 charta
1943 1676 1976 1704 et
1995 1666 2125 1719 pagina

43 1747 124 1772 usos
145 1731 388 1786 typographos
405 1739 542 1768 nostros
558 1729 663 1767 tomis
679 1743 808 1768 novem
825 1738 859 1767 et
875 1728 1029 1767 dimidio
1044 1743 1083 1767 ea
1104 1729 1223 1767 omnia
1241 1729 1452 1767 concludere
1470 1743 1585 1782 posse,
1607 1744 1686 1781 quae
1704 1730 1739 1767 in
1756 1728 1923 1767 undecim
1939 1729 2129 1768 Frontonis

42 1796 288 1834 voluminibus
304 1794 542 1840 continentur,
560 1792 659 1844 quod
674 1794 748 1844 jam
771 1793 1017 1845 experimento
1037 1792 1247 1832 didicimus.
1270 1792 1328 1831 Ad
1346 1792 1421 1831 haec
1446 1807 1532 1832 vero
1551 1793 1674 1845 spuria
1693 1806 1771 1843 quae
1787 1791 1824 1829 in
1844 1791 2035 1831 Frontonis
2050 1792 2128 1832 edi-

43 1861 138 1898 tione
151 1859 313 1911 amplum
333 1858 502 1896 volumen
521 1856 783 1905 conficiebant,
808 1856 844 1893 in
870 1865 990 1894 nostra
1017 1857 1175 1895 editione
1194 1871 1276 1895 cum
1303 1871 1347 1894 ex
1366 1871 1474 1909 supra
1495 1865 1688 1895 memorata
1708 1856 1839 1894 chartae
1857 1855 2102 1908 magnitudine
2116 1886 2128 1906 ,

44 1934 121 1962 tum
141 1922 248 1960 etiam
264 1935 309 1959 ex
325 1921 463 1959 minuta
480 1929 648 1972 typorum
665 1920 778 1957 forma
797 1918 842 1956 ad
861 1919 1055 1958 dimidium
1074 1920 1269 1959 voluminis
1284 1919 1507 1958 reducuntur
1524 1920 1619 1972 :jain
1639 1919 1748 1957 habes
1761 1918 1928 1957 undecim
1941 1919 2128 1958 volumina

43 1986 79 2024 in
97 1999 223 2024 novem
241 1984 394 2023 redacta.
411 1985 574 2035 Insuper,
594 1982 746 2021 sublatis
765 1982 837 2020 illis
851 1987 1155 2036 παραφραστικῶς
1169 1983 1350 2022 adornatis
1371 1983 1509 2022 Latinis
1525 1982 1890 2035 interpretationibus,
1905 1997 1983 2034 quae
1999 1982 2128 2022 verbo-

43 2063 125 2087 rum
145 2049 246 2101 copia
266 2046 530 2093 redundabant,
553 2061 632 2097 quae
652 2046 725 2084 illis
744 2046 945 2084 substitutae
964 2056 1067 2095 sunt,
1087 2047 1192 2099 longe
1210 2047 1329 2086 minus
1349 2047 1456 2100 spatii
1476 2046 1713 2099 occupabunt,
1729 2047 1883 2098 hincque
1903 2045 2067 2084 nonnihil
2081 2057 2128 2084 ex

44 2110 246 2149 memoratis
263 2124 389 2148 novem
409 2109 653 2148 voluminibus
671 2108 863 2147 deciditur.
881 2109 1024 2156 Quibus
1042 2111 1238 2163 perspectis
1258 2110 1362 2148 facile
1390 2109 1566 2161 intelligas
1586 2109 1623 2148 in
1641 2109 1763 2148 decem
1786 2109 1858 2148 illis
1874 2107 2041 2148 editionis
2057 2121 2127 2146 no-

45 2183 123 2211 strae
143 2172 388 2211 voluminibus
420 2180 495 2208 tum
515 2185 554 2208 ea
579 2185 657 2223 qua:
681 2185 726 2210 cx
746 2170 901 2209 tenebris
919 2171 1078 2210 eruimus
1097 2171 1346 2224 Chrysostomi
1365 2184 1470 2224 opera
1486 2202 1496 2220 ,
1513 2180 1589 2210 tum
1609 2171 1716 2210 etiam
1737 2171 1884 2219 monita,
1915 2170 1999 2223 plus
2019 2183 2126 2221 quam

46 2251 157 2275 unum
175 2236 340 2274 volumen
359 2248 549 2285 occupare,

1025 2352 1048 2401 §
1078 2351 1164 2391 XII.

199 2475 257 2510 De
278 2473 492 2524 appendice
510 2485 696 2523 perquam
719 2475 937 2510 necessarc‘a
955 2475 1132 2521 operibus
1152 2473 1188 2512 S.
1213 2474 1381 2511 Joannis
1407 2473 1678 2521 Chrysostomi
1697 2474 1982 2526 subjungenda.

101 2599 197 2635 luter
215 2611 252 2635 ea
270 2611 348 2647 qua:
367 2595 412 2633 ad
431 2595 730 2646 Chrysostomum
756 2595 1012 2634 illustrandum
1032 2597 1191 2635 conferre
1211 2605 1373 2649 possunt,
1393 2596 1484 2634 nihil
1502 2598 1738 2649 opportunius
1753 2626 1763 2645 ,
1778 2610 1855 2635 meo
1874 2596 2020 2647 quidem
2032 2597 2129 2649 judi-

48 2661 122 2706 cio,
143 2657 336 2711 appendice
353 2657 413 2694 illa
441 2656 486 2693 ad
516 2657 648 2694 calcem
667 2670 816 2708 operum
835 2655 1049 2708 adjicienda,
1065 2670 1143 2707 quae
1171 2656 1401 2695 undecimum
1428 2665 1462 2694 et
1489 2656 1657 2694 ultimum
1675 2665 1812 2694 tomum
1831 2657 2045 2695 constituet:
2067 2657 2130 2695 ubi

48 2722 238 2775 praemissis
255 2730 413 2758 veterum
439 2719 484 2758 de
503 2721 638 2759 Joanne
655 2718 911 2771 Chrysostomo
931 2719 1156 2768 testimoniis,
1176 2719 1342 2757 diatriba}
1362 2719 1520 2770 quinque
1537 2719 1698 2757 edentur.
1717 2720 1757 2757 In
1774 2732 1897 2757 earum
1914 2719 2027 2772 prima
2047 2733 2131 2772 age-

49 2795 108 2822 tur
126 2784 171 2822 de
185 2786 324 2822 fortuna
340 2797 486 2834 operum
504 2783 591 2821 tanti
611 2781 781 2830 doctoris,
799 2782 915 2833 deque
934 2782 1046 2821 variis
1065 2781 1316 2834 manuscriptis
1336 2781 1522 2820 codicibus
1541 2781 1715 2834 ejusdem,
1734 2782 1795 2833 qui
1817 2782 1852 2820 in
1873 2782 2043 2834 plurimis
2057 2786 2130 2821 Eu-

51 2862 149 2900 ropae
170 2845 397 2884 bibliothecis
412 2845 544 2894 ingenti
568 2859 716 2883 numero
732 2846 895 2884 seruntur
913 2861 920 2882 :
939 2845 969 2883 si
986 2860 1055 2896 qua
1076 2860 1160 2884 vero
1177 2846 1212 2883 in
1233 2845 1277 2883 iis
1294 2854 1415 2884 notatu
1435 2845 1544 2897 digna
1561 2854 1594 2883 et
1614 2845 1808 2897 singularia
1827 2845 2076 2896 observentur,
2089 2859 2131 2885 ea

50 2924 119 2948 uon
137 2908 269 2961 pigebit
285 2915 465 2945 annotare.
485 2908 580 2946 Tum
596 2907 641 2945 de
662 2907 859 2946 innumeris
879 2921 968 2960 pene
984 2906 1091 2946 editis
1109 2907 1337 2954 tractabitur,
1357 2908 1419 2959 qui
1437 2908 1492 2947 vel
1509 2917 1623 2960 partes
1642 2922 1805 2960 operum,
1817 2908 1874 2946 vel
1890 2921 1996 2961 opera
2012 2907 2133 2946 omnia

53 2970 352 3022 complectuntur,
369 2970 544 3005 annotatis
560 2983 664 3016 anno,
681 2968 758 3007 loco
777 2978 812 3007 et
839 2969 1009 3007 editionis
1035 2978 1179 3007 auctore
1199 2985 1206 3005 :
1227 2969 1449 3020 praefationes
1474 2968 1580 3006 ctiam
1604 2968 1828 3020 singularum
1847 2966 2043 3006 editionum
2062 2967 2134 3006 mi-

51 3034 189 3072 nutiore
208 3032 409 3069 charactere
435 3030 623 3069 cudentur.
647 3033 686 3070 In
716 3032 870 3071 secunda
895 3032 1051 3071 diatriba
1077 3033 1121 3071 dc
1150 3047 1187 3071 re
1210 3031 1399 3070 admodam
1431 3045 1576 3084 operosa
1605 3031 1870 3084 disputabitur3
1887 3030 2058 3069 nimirum
2087 3030 2134 3069 de

51 3093 190 3131 amissis
207 3093 285 3143 ejus
305 3091 407 3128 libris
427 3092 664 3143 operibusque
681 3093 804 3142 variis,
823 3109 900 3145 qum
923 3103 1008 3132 teste
1025 3093 1136 3131 Suitla
1157 3108 1297 3132 omnem
1318 3108 1505 3132 numerum
1521 3093 1735 3146 superabant
1751 3109 1758 3130 ε
1777 3093 1827 3130 ibi
1843 3091 1889 3131 de
1903 3093 2131 3130 Commenta-

52 3155 114 3193 riis
128 3154 162 3192 in
184 3155 347 3191 Marcum
369 3161 402 3189 et
422 3153 456 3190 iu
477 3154 608 3190 Lucam
627 3153 884 3205 disputabitur,
903 3169 992 3206 quos
1007 3155 1067 3192 alii
1087 3154 1240 3193 edidisse
1261 3155 1562 3207 Chrysostomum
1582 3162 1726 3192 narrant
1743 3182 1754 3201 ‚
1774 3152 1836 3190 alii
1856 3164 2051 3203 numquam
2070 3165 2133 3190 ex-

52 3217 181 3255 stitisse
209 3214 424 3253 contendunt
443 3231 449 3250 :
466 3215 510 3252 dc
532 3216 779 3267 (Lluysostomi
810 3218 892 3256 item
913 3218 1135 3256 orationibus
1157 3226 1280 3255 contra
1304 3217 1439 3256 Arabas
1455 3248 1464 3266 ,
1487 3217 1548 3269 qui
1569 3216 1735 3255 dicebant
1755 3215 1912 3253 animam
1930 3214 2021 3253 mori
2049 3228 2132 3253 cum

53 3291 219 3330 corpore,
239 3290 329 3327 quas
348 3277 526 3315 orationes
547 3278 657 3329 aliqui
687 3279 778 3318 inter
798 3280 1044 3333 Chrysostomi
1073 3294 1177 3333 opera
1204 3289 1384 3318 recensent
1401 3297 1408 3318 :
1425 3279 1541 3332 deque
1560 3279 1640 3318 aliis
1657 3277 1864 3331 hujusmodi
1895 3277 1982 3315 benc
2007 3276 2131 3315 multis

53 3341 259 3379 disseretur.
283 3339 323 3376 In
352 3339 450 3377 tertia
480 3340 636 3378 diatriba
667 3341 712 3380 (le
737 3343 897 3381 doctrina
917 3345 955 3383 S.
980 3343 1126 3383 Joannis
1147 3342 1396 3395 Clirysostomi
1417 3343 1508 3382 circa
1529 3341 1611 3381 fidei
1627 3341 1795 3393 dogmata
1825 3338 2050 3388 tractabitur,
2066 3338 2131 3376 ubi

55 3404 165 3456 ipsius
188 3403 334 3455 prolatis
354 3405 392 3440 S.
414 3403 568 3441 doctoris
588 3404 694 3443 dictis
723 3415 828 3457 atque
860 3407 1039 3445 sententiis
1068 3407 1184 3445 otnnia
1207 3406 1500 3452 recensebunt-nm
1519 3406 1626 3457 idque
1646 3419 1714 3443 non
1744 3401 1964 3456 disceptandi
1985 3401 2104 3440 animo
2120 3431 2130 3449 ,

2236 3289 2251 3347 Ν
2233 2888 2253 3282 *Wssfflow
2241 2811 2253 2856 «A
