2513 3871
301 182 362 230 58
713 199 753 231 s.
790 180 977 232 somm's
1011 199 1256 231 cunrsos‘r.
1296 199 1500 233 anemae.
1537 201 1897 236 consummor.

297 281 378 320 veni
387 297 398 331 ;
416 282 544 330 alium,
565 283 641 333 Ego
654 281 815 334 judicem
831 282 913 334 plus
930 296 1039 333 quam
1053 296 1175 321 omnes
1189 282 1253 321 ad-

295 357 420 382 versus
447 343 550 381 illum
581 342 769 381 concitavi.
791 345 921 383 Jactat·
941 342 1034 382 alius
1060 357 1254 391 carcerem,

296 404 516 454 carcerisque
529 402 711 442 miserias:
727 404 894 455 quodque
904 418 966 456 per
978 404 1097 443 sorum
1111 415 1253 444 sanctos

299 464 460 510 traxerit,
478 463 515 501 id
532 464 652 503 laudis
671 465 705 503 in
721 475 821 518 parte
836 466 1038 513 constituit;
1057 466 1150 505 alius
1163 467 1250 506 item

295 523 406 563 aliud.
420 523 558 563 Deinde
573 539 694 564 omnes
710 526 863 578 profusis
877 527 1062 566 cachinnis
1075 527 1150 566 haec
1166 541 1251 580 pro-

295 594 506 635 sequuntur.
519 587 566 625 Et
576 586 653 625 haec
664 586 810 639 quidem
824 588 859 626 in
871 588 1161 628 Christianorum
1170 603 1249 628 con-

292 646 449 684 sessibus
467 663 474 684 :
496 648 643 699 gentiles
657 662 741 687 vero
757 659 790 688 et
804 649 869 688 hos
885 650 1046 699 irrident,
1061 660 1094 689 et
1113 665 1171 689 eos
1186 651 1249 703 qui

293 707 339 744 ab
366 707 438 746 illis
459 708 676 758 irridentur3
697 709 777 748 illos
801 725 879 761 quze
902 711 978 750 haec
997 712 1248 765 perpetrarint,

292 767 360 806 hos
381 769 477 820 quod
494 770 578 808 talia
593 771 686 822 passi
702 771 772 809 sint
796 788 803 809 :
830 772 1020 824 omniaque
1035 774 1134 812 civili
1152 789 1247 825 quo-

292 829 379 868 dam
407 830 503 869 bello
529 832 663 883 repleta
689 841 784 880 sunt,
811 833 883 872 imo
911 833 1120 885 hujusmodi
1152 835 1248 874 bello

293 890 400 941 longe
415 892 589 930 atrociora
609 892 732 931 istliaec
752 903 846 932 sunt.
863 897 955 934 Nam
972 895 1032 946 qui
1051 896 1186 935 bellum
1203 897 1248 936 il-

294 953 359 990 lud
380 953 564 1004 gesserint,
586 969 669 993 cum
693 964 812 1007 postea
839 956 937 994 illius
957 957 1248 1006 reminiscuntur,

293 1023 459 1053 auctores
474 1015 550 1066 ejus
567 1015 766 1055 maledictis
786 1018 1015 1063 insectantur,
1032 1033 1073 1057 ac
1093 1018 1247 1058 daemoni

294 1074 439 1113 cuidam
459 1076 554 1114 malo
577 1086 716 1123 cuncta,
736 1092 815 1129 quae
842 1079 877 1117 in
898 1078 960 1117 illo
981 1089 1075 1129 gesta
1105 1081 1248 1129 suerint,

294 1145 441 1188 accepta
463 1137 619 1175 referunt
637 1155 644 1176 :
664 1148 698 1176 et
715 1138 739 1176 ii
759 1139 934 1191 ampliore
957 1140 1165 1179 afficiuntur
1183 1156 1248 1193 pu-

293 1196 393 1242 dore,
413 1199 475 1248 qui
495 1199 730 1251 pluraquam
750 1200 810 1238 alii
838 1202 1073 1253 perpetrarint
1092 1218 1098 1238 :
1121 1202 1158 1240 hi
1178 1217 1246 1240 au-

294 1265 365 1295 tem
381 1258 426 1295 de
441 1259 516 1296 suis
535 1259 682 1298 ausibus
702 1261 913 1311 gloriantur.
930 1262 1053 1312 Neque
1072 1261 1151 1300 ideo
1168 1272 1248 1301 tan-

294 1326 369 1355 tum
403 1318 471 1356 hoc
491 1319 694 1358 sceleratius
724 1321 786 1358 illo
805 1321 942 1358 bellum
972 1330 1038 1371 est,
1062 1322 1159 1372 quod
1178 1322 1247 1360 ad-

292 1391 418 1415 versus
438 1387 576 1416 sanctos
596 1379 657 1430 qui
678 1380 854 1418 neminem
876 1380 1030 1419 laeserint
1050 1381 1246 1432 excitetur;

293 1437 355 1476 sed
377 1438 485 1477 etiam
511 1439 609 1490 quod
640 1440 811 1479 adversus
838 1440 1000 1480 homines
1024 1443 1085 1494 qui
1115 1444 1248 1482 nemini

294 1499 428 1537 malum
449 1500 564 1538 facere
581 1511 769 1551 noverunt,
786 1512 819 1541 et
838 1502 883 1541 ad
900 1503 1108 1555 patiendum
1120 1505 1251 1544 solum-

295 1558 404 1598 modo
421 1560 536 1612 parati
554 1571 650 1600 sunt.

147 1697 278 1726 ,Ioannes
351 1689 496 1727 5.Siste
516 1689 682 1741 g1·‚adum
701 1689 780 1729 dixi
797 1705 875 1743 ego,
890 1692 985 1740 siste,
997 1694 1084 1732 satis
1095 1694 1250 1747 jambu-

87 1738 198 1808 ξιιᾙζῃ
239 1739 274 1766 ²⁸¹
291 1750 452 1804 jusmodi
473 1752 733 1799 narrationum,
755 1753 821 1791 nisi
843 1768 899 1792 me
917 1755 1100 1807 exspiiaie
1127 1757 1245 1796 velis.

87 1823 277 1850 ettendumse
297 1813 356 1851 sed
379 1813 561 1852 modicum
589 1814 678 1852 mihi
698 1815 766 1853 lioc
786 1815 919 1854 virium
940 1817 1142 1868 ielinquens·
1164 1818 1250 1857 mis-

87 1870 248 1902 ‘⁰“¹P²‘³²·
300 1872 1251 1929 sum1mesacito.Qtiodjussistipenitusexsequemur:

293 1945 432 1974 tantum
444 1936 536 1974 nihil
550 1936 649 1974 aliud
661 1937 736 1988 jam
748 1937 856 1976 dictis
867 1938 1030 1990 adjicias,
1043 1939 1102 1978 sed
1117 1939 1251 1991 digres-

294 2011 355 2035 sus
381 2011 525 2049 precare
551 2006 604 2041 ut,
631 2011 779 2036 excussa
809 1999 897 2037 mihi
920 2001 1082 2039 moeroris
1104 2001 1249 2051 nebula,

291 2057 487 2107 quamdam
512 2072 530 2094 a
551 2059 638 2106 Deo,
658 2058 721 2109 qui
743 2059 987 2112 impugnatur,
1006 2075 1108 2114 opem
1128 2076 1250 2100 conse-

291 2132 383 2168 quar
398 2118 445 2156 ad
460 2117 636 2157 medelam
653 2119 881 2159 inimicorum
892 2122 981 2173 ejus.
992 2122 1037 2160 Id
1052 2137 1137 2161 vero
1149 2123 1250 2161 dabit

292 2178 391 2217 haud
408 2179 534 2228 dubie,
551 2179 703 2217 clemens
720 2195 802 2218 cum
822 2181 882 2230 sit,
902 2196 942 2219 ac
962 2192 1111 2221 mortem
1129 2198 1250 2236 pecca—

292 2240 380 2278 toris
398 2239 504 2287 nolit,
523 2240 585 2278 sed
604 2249 642 2278 ut
657 2250 883 2279 convertatur
900 2251 933 2280 et
949 2243 1059 2283 vivat.
1076 2245 1136 2282 Sic
1153 2245 1215 2283 illo
1230 2260 1250 2283 a

290 2315 350 2339 me
364 2300 525 2349 dimisso,
542 2301 618 2340 baec
632 2302 788 2340 scribere
803 2317 880 2341 sum
896 2317 1094 2355 aggressus.
1109 2307 1251 2344 Atenim

290 2361 319 2398 si
340 2361 408 2399 lioc
434 2370 571 2399 tantum
594 2362 676 2400 mali
694 2362 845 2408 adesset,
873 2364 967 2414 quod
993 2367 1105 2404 saneti
1130 2367 1196 2404 Dei
1218 2377 1252 2406 et

290 2421 522 2461 admirabiles
546 2423 615 2461 viri
636 2433 879 2476 raptarentur,
896 2426 1188 2479 laniarentur-que
1203 2429 1250 2466 ad

289 2482 482 2520 tribunalia
502 2485 684 2535 pertracti,
707 2485 884 2524 verberati
900 2496 933 2525 et
950 2488 1026 2526 alia
1043 2490 1152 2541 passi,
1168 2503 1248 2541 quae

290 2557 398 2596 supra
418 2544 660 2593 narravimus,
687 2545 901 2597 nullumque
917 2548 1001 2586 hinc
1019 2548 1192 2588 damnum
1209 2551 1248 2588 in

289 2619 414 2642 eorum
433 2614 699 2644 converteretur
721 2616 842 2659 caput,
865 2608 924 2659 qui
949 2609 1034 2647 talia
1058 2620 1247 2663 perpetra-

293 2673 390 2712 runt,
404 2674 540 2703 tantum
555 2665 655 2704 abest
670 2675 710 2704 ut
723 2666 768 2705 de
782 2670 888 2719 gestis
901 2670 1072 2718 dolerem,
1085 2679 1122 2707 ut
1135 2671 1240 2709 etiam

290 2723 334 2762 de
350 2725 476 2763 iisdem
495 2725 645 2764 riderem
671 2742 844 2779 perquam
867 2730 1092 2771 suavissime.
1109 2732 1199 2769 Nam
1215 2742 1247 2770 et

289 2785 444 2823 infantes
457 2787 594 2837 quoties
609 2788 684 2826 sine
705 2803 770 2827 suo
788 2790 945 2841 periculo
959 2792 1163 2843 percutiunt
1177 2807 1250 2831 ma-

290 2855 376 2892 tres,
393 2847 505 2884 risum
524 2848 594 2885 illis
611 2859 752 2887 movent
768 2851 1070 2903 copiosissimum,
1086 2862 1251 2905 tantoque

291 2921 462 2958 majorem
473 2910 689 2962 voluptatem
701 2922 859 2963 pariunt
869 2915 1252 2964 quantoveliementio·

291 2983 328 3006 ie
343 2984 423 3007 cum
438 2970 618 3009 iracundia
630 2971 663 3009 id
678 2973 728 3009 sec
731 2973 835 3019 erint,
850 2974 896 3012 ita
909 2976 1184 3015 utefsundantur
1198 2991 1253 3030 pe-

292 3043 404 3080 neque
419 3029 673 3083 dirumpantur
689 3032 788 3071 risu:
804 3034 857 3072 sin
874 3049 958 3073 vero
969 3035 1056 3075 dum
1071 3037 1254 3090 idjugitet

292 3089 408 3127 infans
433 3105 473 3128 ac
494 3092 653 3131 validius
680 3094 778 3142 facit,
807 3096 1014 3135 vulneretur
1033 3098 1249 3150 aliquando,

294 3151 372 3188 sive
389 3165 454 3189 acu
476 3151 567 3189 circa
592 3167 714 3191 zonam
737 3156 864 3194 tunica:
885 3158 1009 3196 matris
1027 3159 1154 3209 affixa,
1176 3160 1251 3198 sive

1326 284 1545 337 καταγώγιον
1573 285 1642 338 πρὸ
1663 288 1732 325 τῶν
1752 287 1867 326 ἄλλων
1888 281 1985 341 εὗρον
2012 288 2133 333 αὐτός·
2169 289 2258 329 ἀλλὰ
2289 290 2348 330 τὸν

1325 345 1495 393 δικαστὴν
1512 346 1581 398 ἐγὼ
1598 348 1730 397 μᾶλλον
1747 347 1764 368 ¹²
1778 351 1848 387 τῶν
1868 349 1983 387 ἄλλων
2002 350 2191 403 παρώξυνα
2203 381 2213 399 ,
2242 352 2347 404 φησὶν

1325 405 1440 460 ἔτερος
1456 423 1465 432 ·
1485 409 1590 453 ἄλλος
1608 409 1648 448 τὸ
1669 410 1908 462 δεσμωτήριον
1929 411 1989 449 καὶ
2014 411 2058 449 τὰ
2084 414 2119 450 ἐν
2140 415 2192 466 τῷ
2212 413 2348 464 δεσμω-

1323 467 1434 544 τηρίῳ
1464 469 1559 507 δεινὰ
1591 469 1650 507 καὶ
1682 470 1722 508 τὸ
1755 471 1812 509 διὰ
1840 474 1902 517 τῆς
1932 472 2061 523 ἀγορᾶς
2092 473 2237 511 ἑλκύσαι
2271 472 2349 518 τοὺς

1323 529 1441 581 ἁγίους
1455 531 1640 575 ἐκείνους
1626 547 1660 569 εν
1681 530 1856 582 ἕγκωμίου
1873 531 2005 570 τίθεται
2024 532 2146 606 μέρει·
2165 533 2225 570 καὶ
2244 534 2348 578 ἄλλος

1322 590 1421 629 ἄλλο.
1443 585 1532 630 Eira
1553 591 1680 637 πάντες
1701 592 2005 644 ἀνακαγχάζουσιν
2029 592 2088 631 επὶ
2109 592 2254 636 τούτοις.
2278 593 2349 631 Καὶ

1320 667 1432 690 ταυτα
1449 651 1492 702 μὲ
1496 669 1513 690 ν
1540 655 1574 691 ἐν
1603 659 1672 696 τοῖς
1692 655 1760 690 τῶν
1783 654 2002 705 Χριστιανῶν
2024 652 2239 705 συνεδρίοις·
2259 654 2291 690 οἱ
2311 652 2348 691 δὲ

1320 711 1495 760 Ἕλληνες
1522 729 1582 751 και
1601 714 1742 756 τούτους
1768 715 1919 764 γελωσι,
1953 729 2012 751 και
2041 730 2120 757 τους
2146 714 2206 751 ὑπ’
2233 714 2347 752 αὐτῶν

1321 774 1562 825 γελωμένους·
1582 791 1658 817 τους
1692 774 1776 825 μὲν,
1798 775 1849 826 ἐφ’
1868 778 1917 817 οἷς
1936 773 2110 826 ἔδρασαν,
2142 791 2219 818 τους
2239 774 2274 812 δὲ
2295 775 2349 827 ἐφ’

1321 829 1370 878 οἷς
1392 835 1545 874 ἔπαθον·
1565 835 1625 874 καὶ
1639 836 1793 886 πολέμου
1808 851 1898 878 τινος
1913 836 2082 888 ἐμφυλίου
2096 835 2141 874 τὰ
2156 835 2272 875 πάντα
2284 837 2351 887 ἐμ-

1320 896 1536 944 πέπλησται,
1557 899 1690 947 μᾶλλον
1709 898 1744 935 δὲ
1765 902 1875 936 ταῦτα
1893 898 2023 936 ἐκείνου
2041 900 2160 950 πολλῷ
2181 897 2348 951 χαλεπώ-

1321 973 1419 1009 τερα.
1443 957 1601 997 Ἐκεῖνον
1619 959 1682 1008 μὲν
1694 958 1762 1011 γὰρ
1778 962 1809 997 οἱ
1826 960 2088 1008 πολεμήσαντες
2105 960 2162 999 τὸν
2179 959 2347 1011 πόλεμον,

1321 1017 1402 1057 ὅταν
1423 1020 1507 1058 ποτὲ
1535 1019 1678 1073 ὕστερον
1698 1023 1968 1071 ἀναμνησθῶσιν
1989 1023 2092 1059 αὐτοῦ
2107 1053 2116 1069 ,
2137 1028 2207 1065 τοῖς
2225 1037 2264 1060 τε
2283 1037 2347 1059 κε-

1321 1079 1502 1126 κινηκόσιν
1520 1080 1622 1119 αὐτὸν
1649 1083 1850 1132 ἐπαρῶνται
1875 1081 1989 1120 πολλὰ
2002 1113 2010 1128 ,
2031 1081 2091 1119 καὶ
2110 1082 2251 1131 δαίμονί
2279 1097 2348 1120 τινι

1321 1146 1463 1193 πονηρῷ
1486 1142 1529 1180 τὰ
1560 1143 1595 1179 ἐν
1624 1143 1719 1195 αὐτῷ
1747 1143 1916 1193 γενόμενα
1949 1143 2088 1181 ἅπαντα
2125 1142 2348 1182 ἀνατιθέασι·

1322 1203 1476 1239 κακεῖνοι
1495 1202 1537 1251 μὲ
1540 1219 1556 1240 ν
1575 1202 1679 1240 πλέον
1703 1219 1737 1240 τι
1757 1219 1825 1240 των
1847 1204 1961 1241 ἄλλων
1985 1204 2230 1256 αὶσγύνονται,
2260 1203 2350 1258 ὅσῳ-

1321 1277 1388 1312 περ
1408 1262 1448 1299 ἂν
1479 1264 1514 1300 ἐν
1554 1278 1647 1300 αυτω
1665 1263 1768 1302 πλέον
1798 1279 1832 1301 τι
1855 1280 1924 1301 των
1960 1264 2075 1302 ἄλλον
2102 1264 2343 1338 ἐργάσωνται·

1321 1338 1414 1360 ουτοι
1435 1321 1552 1360 δὲκαὶ
1591 1324 1911 1372 ἐγκαλλωπίζονται
1939 1330 2010 1367 τοῖς
2039 1327 2101 1363 τολ
2095 1325 2256 1397 μῆμασι.
2280 1325 2351 1363 Καὶ

1321 1383 1360 1420 οὐ
1380 1386 1481 1421 τοῦτο
1502 1382 1618 1433 μόνον,
1646 1383 1700 1422 ὅτι
1721 1383 1952 1458 ε’ναγέο-τερος
1974 1387 2072 1428 οὗτος
2099 1385 2229 1424 εκείνου
2251 1388 2270 1424 ὁ
2288 1385 2352 1424 πό-

1321 1444 1359 1481 λε
1346 1459 1427 1494 τμος
1447 1473 1456 1491 ,
1489 1443 1565 1482 οὐδὲ
1594 1443 1648 1482 ὅτι
1669 1443 1756 1495 πρὸς
1787 1444 1904 1496 ἁγίους
1933 1460 1991 1482 και
2013 1445 2108 1484 οὐδὲν
2138 1445 2352 1493 ἠδικηκότας

1321 1504 1455 1555 γίνεται
1475 1504 1592 1554 μόνον,
1629 1505 1708 1543 ἀλλ’
1736 1504 1790 1544 ὅτι
1813 1505 1872 1544 καὶ
1902 1506 1989 1559 πρὸς
2011 1505 2212 1558 ἀνθρώπους
2239 1512 2351 1546 ποιεῖν

1323 1565 1385 1615 μὲν
1411 1565 1532 1604 οὐδένα
1566 1566 1699 1610 εἰδότας
1733 1570 1863 1614 κακῶς,
1887 1567 2037 1620 πάσχειν
2064 1567 2099 1607 δὲ
2126 1583 2349 1620 παρεσκευα-

1326 1627 1472 1678 σμένους
1493 1628 1608 1678 μόνον,

1377 1688 1568 1740 'linio-sne&
1582 1688 1687 1740 ἔφην,
1704 1688 1845 1741 ἐπίσχες
1862 1705 1869 1713 ·
1887 1689 1947 1728 καὶ
1966 1689 2107 1741 γὰρκαὶ
2123 1689 2251 1729 τούτων
2263 1693 2349 1741 ἡμῖν

1321 1749 1414 1793 (ἅλις
1431 1753 1499 1787 τῶν
1516 1751 1760 1801 διηγημάτων,
1775 1750 1807 1788 εἴ
1821 1767 1860 1801 γε
1875 1750 1924 1805 μὴ
1944 1753 2124 1793 παντελῶς
2143 1767 2187 1802 με
2204 1755 2348 1791 ἐκπνεῦ-

1324 1826 1384 1848 σαι
1405 1811 1475 1848 δέοι
1490 1823 1498 1832 ·
1513 1810 1605 1849 ἀλλὰ
1619 1810 1750 1863 μικρὰν
1771 1816 1851 1862 γοῦν
1873 1828 1951 1850 τινα
1973 1810 2203 1864 ἔχονταῖσχὺν
2215 1841 2225 1859 ,
2242 1813 2347 1851 ἀπελ·

1325 1876 1394 1910 θεῖν
1417 1871 1433 1892 ‘¹
1454 1873 1613 1918 ποίησον.
1644 1873 1695 1911 Σὺ
1719 1872 1780 1923 μὲν
1810 1873 1878 1924 γὰρ
1904 1873 2045 1917 πάντως
2068 1873 2154 1924 ὅπερ
2181 1872 2350 1918 ἐπέταξας

1323 1934 1509 1985 γενήσεται
1523 1949 1530 1956 ·
1541 1934 1644 1984 μόνον
1660 1933 1769 1983 μηδὲν
1784 1933 1900 1987 ἕτερον
1910 1938 1995 1986 ἡμῖν
2011 1937 2163 1988 προσθῇς
2178 1934 2355 1986 διήγημα,

1326 1996 1402 2033 ἀλλ’
1423 1994 1582 2033 ἀπελθὼν
1600 1995 1703 2046 εὔχου
1723 1995 1957 2042 σκεδασθῆναί
1979 2012 2039 2046 μοι
2054 1999 2116 2043 τῆς
2132 1994 2282 2046 ἀθυμίας
2307 1995 2348 2034 τὸ

1323 2055 1423 2108 νέφος
1441 2087 1449 2099 ,
1472 2056 1532 2094 καὶ
1547 2056 1668 2094 λαῧεῖν
1688 2071 1767 2093 τινα
1778 2056 1875 2110 παρὰ
1894 2061 1954 2095 τοῦ
1974 2056 2236 2107 πολεμουμένου
2254 2058 2350 2096 Θεοῦ

1327 2117 1436 2171 ῥοπὴν
1462 2119 1509 2160 εἷς
1542 2116 1606 2163 τὴν
1645 2117 1799 2170 ἰατρείαν
1839 2121 1907 2156 τῶν
1940 2117 2184 2168 πολεμούντων
2221 2117 2323 2156 αὐτόν
2337 2130 2344 2137 ·

1325 2179 1428 2217 δώσει
1445 2177 1481 2217 δὲ
1498 2177 1636 2222 πάντως
1658 2178 1898 2230 φιλάνθρωπός
1917 2195 1954 2217 τε
1967 2178 2028 2227 ὧν,
2047 2179 2107 2216 καὶ
2127 2179 2183 2218 τὸν
2201 2178 2348 2218 θάνατον

1326 2239 1374 2291 μὴ
1388 2239 1595 2292 βουλόμενος
1612 2243 1672 2278 τοῦ
1693 2240 1919 2292 ἁμαρτωλοῧ,
1940 2242 1986 2284 ὡς
2003 2241 2043 2278 τὸ
2063 2240 2348 2293 ἐπιστρέψαιαῦ-

1323 2303 1380 2340 τὸν
1408 2301 1467 2340 καὶ
1487 2303 1559 2353 ζῇν.
1581 2300 1706 2344 Οὕτως
1725 2300 1939 2353 ἀποπέμψας
1971 2304 2100 2340 ἐκεῖνον
2116 2331 2126 2350 ,
2147 2303 2215 2339 τῶν
2234 2300 2346 2353 λόγων

1323 2363 1490 2414 ἡπτόμην
1506 2363 1656 2401 τούτων.
1678 2362 1749 2400 Καὶ
1773 2361 1840 2415 γὰρ
1860 2364 1890 2400 εἰ
1911 2362 1972 2413 μὲν
1993 2367 2093 2401 τοῦτο
2116 2361 2220 2413 μόνον
2240 2355 2282 2409 ἦν
2309 2361 2350 2400 τὸ

1324 2424 1494 2472 δεινὸν,τὸ
1509 2423 1588 2466 τοὺς
1602 2423 1720 2475 ἁγίους
1734 2427 1793 2463 τοῦ
1804 2426 1896 2462 Θεοῦ
1912 2424 1972 2462 καὶ
1989 2422 2208 2472 θαυμαστοὺς
2223 2423 2352 2476 ἄνδρας

1323 2485 1475 2528 ἐκείνους
1494 2484 1659 2524 ἕλκεσθαι
1688 2485 1748 2523 καὶ
1772 2485 2037 2536 σπαράσσεσθαι
2063 2482 2273 2537 συρομένους
2301 2483 2349 2525 εἷς

1323 2546 1547 2598 δικαστήρια,
1564 2545 1624 2584 καὶ
1636 2545 1883 2596 τυπτομένους,
1896 2545 1956 2582 καὶ
1966 2544 2008 2582 τὰ
2024 2545 2115 2582 ἄλλα
2130 2543 2347 2595 πάσχοντας,

1323 2608 1412 2659 ἅπερ
1431 2606 1654 2658 διηγησάμην
1676 2606 1775 2659 ἄρτι,
1807 2605 1963 2656 μηδεμία
1983 2604 2018 2644 δὲ
2053 2605 2123 2644 ἀπὸ
2150 2603 2279 2642 τούτων
2300 2604 2348 2648 εἷς

1322 2669 1385 2716 τὴν
1407 2670 1474 2706 τῶν
1493 2671 1606 2706 ταῦτα
1624 2666 1834 2717 τολμώντων
1854 2667 2007 2718 κεφαλὴν
2024 2665 2188 2718 ἐτρέπετο
2209 2665 2323 2717 βλάὸη
2337 2696 2347 2714 ,

1322 2733 1482 2768 τοσοῦτον
1513 2728 1669 2780 ἀπέσχον
1697 2729 1851 2778 ἀλγῆσαι
1877 2734 1948 2771 τοῖς
1967 2727 2159 2778 γινομένοις
2178 2757 2188 2776 ,
2209 2727 2262 2765 ὅτι
2282 2727 2347 2766 κᾶν

1323 2791 1474 2842 ἐγέλασα
1503 2789 1636 2841 σφόδρα
1656 2788 1737 2838 ἡδὺ,
1768 2789 1827 2826 καὶ
1848 2787 1990 2840 δαψιλὲς
2021 2790 2075 2827 ἐπ’
2111 2790 2247 2834 αὐτοῖς·
2272 2787 2348 2827 ἐπεὶ

1323 2852 1384 2890 καὶ
1403 2851 1447 2888 τὰ
1463 2850 1588 2888 παιδία
1606 2849 1650 2888 τὰ
1667 2849 1777 2901 μικρὰ
1790 2880 1799 2896 ,
1819 2849 1901 2887 ὅταν
1923 2848 1984 2899 μὲν
2000 2848 2189 2894 ἀκινδύνοις
2207 2849 2347 2902 πλήττῃ

1324 2913 1387 2956 τὰς
1408 2912 1577 2963 μητέρας,
1600 2909 1708 2950 πολὺν
1731 2916 1818 2948 κινεῖ
1845 2910 1902 2948 τὸν
1927 2910 2064 2960 γέλωτα
2091 2916 2167 2955 ταῖς
2185 2914 2347 2959 πληττο-

1327 2975 1446 3025 μέναις
1483 2975 1626 3020 αὐταῖς,
1659 2973 1718 3011 καὶ
1749 2971 1889 3025 ὅσῳπερ
1918 2971 1957 3009 ἂν
1995 2973 2033 3009 ἐκ
2060 2972 2214 3016 πλείονος
2247 2976 2349 3012 τοῦτο

1325 3036 1515 3087 ἐργάζηται
1536 3038 1596 3073 τοῦ
1616 3037 1723 3085 θυμοῦ
1745 3064 1754 3081 ,
1776 3038 1936 3072 τοσοῦτον
1967 3034 2098 3083 μᾶλλον
2125 3034 2243 3076 αὐταῖς
2266 3035 2347 3072 ἐπι-

1325 3097 1429 3135 τείνει
1450 3097 1514 3143 τὴν
1530 3095 1669 3144 ἡδονὴν,
1689 3098 1735 3139 ὡς
1754 3095 1813 3133 καί
1832 3096 2029 3146 διαχεῖσθαι
2056 3094 2116 3132 καὶ
2133 3095 2349 3134 ἀνακλᾶσθαι

1326 3161 1376 3210 τῷ
1405 3157 1554 3209 γέλωτι·
1592 3159 1620 3196 εἷ
1642 3157 1677 3196 δὲ
1699 3160 1749 3208 τῷ
1776 3159 1927 3208 συνεχῶς
1960 3156 2019 3193 καὶ
2048 3154 2219 3207 ῥαγδαίως
2247 3158 2350 3194 τοῦτο

339 3289 353 3310 ⁶
371 3293 426 3324 Sic
444 3303 559 3324 omnes
576 3292 652 3324 Mss.
671 3300 703 3324 rt
721 3294 823 3326 Savil.
844 3297 881 3328 ln
902 3296 1003 3331 Edita
1021 3299 1136 3332 Mon-1.
1166 3310 1222 3334 τῶν
1252 3306 1308 3335 αἰλ-
1344 3315 1376 3335 rr.
1393 3306 1561 3335 innabant.
1579 3300 1793 3332 (lot-reximus
1807 3309 1824 3329 θ
1840 3298 1976 3330 S‘Wlllffi
1996 3297 2004 3341 l

298 3347 354 3375 >w
378 3341 482 3375 ‹lt-est.

340 3401 350 3414 ‘
366 3395 457 3427 Unus
474 3392 573 3427 habet
590 3399 650 3433 ‘Du
665 3402 842 3441 *ipnv'aarm-
863 3398 868 3440 Ι
890 3400 964 3432 *lox
984 3400 1152 3442 legebatur
1174 3419 1193 3437 ιι
1212 3420 1242 3446 fl

1387 3353 1403 3377 «Ι
1421 3354 1476 3384 sic
1495 3353 1570 3385 mss.
1589 3360 1619 3383 et
1638 3350 1739 3384 savit.
1760 3352 1790 3383 in
1806 3362 1911 3392 murg.
1928 3351 1966 3382 ln
1984 3348 2076 3382 Edit.
2096 3348 2210 3382 Morcl.
2230 3354 2350 3387 mimo-a

1268 3421 1306 3446 μι
1343 3404 1447 3437 ‹lt-est.
1466 3405 1571 3438 tidem
1591 3409 1620 3439 οὐ
1633 3409 1689 3448 μὲν
1710 3410 1767 3449 γάρ
1784 3431 1791 3442 ,
1811 3401 1924 3435 Mon-t.
1941 3410 1971 3435 et
1990 3403 2092 3437 Savil.
2107 3405 2140 3436 σὺ
2157 3405 2214 3445 μὲν
2231 3404 2290 3436 οὖν.
