2513 3871
225 256 319 312 844
1130 260 1294 291 nostru
1304 261 1332 290 ,ιι
1343 278 1355 288 .

221 350 412 389 Paulinum
432 361 537 398 quain
556 347 633 398 ejus
651 343 848 396 discipulos
876 343 1045 395 impetere
1060 342 1230 380 videntur
1245 359 1254 381 ε
1271 352 1307 380 at
1325 342 1353 380 si
1370 341 1543 379 Paulinus
1563 341 1726 389 vixisset,
1749 343 1783 379 in
1801 356 1882 380 eum
1904 344 2075 390 maxime,
2091 354 2128 382 ιιι
2149 354 2267 383 aucto-

221 425 293 450 rem
313 410 411 457 mali,
433 408 617 446 anathema
652 402 904 457 proferendum
925 403 1129 442 videbatur.
1163 403 1248 441 Haec
1279 402 1356 449 ille,
1377 416 1458 454 quae
1485 417 1529 441 ne
1547 402 1738 441 minimum
1757 403 1906 454 quidem
1925 418 1989 443 nos
2003 419 2020 442 a
2042 405 2160 458 priore
2183 419 2265 445 sen-

221 474 327 511 tentia
345 471 542 514 dimovent,
557 480 664 518 quam
680 466 761 503 item
776 464 986 503 sententiam
1005 464 1147 516 sequuti
1167 473 1250 502 sunt
1264 464 1437 502 Baronius
1453 472 1488 502 et
1502 463 1744 502 Hermantius.
1757 464 1867 512 Quod
1881 465 1976 503 enim
1994 465 2060 514 ait,
2072 465 2267 504 exordium

218 531 363 570 aliunde
389 530 592 575 advectum,
605 541 766 566 mancam
788 525 988 571 homiliam,
1007 539 1158 576 eamque
1177 524 1379 564 breviorem
1406 539 1480 564 esse
1497 539 1604 576 quam
1624 525 1757 563 soleant
1777 525 2025 578 Chrysostomi
2048 527 2263 566 conciones:

219 593 307 639 haec,
325 592 487 642 inquam,
504 589 622 627 omnia
644 588 753 639 gratis
767 586 950 625 dicuntur.
970 585 1160 637 Siquidem
1173 586 1364 626 exordium
1381 587 1526 625 omnino
1543 587 1694 625 cohaeret
1711 601 1793 625 eum
1811 587 1867 633 iis,
1887 602 1967 639 qnae
1981 587 2027 626 de
2040 588 2264 627 anathemate

216 654 484 705 subjunguntur
506 666 514 688 :
534 649 697 688 ordiendi
716 647 844 686 modus
873 648 1131 700 Chrysostomo
1156 657 1207 686 est
1227 648 1422 687 admodum
1442 648 1643 686 familiaris.
1662 648 1760 697 Quid
1781 649 1876 687 enim
1895 650 2134 700 frequentius,
2157 664 2266 702 quam

216 724 377 753 sanctum
405 712 585 752 doctorem
604 711 729 749 videre
745 711 796 748 sic
811 710 999 748 conciones
1032 723 1113 747 suas
1145 710 1403 762 incipientem?
1426 711 1563 762 Nuper·
1581 712 1694 748 vobis
1712 710 1761 747 de
1779 712 2184 760 incomprehensibilis
2199 725 2263 751 co-

215 779 388 829 gnitione
407 776 484 813 Dei
500 775 703 819 disserens,
720 773 845 811 multa
863 772 981 811 verbu
997 773 1085 822 feci,
1102 786 1150 810 ac
1171 781 1251 810 tum
1269 771 1558 823 Scripturarum
1576 772 1753 817 vocibus,
1778 780 1859 809 tum
1876 772 2125 811 naturalibus
2144 776 2267 812 ratio-

215 838 330 875 ciniis
359 837 638 883 (Ιειηοηςιι-ανί,
654 835 772 872 etiam
787 836 878 886 ipsis
891 834 1153 873 invisibilibus
1183 835 1409 873 Virtutibus
1428 835 1668 871 inaccessam
1697 845 1857 884 prorsus
1881 846 1964 871 esse
1983 835 2154 873 numinis
2168 848 2270 873 com·

213 900 664 950 prehensionem....Age
683 911 783 934 nunc
799 905 1007 948 postquam
1027 896 1075 933 de
1106 895 1359 933 anathemate
1388 896 1499 932 vobis
1518 903 1710 946 quantum
1736 895 1917 932 convenit
1949 893 2265 942 disseruerimus,

216 962 378 1012 vimque
395 959 490 997 mali
511 960 637 1011 liujus,
657 959 763 1010 quod
777 971 848 1008 pro
876 957 999 994 nihilo
1019 965 1231 1009 reputatur,
1264 956 1554 1002 ostenderimus,
1577 956 1789 1005 hincsreni
1807 957 2049 1006 impatientia
2078 970 2149 995 ora
2163 957 2271 995 cohi-

218 1023 388 1067 beamus,
405 1029 470 1060 etc.
486 1020 547 1058 Sic
563 1019 704 1072 praesari
719 1019 803 1056 solet
820 1017 1114 1070 Cluysostonius.
1138 1017 1204 1056 Hic
1220 1016 1318 1055 nulla
1333 1016 1618 1063 hiatus,.lacun:e
1633 1016 1835 1069 cujuspiam
1853 1017 1951 1054 nulla
1969 1017 2128 1069 suspicio
2146 1017 2270 1056 haberi

216 1090 345 1134 potest.
364 1082 436 1120 Nec
459 1080 541 1133 plus
561 1079 714 1118 subsidii
736 1079 864 1117 referet
882 1078 1138 1116 'l‘illemontius
1155 1092 1200 1116 ex
1227 1078 1385 1117 homiliae
1401 1079 1600 1126 brevitate;
1619 1093 1700 1117 nam
1720 1088 1757 1117 ιιι
1784 1088 1865 1117 sunt
1885 1079 2005 1118 multa:
2016 1079 2265 1133 Chrysostomi

216 1142 400 1181 conciones
418 1141 485 1180 hac
505 1141 732 1194 prolixiores,
749 1140 797 1178 ita
819 1140 1009 1191 plusquam
1031 1140 1158 1191 viginti
1173 1154 1362 1192 possumus
1380 1140 1447 1178 hac
1469 1140 1572 1191 longe
1601 1141 1783 1179 breviores
1798 1141 1969 1193 proferre,
1991 1141 2025 1179 in
2043 1155 2133 1193 quas
2153 1149 2269 1179 tamen

217 1204 314 1242 nulla
337 1203 392 1241 vel
409 1203 543 1246 νοθείας
562 1201 618 1240 vel
633 1202 751 1239 hiatus
770 1201 928 1253 suspicio
945 1201 1047 1238 cadat
1067 1215 1076 1238 :
1100 1210 1224 1252 estque
1241 1201 1314 1238 haec
1328 1201 1473 1239 aliunde
1486 1202 1579 1247 talis,
1597 1211 1634 1239 ut
1650 1210 1860 1252 argumento
1876 1202 1966 1240 nihil
1980 1201 2138 1249 deficiat,
2156 1202 2271 1254 sitque

215 1262 381 1300 omnibus
400 1261 474 1299 suis
491 1270 525 1298 et
541 1260 699 1298 numeris
717 1270 749 1297 et
761 1259 922 1311 partibus
938 1260 1113 1297 absoluta.
1137 1262 1252 1299 Locus
1271 1271 1389 1300 antem
1411 1262 1484 1309 ille,
1506 1277 1612 1313 quem
1627 1262 1726 1313 quasi
1748 1277 1792 1300 cx
1814 1263 1879 1300 bac
1893 1262 2042 1301 homilia
2059 1273 2268 1315 excerptum

215 1325 316 1361 affert
334 1322 609 1371 Tillemontius‚
628 1330 666 1359 ut
686 1321 810 1374 probet
842 1321 1032 1359 Paulinum
1057 1322 1131 1372 jain
1151 1321 1281 1360 obiisse
1299 1337 1381 1361 cum
1407 1323 1481 1360 haec
1501 1323 1781 1375 Chrysostomus
1807 1324 2089 1368 concionaretur.
2111 1337 2236 1376 nempe
2255 1354 2267 1370 ,

216 1386 355 1422 Patres
370 1385 654 1421 damnaverunt
670 1397 755 1420 cum
781 1396 893 1433 quem
909 1395 977 1434 ego
992 1384 1296 1429 anathematiw,
1312 1385 1555 1437 maximeque
1568 1384 1783 1422 Paulinum
1798 1387 1880 1435 ejus
1896 1389 2122 1435 magistrum
2131 1401 2144 1428 ;
2157 1384 2270 1429 locus.

216 1446 374 1496 inquam,
396 1445 478 1493 ille,
494 1443 632 1482 etiamsi
655 1444 901 1496 Chrysostomi
923 1453 1034 1492 essct,
1052 1458 1120 1482 non
1141 1443 1247 1483 video
1268 1460 1336 1495 qna
1354 1445 1490 1483 ratione
1507 1445 1675 1498 probaret
1698 1446 1774 1497 jam
1793 1445 2002 1484 defunctum
2021 1446 2128 1484 fuisse
2148 1447 2268 1484 Pauli-

215 1520 317 1552 num,
336 1520 398 1544 nec
418 1515 505 1559 puto
523 1508 728 1558 quempiam
751 1506 827 1544 sore
846 1515 917 1544 tam
934 1506 1117 1557 Lynceum
1140 1515 1180 1544 ut
1196 1506 1255 1545 hic
1281 1505 1421 1545 Paulini
1442 1507 1581 1546 obitum
1602 1507 1809 1560 perspiciat.
1834 1509 1970 1546 Verum
1999 1507 2102 1561 longe
2114 1508 2218 1547 aliter
2232 1523 2269 1548 sc

217 1569 321 1607 hahet
340 1568 438 1621 apud
458 1568 754 1620 Chrysostomum
777 1566 838 1605 ille
859 1567 970 1612 loeus,
990 1577 1028 1604 ut
1049 1582 1132 1605 mox
1158 1568 1244 1620 ipsis
1263 1568 1382 1607 verbis
1401 1569 1436 1606 in
1456 1569 1614 1607 medium
1631 1568 1795 1607 adductis
1813 1569 1930 1622 palam
1948 1570 2027 1608 erit.

272 1631 317 1669 Ut
339 1640 455 1668 autem
473 1644 543 1681 qno
563 1630 598 1667 in
615 1638 707 1667 statu
729 1638 812 1667 tunc
838 1638 928 1666 essct
949 1628 1107 1667 Ecclesia
1137 1630 1354 1668 Antiochena
1386 1630 1620 1680 intelligatur,
1640 1630 1737 1681 quod
1767 1644 1850 1668 sane
1867 1629 1913 1668 ad
1934 1630 2152 1683 propositam
2172 1645 2269 1683 quae-

217 1693 366 1730 stionem
392 1691 602 1729 solvendam
636 1690 791 1728 multum
812 1690 961 1735 confert,
984 1704 1037 1728 res
1057 1699 1108 1728 est
1128 1690 1235 1729 altius
1263 1691 1465 1744 repetenda.
1492 1693 1702 1730 Eustathius
1721 1692 1911 1745 episcopus
1928 1693 2193 1741 Antiochenus,
2216 1693 2274 1731 vir

218 1763 359 1792 sauctus
375 1762 407 1791 et
427 1752 649 1794 Catholicus,
670 1751 820 1803 ideoque
839 1751 980 1790 Arianis
999 1751 1149 1797 invisus,
1169 1753 1326 1805 ipsorum
1349 1767 1454 1805 opera
1482 1763 1515 1791 ct
1545 1753 1736 1791 calumniis
1756 1753 1941 1805 depositus
1963 1753 1998 1791 in
2026 1753 2271 1804 exsiliumque

217 1825 315 1853 actus
337 1815 448 1852 suerat
466 1829 557 1852 anno
589 1814 730 1851 circiter
746 1815 838 1859 550,
862 1813 896 1850 in
916 1813 1064 1865 ejusque
1082 1813 1198 1852 locum
1228 1814 1442 1851 substitutus
1461 1824 1510 1853 est
1527 1815 1619 1853 alius
1638 1815 1825 1868 episcopus
1850 1814 2013 1862 Ari-anus,
2033 1814 2272 1867 deincepsque

217 1877 418 1914 continuata
436 1875 655 1914 successione
674 1875 831 1927 ejusdcm
853 1884 954 1912 sectae
995 1876 1152 1927 episcopi
1180 1875 1437 1914 Antiochenam
1469 1886 1609 1914 tenuere
1627 1876 1762 1924 sedem,
1790 1875 1983 1914 Catholicis
2013 1876 2153 1913 interim
2191 1890 2272 1914 cum

157 1948 205 1972 ‘oo
222 1938 457 1978 Eustathiano
478 1937 582 1975 Clero
598 1937 744 1974 seorsim
760 1936 924 1974 collectas
939 1936 1141 1987 agentibus,
1153 1936 1264 1974 donec.
1282 1937 1405 1976 Ariani
1427 1938 1626 1985 Meletium,
1640 1952 1745 1989 quem
1763 1937 1887 1975 haeresi
1908 1952 1981 1975 sua·
2001 1937 2188 1975 addictum
2205 1951 2274 1989 pu·

219 2000 359 2046 tabant,
389 1999 422 2036 iu
447 1998 652 2050 episcopum
678 1996 900 2046 adlegerunt.
928 1998 974 2034 At
997 1997 1056 2034 ubi
1079 2006 1196 2049 postea
1217 1999 1470 2051 comperissent
1492 2000 1593 2037 illum
1617 1999 1812 2037 Catholicae
1837 1999 1885 2036 rei
1904 1998 2082 2037 vindicem
2107 1998 2271 2037 Arianis·

220 2075 288 2111 que
317 2060 483 2097 infestum
503 2073 590 2106 csse,
610 2058 729 2096 virum
749 2059 782 2095 in
800 2059 968 2096 exsilium
991 2058 1075 2110 pelli
1104 2069 1242 2106 curant,
1261 2060 1296 2098 in
1320 2062 1466 2113 ejusque
1502 2062 1618 2099 locum
1655 2061 1826 2099 thunium
1848 2060 2017 2098 Arianum
2039 2059 2272 2098 substituunt.

221 2122 327 2159 Tunc
346 2135 430 2159 vero
450 2130 519 2158 tres
539 2120 572 2157 in
594 2130 710 2172 partes
723 2119 890 2157 distracta
909 2120 1035 2157 civitas
1053 2121 1120 2157 suit
1138 2136 1147 2157 ε
1170 2122 1284 2172 priina
1305 2131 1378 2159 erat
1399 2123 1730 2170 liustatbianorum,
1752 2121 1826 2159 sive
1844 2135 1981 2167 cortun,
2000 2120 2060 2171 qui
2077 2122 2118 2160 ὃ.
2139 2119 2273 2158 Eusta-

222 2183 286 2221 thii
310 2192 425 2235 partes
443 2181 582 2233 sequuti
610 2183 762 2225 fuerant,
785 2181 919 2231 quique
945 2181 1078 2219 Melctii
1105 2182 1405 2228 communionem,
1426 2183 1522 2234 quod
1543 2183 1589 2221 ab
1616 2184 1756 2220 Arianis
1791 2184 1826 2220 in
1856 2182 2062 2234 episcopum
2086 2196 2126 2219 co
2150 2190 2271 2234 ptatus

220 2245 355 2289 (nisam,
380 2245 610 2296 rcspuctmnn
633 2242 785 2280 secunda
807 2243 1097 2287 Melctianoruui,
1120 2244 1255 2283 scilicet
1275 2244 1556 2291 Catholicornin‚
1578 2245 1638 2296 qui
1656 2244 1845 2283 Meletium
1865 2244 1930 2282 etsi
1946 2243 1993 2281 ab
2013 2243 2154 2281 Arianis
2173 2243 2272 2281 ordi-

221 2315 357 2353 natum,
377 2315 496 2358 utpote
525 2304 750 2341 Catholicum
770 2304 1106 2356 sanctissimumque
1136 2306 1269 2352 virum,
1292 2308 1557 2358 sequebantnr;
1578 2307 1679 2345 tertia
1706 2307 1933 2352 Arianomm,
1953 2305 2014 2356 qni
2038 2319 2118 2343 cum
2138 2304 2272 2344 Euzoio

219 2377 412 2406 conventus
432 2367 593 2417 agebant.
616 2366 794 2403 llactenus
822 2375 936 2404 tamen
954 2367 1092 2404 nonnisi
1118 2367 1191 2406 duo
1210 2368 1367 2421 episcopi
1386 2368 1586 2406 Antiocbizc
1604 2377 1718 2415 erant,
1740 2367 1911 2405 nimirum
1932 2380 1976 2404 cx
1993 2375 2091 2418 parte
2110 2365 2271 2404 Catholi-

218 2444 339 2467 corum
361 2428 538 2475 Melctius,
556 2442 599 2465 cx
616 2427 834 2465 Arianorum
854 2442 937 2466 vcro
954 2437 1053 2480 parte
1076 2429 1230 2468 Euzoius
1250 2445 1258 2466 z
1280 2444 1361 2467 nam
1380 2429 1606 2469 Eustathiani
1631 2443 1712 2467 cum
1735 2428 1886 2466 Paulino
1903 2427 2110 2481 presbytero
2126 2427 2273 2466 seorsim

218 2490 382 2529 collectas
412 2489 577 2539 agebant.
601 2488 843 2537 Quamobrem
866 2489 1081 2528 Athanasius
1104 2490 1139 2528 in
1160 2491 1306 2544 Synodo
1333 2490 1591 2539 Alexandrina,
1613 2504 1704 2528 anno
1721 2490 1812 2536 562,
1828 2490 1911 2527 totis
1935 2488 2078 2527 viribus
2094 2488 2274 2528 nitebatur

219 2561 255 2590 ut
279 2550 501 2590 Eustathiani
522 2551 721 2588 Meletianis
735 2550 1030 2602 adjungerentur,
1050 2566 1243 2604 omnesque
1261 2552 1437 2591 Catholici
1460 2567 1570 2590 unum
1601 2551 1788 2590 Meletium
1809 2551 2016 2604 episcopum
2031 2559 2273 2600 agnoscerent,

218 2614 261 2651 ad
282 2629 428 2666 eamque
445 2629 517 2651 rem
537 2613 670 2665 legatos
685 2613 776 2651 duos
791 2612 987 2651 Eusebium
1006 2615 1266 2653 vercellensem
1285 2624 1315 2653 ct
1335 2615 1513 2653 Asterium
1530 2614 1714 2667 episcopos
1730 2628 1748 2650 a
1768 2611 1916 2665 Synodo
1933 2611 2156 2650 Antiochiam
2181 2611 2274 2649 mitti

219 2675 371 2713 curavit.
391 2677 526 2714 Verum
549 2674 690 2712 iuterim
711 2673 798 2712 dum
822 2674 928 2724 leg-ui
947 2675 1015 2714 iter
1036 2687 1191 2726 agerent,
1214 2677 1357 2715 Lucifer
1370 2677 1595 2716 Calaritanns
1624 2676 1724 2728 pium
1745 2674 1927 2712 Athanasii
1952 2672 2276 2723 Alexandrina-quc

220 2735 355 2788 Synodi
381 2735 568 2773 consilium
586 2735 927 2786 interturbavit‚qui
944 2737 1136 2775 Paulinum
1154 2738 1187 2776 in
1205 2739 1411 2791 episcopum
1427 2737 1559 2788 adlegit
1575 2737 1641 2775 :ita
1661 2745 1698 2773 ιιι
1716 2745 1784 2774 tres
1811 2736 1885 2787 jain
1904 2733 2060 2786 episcopi
2081 2733 2276 2772 Antiochia:

221 2806 348 2842 essent,
377 2795 449 2834 duo
470 2796 664 2843 Catholici,
689 2810 782 2834 unus
807 2797 970 2835 Arianus.
996 2799 1053 2837 Ex
1077 2799 1142 2837 boc
1174 2811 1292 2838 autem
1328 2799 1597 2837 Catholicoruni
1618 2796 1786 2841 dissidio,
1807 2795 1900 2847 quod
1924 2795 2027 2833 annis
2047 2795 2136 2833 benc
2153 2794 2277 2833 multis

227 2858 391 2910 perstitit,
412 2858 605 2895 innumorae
621 2858 708 2895 rixa:
728 2858 882 2896 suborta·
901 2869 998 2909 sunt,
1021 2863 1260 2908 contumetim,
1282 2861 1446 2909 dicteria,
1463 2859 1669 2906 maledicta,
1693 2858 1825 2909 quibus
1851 2872 1888 2895 sc
1918 2857 2029 2895 inulto
2044 2855 2198 2895 diversis
2215 2856 2277 2895 ad—

224 2918 308 2956 dicti
339 2919 500 2972 partibus
520 2919 737 2957 lacerabant.
760 2919 933 2959 Paulinus
959 2936 1043 2960 vcro
1071 2923 1105 2961 iu
1132 2923 1338 2977 episcopum
1369 2922 1529 2961 adlectus
1555 2919 1808 2960 Alexandrina·
1828 2918 1975 2971 Synodo
1997 2918 2221 2971 subscripsit,
2242 2918 2277 2956 in

225 2994 291 3030 qua
318 2980 558 3031 Apollinarius
575 2980 810 3028 laodicenus,
836 2981 897 3032 qui
919 2997 959 3020 co
978 2992 1135 3022 oratores
1164 2999 1246 3023 suos
1262 2984 1454 3023 monachos
1478 2984 1646 3031 miserat,
1665 2990 1701 3019 ut
1734 2980 1984 3033 professionem
2017 2979 2101 3018 fidei
2135 2993 2205 3018 sua:
2243 2980 2278 3019 iu

225 3052 314 3079 cui-tu
335 3043 478 3081 l’atrum
498 3044 651 3090 ederent,
674 3045 720 3082 ita
744 3054 858 3082 taincn
884 3054 922 3083 ιιι
937 3060 1072 3085 errores
1092 3061 1174 3085 snos
1199 3047 1352 3087 snfflote
1371 3047 1570 3093 reticerent,
1591 3045 1624 3083 in
1642 3042 1928 3083 communionem
1948 3040 2163 3080 admittitur.
2186 3040 2279 3078 Pau-

228 3103 319 3139 linus
337 3113 452 3141 anti-in
473 3120 564 3141 anno
583 3106 659 3142 502
677 3105 877 3154 ordinatus,
902 3121 994 3145 anno
1016 3110 1094 3146 588
1114 3109 1168 3147 vet
1192 3110 1270 3147 585)
1291 3110 1402 3147 tinem
1425 3105 1571 3146 vivendi
1592 3105 1684 3144 fecit.

282 3162 360 3198 lla-c
382 3164 749 3215 pra-mittendaerant,
768 3176 805 3204 ιιι
827 3168 924 3205 locus
944 3169 1207 3222 (ilirysostonii,
1227 3171 1272 3208 de
1297 3185 1368 3222 qno
1396 3184 1489 3208 nunc
1514 3168 1648 3219 agitur,
1680 3165 1832 3216 intelligi
1857 3166 1976 3218 possit.
2009 3164 2128 3203 verba
2158 3173 2277 3202 autem

231 3223 304 3271 ejus
322 3224 366 3259 al»
386 3226 517 3274 usqua·
537 3226 792 3264 'silli-montius
814 3230 933 3267 retulit
954 3231 1056 3282 lunge
1080 3231 1220 3270 diversa
1234 3263 1242 3278 ,
1264 3232 1315 3271 sic
1343 3231 1472 3269 habent
1490 3246 1496 3267 :
1518 3229 1623 3268 Ἀλλὰ
1643 3227 1678 3267 τί
1703 3227 1863 3279 λέγουσιν
1889 3227 1918 3264 οἱ
1948 3226 2064 3264 πάντα
2092 3225 2197 3264 δεινοὶ
2216 3224 2278 3270 τὴν

233 3284 374 3327 aazia»,
393 3286 588 3333 Αἰρετικὸς,
609 3289 730 3338 φησιν,
751 3291 877 3334 ἐκεῖνος
903 3292 1106 3343 γεγένηται,
1124 3293 1253 3333 ἔνοικον
1274 3294 1332 3331 τὸν
1361 3293 1523 3331 διάῧο).ον
1549 3291 1654 3343 ἔχων,
1678 3289 1735 3327 καὶ
1759 3290 1875 3326 iamne
1897 3287 1986 3324 κατὰ
2009 3292 2069 3325 τοῦ
2085 3288 2178 3324 θεοῦ
2201 3286 2277 3324 ἀδι-

232 3343 320 3386 κίειν,
343 3344 398 3378 ml
419 3345 562 3386 rabah<
592 3347 645 3384 διὰ
675 3352 919 3402 -,-,αηψ,),ν,γίης
941 3354 998 3391 xa't
1028 3359 1127 3402 χεν-’ἧς
1149 3355 1286 3400 ἀπάτης
1313 3357 1362 3395 εἰς
1388 3354 1487 3404 βυθὸν
1515 3351 1692 3393 ἀπωλείας
1715 3349 1880 3400 ἀπᾶγιιιν·
1909 3349 1967 3386 καὶ
2001 3347 2055 3386 διὰ
2088 3350 2189 3385 τοῦτο
2212 3347 2280 3384 ὓπό

231 3408 297 3439 ’.ὧν
328 3403 484 3453 *affigam-⁴
506 3406 622 3444 emim
633 3423 728 3451 nvn,
762 3410 913 3459 μάὶιστα
935 3416 951 3449 δ
972 3415 1091 3453 τούτου
1113 3416 1318 3457 διδάσκαλος
1343 3422 1466 3466 {unp-tv
1494 3416 1552 3458 «εἷς
1577 3412 1790 3459 'Exul-mim:
1815 3410 2012 3460 ἀπστεςυῖιν.
2046 3409 2066 3453 ἢ
2096 3407 2151 3445 8ιᾶ
2182 3409 2279 3446 Παυ-

231 3465 343 3500 )““·””””
369 3462 472 3511 ‘'w‘'
505 3466 691 3503 ¹¹²·›Tt7'1'1‘
711 3469 730 3511 ’ἶ
754 3471 1009 3523 ’ἱπίὶηνᾶριον
1038 3476 1193 3525 >bg-unu:
1233 3478 1256 3515 l.
1281 3492 1309 3513 c*
1344 3478 1418 3513 S-rl
1449 3476 1542 3526 quid
1562 3476 1694 3513 dicunt
1725 3473 1781 3510 ιΙΙι
1824 3473 1875 3510 acl
1902 3485 2050 3509 emnem
2087 3471 2277 3508 matutam

2473 3121 2489 3241 «Μ-
