2513 3871
704 221 743 252 S.

292 205 355 269 76

284 302 322 341 in
340 303 497 342 confesso
514 311 584 350 est,
599 302 766 354 plurimis
782 315 851 340 non
869 300 1028 352 indigere
1040 301 1240 339 maximum

285 371 338 402 est
357 364 506 406 bonum,
518 372 617 400 extra
634 376 777 400 omnem
794 376 913 400 rerum
931 376 1037 400 usum
1057 376 1146 407 esse,
1162 375 1240 399 ma-

282 425 371 477 joris
388 424 543 476 profecto
563 422 743 461 felicitatis
760 423 841 460 erit.
866 424 900 460 Is
920 423 1015 461 enim
1041 423 1102 474 qui
1127 437 1240 474 neque

285 485 382 529 sitit,
407 497 519 534 neque
537 493 632 521 amat
648 483 753 532 (nihil
771 483 863 521 enim
881 483 1029 536 impedit
1047 483 1238 534 quominus

284 545 330 583 ad
349 543 472 582 eadem
486 544 649 597 exempla
670 543 894 594 redeamus),
908 559 976 582 non
994 544 1100 583 modo
1114 544 1158 583 iis
1175 545 1239 596 qui

285 619 425 657 semper
443 605 590 650 sitiunt,
606 615 640 643 et
659 619 797 658 semper
813 614 948 654 amant,
963 605 1025 644 sed
1046 606 1090 644 iis
1107 607 1214 645 etiam
1226 637 1235 653 ,

285 667 346 717 qui
362 666 406 704 ad
426 666 535 705 breve
554 676 694 719 tempus
713 667 778 705 hoe
797 668 996 719 patiuntur,
1017 676 1050 706 et
1068 669 1239 721 concupi-

284 728 454 766 scentiam
473 729 617 781 explent
633 759 642 775 ,
663 730 768 780 longo
783 729 920 768 beatior
932 743 1006 767 esse
1025 739 1241 769 monstratus

286 798 352 835 est,
375 798 498 841 utpote
516 791 577 841 qui
599 790 633 827 in
650 790 759 841 hujus
779 790 996 828 necessitatis
1014 791 1240 843 experimen-

285 859 362 888 tum
384 863 452 888 non
474 849 652 889 inciderit.
675 851 915 889 Percontabor
931 860 963 889 te
977 866 1116 898 rursus,
1133 853 1162 890 si
1183 853 1238 890 di·

285 911 384 949 vitiis
403 911 496 950 ultra
516 926 637 950 omnes
659 911 814 950 eminere
829 943 838 961 ‚
855 913 968 964 iisque
991 922 1106 951 tamen
1136 914 1240 952 malis

284 973 396 1011 eximi
415 1003 426 1017 ,
447 988 527 1024 quae
550 974 664 1012 solent
693 974 761 1012 illae
792 989 915 1026 parere
929 1005 939 1020 ‚
964 975 1102 1021 liceret,
1123 990 1238 1014 annon

284 1034 478 1072 sexcenties
494 1044 707 1087 praeoptares
737 1035 801 1073 bac
826 1035 993 1074 felicitate
1012 1037 1082 1074 frui
1101 1066 1110 1085 ,
1134 1037 1181 1075 ita
1203 1047 1242 1075 ut

285 1107 355 1132 non
382 1094 579 1141 invidiam,
599 1110 668 1134 non
697 1096 893 1134 calumnias
911 1126 920 1143 ,
943 1111 1011 1134 non
1033 1111 1155 1140 curas,
1171 1111 1241 1136 non

283 1155 481 1207 quidquam
511 1157 612 1195 aliud
639 1159 814 1210 ejusmodi
846 1159 1046 1210 patereris?
1065 1159 1104 1197 Si
1132 1159 1242 1209 igitur

285 1217 403 1255 filium
435 1227 535 1255 tuum
569 1218 644 1256 haec
666 1218 784 1256 omnia
820 1218 950 1256 habere.
977 1228 1241 1263 monstravero,

284 1278 358 1315 imo
374 1278 478 1329 longe
494 1278 660 1316 ditiorem
687 1293 783 1317 nunc
803 1293 876 1316 esse
891 1309 903 1325 ,
925 1280 1078 1316 linemne
1098 1280 1240 1317 tandem

285 1339 392 1377 facies
407 1339 552 1390 lugendi
570 1348 640 1376 tam
659 1340 907 1378 amarfflsane
925 1339 1019 1389 quod
1037 1340 1174 1377 solutus
1194 1339 1241 1378 sit

285 1400 382 1438 curis
402 1400 553 1451 aliisque
569 1399 674 1437 malis
689 1429 698 1447 ,
715 1414 794 1451 quae
817 1399 929 1437 solent
947 1399 1095 1438 divitias
1110 1400 1238 1438 subse-

284 1462 362 1513 qui,
384 1475 498 1512 neque
515 1461 591 1513 ipse
607 1461 774 1512 negabis;
791 1460 871 1499 ideo
894 1475 956 1499 nos
981 1461 1027 1498 ad
1051 1471 1083 1499 te
1105 1461 1150 1499 de
1175 1461 1241 1500 bac

284 1536 322 1560 re
340 1522 448 1560 verba
466 1522 580 1559 facere
598 1535 736 1559 necesse
764 1536 833 1559 non
863 1531 914 1559 est
937 1537 945 1558 τ
966 1522 1096 1572 quaeris
1122 1532 1241 1560 autem

283 1583 463 1634 quomodo
489 1582 549 1620 ille
577 1591 610 1620 te
633 1583 679 1620 sit
700 1582 904 1634 opulentior
920 1611 930 1629 ,
947 1583 1007 1633 qui
1031 1591 1102 1621 tam
1128 1583 1242 1621 multa

283 1644 456 1697 possides
482 1643 556 1681 Hoc
578 1653 611 1681 te
634 1643 843 1681 docebimus
859 1673 870 1689 ,
893 1643 1242 1682 demonstrabimus-

284 1720 352 1756 que
375 1715 432 1752 te,
453 1706 514 1756 qui
537 1705 655 1756 ipsum
677 1705 711 1742 in
735 1715 894 1742 extrema
920 1718 1014 1742 nunc
1035 1714 1244 1757 paupertate

285 1767 414 1818 degere
431 1766 618 1803 arbitraris
637 1795 646 1814 ,
668 1765 736 1804 hoc
755 1766 874 1818 ipsum
893 1765 992 1818 pati,
1009 1766 1038 1803 si
1067 1779 1149 1803 cum
1181 1766 1244 1804 illo

286 1827 515 1881 compareriS.

339 1957 376 2009 4.
397 1958 521 2008 Neque
539 1966 641 2009 putes
661 1971 717 1996 me
733 1957 778 1995 de
791 1957 991 1996 caelestibus
1006 1957 1110 1996 bonis
1126 1958 1246 2009 loqui,

287 2019 402 2071 deque
421 2019 464 2056 iis
478 2033 556 2070 quae
572 2018 755 2071 posthanc
773 2020 883 2057 vitam
905 2019 1096 2057 advenient
1113 2036 1122 2058 :
1141 2033 1186 2057 ex
1205 2019 1246 2057 iis

287 2080 382 2118 enim
397 2094 475 2130 quae
496 2079 628 2117 suntin
648 2080 812 2117 manibus
826 2090 1077 2132 argumentum
1099 2080 1243 2118 ducam.

290 2139 348 2177 Tu
367 2139 486 2190 itaque
504 2154 625 2178 eorum
642 2149 781 2178 tantum
801 2154 879 2190 quae
904 2140 1061 2192 possides
1081 2139 1248 2178 dominus

289 2214 345 2238 cs:
360 2199 420 2238 ille
432 2214 514 2239 vero
527 2201 688 2239 omnium
705 2214 783 2251 qua}
804 2211 886 2239 sunt
906 2201 942 2239 in
963 2201 1048 2239 orbe
1061 2211 1248 2239 terrarum.

290 2261 328 2299 Si
349 2260 385 2298 id
410 2275 478 2299 non
499 2261 636 2310 credis,
660 2276 726 2314 age
744 2271 776 2300 te
800 2262 843 2299 ad
869 2262 973 2300 illum
997 2263 1217 2301 adducamus
1235 2293 1246 2309 ‚

290 2323 394 2373 eique
408 2321 640 2370 suadeamus,
658 2333 696 2361 ut
714 2322 760 2361 de
782 2332 901 2361 monte
918 2323 1132 2362 descendens
1146 2355 1156 2370 ,
1177 2326 1249 2363 imo

290 2385 408 2437 potius
424 2385 499 2422 illic
516 2384 682 2431 residens,
696 2385 803 2422 alicui
816 2400 859 2423 ex
877 2386 932 2433 iis,
948 2386 1007 2436 qui
1026 2385 1158 2424 divites
1170 2386 1252 2423 val-

290 2446 337 2484 de
355 2446 535 2497 simulque
556 2446 712 2497 religiosi
729 2455 828 2495 sunt,
850 2445 1020 2492 mandet,
1043 2447 1112 2485 sibi
1134 2448 1251 2486 mittat

292 2518 428 2546 tantum
442 2509 517 2546 auri
533 2508 687 2561 pondus,
705 2518 880 2560 quantum
899 2510 974 2561 ipse
993 2511 1156 2549 viszsive
1169 2511 1251 2561 quia

294 2569 404 2608 idille
418 2583 485 2608 non
504 2579 694 2622 pateretur,
706 2570 813 2607 alicui
833 2570 1005 2621 indigenti
1021 2571 1250 2624 darejubeat,

296 2631 505 2682 videbisque
520 2631 671 2669 divitem
687 2631 841 2669 alacrius
859 2632 1109 2683 obsequentem
1130 2643 1162 2670 et
1177 2648 1253 2671 ero·

298 2701 438 2743 gantem
457 2722 466 2739 ,
485 2706 592 2743 quam
622 2693 750 2731 faceret
771 2706 862 2730 unus
881 2707 927 2730 ex
947 2692 1253 2745 dispensatoribus

298 2753 383 2791 tuis.
393 2753 459 2792 llic
471 2754 614 2806 quippe,
627 2767 709 2791 cum
723 2753 861 2804 aliquid
874 2754 1022 2806 jubetur
1033 2755 1254 2807 impendere,

297 2814 409 2852 tristis
425 2829 466 2852 ac
488 2829 637 2852 moerens
661 2814 697 2852 id
718 2815 820 2862 sacit3
840 2825 959 2854 contra
985 2816 1046 2854 ille
1071 2830 1152 2855 cum
1184 2831 1252 2855 non

299 2875 487 2927 impendit,
501 2884 584 2912 tunc
598 2875 784 2913 anxiusest
801 2889 843 2914 ne
858 2876 892 2914 in
912 2877 1035 2928 aliquo
1050 2877 1253 2929 ostenderit,

300 2934 395 2985 quod
423 2935 491 2974 sibi
526 2935 615 2973 nihil
645 2936 849 2988 hujusmodi
884 2938 1090 2990 imperetur.
1120 2940 1256 2979 Multos

302 3007 394 3036 certe
412 2997 475 3036 tibi
493 3012 631 3050 possem
652 2997 851 3047 ostendere,
863 3013 931 3037 non
947 3014 991 3038 ex
1010 3000 1268 3040 illustrioribus

348 3165 362 3179 «-
386 3153 501 3187 moret.
531 3159 735 3192 ἀποῧίῧιιιιτιι
762 3164 797 3197 ὡς
824 3163 924 3202 μηδέ,
952 3159 1055 3194 Savil.
1080 3169 1114 3193 et
1136 3160 1203 3194 duo
1232 3162 1308 3196 Mss.

304 3211 510 3243 ariolamur
523 3234 533 3250 ‚
550 3215 564 3244 ὀ
580 3214 667 3252 (mr-al·

351 3262 367 3286 b
392 3261 466 3294 Duo
484 3263 559 3294 Mss.
576 3278 607 3296 συ
594 3268 766 3306 tofa-nix,
782 3290 789 3304 ,
807 3281 849 3305 μν
854 3280 885 3298 τι
904 3270 949 3299 ἐπ
945 3269 1002 3299 ίου
1008 3269 1078 3303 >dti-
1096 3275 1175 3308 μήτε
1194 3281 1314 3313 ριοντ·

306 3316 375 3354 δας,
392 3319 465 3357 μήτ’
486 3319 562 3349 ἀλλο
580 3331 642 3358 farm
634 3330 674 3348 υ
699 3330 728 3348 τ
721 3325 758 3348 ὧν
781 3331 824 3349 το’
828 3331 921 3350 οντων
948 3333 1055 3361 σχον-α
1080 3322 1241 3361 ὖιῑςωμςν,
1268 3324 1313 3353 ὅτι

306 3371 380 3411 lurp
395 3373 440 3401 dx:
430 3376 483 3401 ῐνο
502 3374 557 3411 ἡγῆ
575 3373 622 3401 νῦν
638 3373 666 3400 ἰν
683 3382 718 3401 π.
722 3374 787 3401 21⁴2:
809 3368 853 3399 im
869 3377 903 3401 ut
921 3378 1000 3402 octo
1019 3370 1068 3402 vel
1086 3382 1205 3403 novem
1223 3370 1314 3404 linee

307 3418 416 3452 desint
430 3422 576 3463 ,quaein
595 3419 1243 3466 suit.«1»ton-t.hwtnnuw,‹1naeq·w
1269 3422 1311 3456 ml

781 219 969 252 JOANMS
1003 217 1246 250 CHRYSOST.
1289 217 1495 251 Aucmffl’.
1534 218 1893 250 CONSTANTINOP-

1313 302 1441 355 ἑτέρων
1459 333 1469 350 ,
1494 303 1586 341 ἀλλὰ
1617 305 1737 354 πολλῷ
1769 303 1905 352 βέλτιον
1929 300 1988 339 καὶ
2020 302 2090 340 τῶν
2109 302 2345 341 ἐπιτεθέντα»

1310 361 1378 409 ἤδη
1402 369 1644 416 καταφρονεῖν.
1666 365 1709 402 Εἰ
1741 362 1810 414 γὰρ
1842 363 1882 400 τὸ
1914 361 1963 412 μὴ
2000 363 2132 400 δεῖσθαι
2165 362 2336 400 πλειόνων

1311 425 1599 475 συνωμολόγηται
1627 424 1791 476 μέγιστον
1816 423 1854 461 ὃν
1875 424 2023 474 ἀγαθὸν,
2041 424 2082 462 τὸ
2100 423 2160 462 καὶ
2185 426 2249 471 τῆς
2265 426 2336 462 τῶν

1310 484 1419 522 ὄντων
1452 486 1573 538 χρείας
1614 484 1780 537 ἐξώτερον
1818 478 1929 532 εἶναι,
1964 484 2117 534 μείζονος
2146 484 2336 537 εὐπραγίας

1312 545 1353 582 ἂν
1379 546 1445 591 εἴη.
1467 546 1513 585 ‘O
1543 547 1610 598 γὰρ
1639 547 1760 598 ἄδιψος
1790 547 1917 589 ἐκεῖνος
1950 546 2011 584 καὶ
2046 546 2232 598 ἀνέραστος
2252 550 2263 588 (
2281 547 2338 583 οὐ·

1311 605 1369 645 δὲν
1395 607 1462 659 γὰρ
1495 608 1622 646 κωλύει
1651 607 1757 645 πάλιν
1788 607 1846 645 ἐπὶ
1870 607 1913 646 τὰ
1946 606 2035 645 αὐτὰ
2061 608 2172 645 ἐλθεῖν
2198 606 2339 644 ὑποδεί-

1309 673 1450 720 γματα)
1470 670 1508 707 οὗ
1527 673 1596 708 τῶν
1616 670 1670 707 ἀεὶ
1690 668 1870 720 διψώντων
1893 668 2009 718 μόνον,
2028 667 2105 706 οὐδὲ
2134 669 2201 705 τῶν
2225 666 2337 718 ἐρών-

1311 745 1380 768 των
1405 731 1477 778 ἀεὶ,
1496 731 1587 769 ἀλλὰ
1616 731 1675 768 καὶ
1694 732 1762 768 τῶν
1789 732 1822 768 ἐν
1850 732 1977 782 βραχεῖ
2006 733 2107 768 τοῦτο
2125 728 2307 767 παθόντων
2325 758 2335 773 ,

1311 790 1371 828 καὶ
1389 790 1652 843 πληρωσάντων
1671 791 1734 837 τὴν
1761 790 1947 840 ἐπιθυμίαν
1968 791 2088 842 πολλῷ
2118 789 2340 841 μακαριώτε·

1315 866 1369 903 ρος
1389 851 1438 888 ὧν
1456 853 1724 891 ’ἀποδέδεικται
1740 882 1748 897 ,
1768 854 1814 895 ὡς
1835 851 1923 900 μηδὲ
1952 853 1999 895 εἷς
2028 857 2152 903 πεῖραν
2172 849 2338 901 ἐμπεσὼν

1314 915 1375 958 τῆς
1391 912 1552 959 τοιαύτης
1576 913 1743 963 ἀνάγκης.
1764 912 1962 966 Ἐρήσομαι
1982 912 2018 951 δέ
2038 928 2075 951 σε
2095 912 2215 958 πάλιν,
2232 914 2263 950 εἷ
2281 912 2341 950 καὶ

1313 974 1571 1024 ὓπερὸαλέσθαι
1602 976 1651 1025 τῷ
1677 973 1818 1025 πλούτῳ
1846 974 1980 1016 πάντας
2011 974 2070 1011 καὶ
2098 976 2167 1011 τῶν
2195 973 2342 1012 ἀπὸτοῦ

1314 1036 1464 1074 πλούτου
1486 1039 1603 1073 κακῶν
1631 1037 1879 1086 ἀπαλλαγῆναι
1902 1038 1980 1081 ἐνῆν
1994 1065 2003 1082 ,
2027 1030 2094 1088 ἆρα
2117 1036 2180 1074 οὐκ
2209 1034 2250 1072 ἂν
2271 1050 2344 1086 μυ-

1318 1098 1432 1148 ριάκις
1473 1097 1606 1142 ταύτην
1643 1097 1734 1135 εἵλου
1773 1097 1837 1143 τὴν
1876 1097 2100 1149 περιουσίαν,
2130 1095 2221 1135 ὥστε
2255 1095 2350 1146 μήτε

1317 1160 1534 1208 βασκανίας,
1568 1159 1656 1209 μήτε
1686 1158 1970 1210 ι’συκο’.ζιαντίας,
2008 1159 2097 1208 μήτε
2135 1157 2345 1210 φροντίδος,

2283 1217 2345 1255 Ἂν

1314 1280 1428 1316 τοίνυν
1464 1280 1522 1316 καὶ
1561 1284 1662 1318 τοῦτο
1699 1279 1824 1330 ἔχοντα
1863 1279 2028 1329 δείξωμεν
2062 1279 2121 1316 τὸν
2157 1279 2252 1325 υἱὸν,
2286 1278 2347 1316 καὶ

1317 1220 1398 1268 μήτ’
1416 1220 1522 1257 ἄλλου
1558 1219 1705 1269 μηδενὸς
1734 1221 1803 1256 τῶν
1836 1218 2002 1257 τοιούτοιν
2043 1219 2253 1270 ἀνέχεσθαι;

1316 1340 1482 1390 μειζόνως
1502 1340 1738 1392 εὐπορώτερον
1759 1340 1842 1377 ὄντα
1861 1343 1939 1386 νῦν,
1959 1339 2078 1391 παύσῃ
2105 1341 2239 1391 θρηνῶν
2259 1339 2348 1377 πάν-

1314 1417 1382 1445 τως
1411 1401 1471 1440 καὶ
1497 1400 1749 1453 ὀλοφυρόμενος
1779 1400 1871 1439 οὕτω
1904 1403 2059 1453 πικρῶς;
2077 1399 2162 1439 υΟϊι
2196 1399 2260 1450 μὲν
2289 1393 2347 1438 οὖν

1315 1463 1506 1515 φροντίδων
1541 1463 1788 1510 ἀπήλλακται,
1815 1462 1875 1500 καὶ
1910 1465 1980 1501 τῶν
2018 1463 2134 1501 ἄλλων
2165 1464 2234 1500 τῶν
2268 1463 2350 1500 ἐπι-

1316 1525 1515 1578 συρομένων
1545 1527 1595 1575 τῷ
1624 1524 1766 1577 πλούτῳ
1787 1527 1927 1571 κακῶν,
1949 1524 2026 1564 οὐδὲ
2047 1524 2149 1567 αὐτὸς
2182 1525 2347 1577 ἀντερεῖς·

1317 1588 1436 1638 διόπερ
1465 1586 1543 1625 οὐδὲ
1563 1589 1647 1636 ἡμῖν
1676 1587 1756 1638 περὶ
1774 1587 1906 1624 τούτων
1935 1586 2071 1638 ἀνάγκη
2091 1585 2178 1637 πρὸς
2206 1584 2244 1623 σὲ
2270 1585 2348 1622 δια·

1316 1649 1491 1697 λέγεσθαι·
1513 1650 1628 1693 ζητεῖς
1647 1646 1681 1686 δὲ
1704 1651 1825 1693 μαθεῖν
1850 1651 1924 1691 πῶς
1951 1647 2187 1699 εὐπορώτερος
2205 1649 2265 1684 τοῦ
2290 1661 2349 1684 το-

1318 1715 1428 1748 σαῦτα
1448 1708 1587 1761 ἔχοντός
1611 1723 1682 1747 σου.
1711 1710 1826 1747 Τοῦτο
1846 1709 1887 1755 δή
1909 1725 1947 1747 σε
1967 1708 2149 1758 διδάξομεν
2162 1737 2172 1754 ,
2189 1707 2248 1745 καὶ
2277 1707 2350 1745 δεί-

1317 1771 1436 1821 ξομεν,
1452 1771 1505 1808 ὅτι
1543 1770 1629 1821 ὅπερ
1655 1773 1723 1821 ἡγῇ
1746 1772 1874 1807 ἐκεῖνον
1895 1773 1955 1806 νῦν
1988 1763 2077 1807 εἶναι
2106 1772 2141 1808 ἐν
2174 1768 2279 1820 πενία
2303 1771 2348 1820 τῇ

1317 1833 1470 1885 ἐσχάτῃ,
1486 1835 1586 1870 τοῦτο
1611 1831 1712 1874 αὐτὸς
1742 1831 1828 1883 πρὸς
1851 1831 1980 1869 ἐκεῖνον
2011 1829 2252 1880 ἐξεταζόμενος
2280 1828 2351 1868 πέ-

1318 1898 1458 1936 πονθας.

1374 1957 1444 1995 Καὶ
1467 1955 1516 2006 μή
1538 1971 1592 1994 τοι
1611 1954 1758 2007 νομίσῃς
1774 1954 1818 1993 τὰ
1836 1957 1869 1994 ἐν
1890 1960 1961 1998 τοῖς
1976 1956 2132 2008 οὐρανοῖς
2148 1957 2243 2004 ἡμᾶς
2261 1955 2350 2006 ἐρεῖν

1321 2017 1453 2069 ἀγαθα,
1467 2017 1526 2055 καὶ
1548 2017 1592 2054 τὰ
1615 2016 1703 2066 μετὰ
1725 2016 1788 2061 τὴν
1810 2016 1942 2054 ἐνθένδε
1961 2015 2180 2066 ἀποδημίαν·
2195 2016 2265 2054 ἀπὸ
2282 2015 2350 2067 γὰρ

2298 2077 2349 2116 Συ

1324 2141 1386 2193 μὲν
1414 2157 1472 2179 Ουν
1491 2156 1560 2178 'ttiv
1587 2155 1715 2178 cmm-’ou
1741 2154 1856 2191 ΧυρῑΟς
1876 2131 1907 2176 Εἴ
1926 2154 2054 2188 μονον,
2072 2139 2201 2181 ΕΧΕῙνΟς
2223 2137 2259 2176 δὲ
2280 2154 2350 2176 'tt-w

1320 2097 1390 2118 των
1421 2082 1454 2118 ἓν
1481 2079 1614 2131 Zep⁶l⁰
1626 2094 1709 2121 τεως
1739 2077 1960 2126 ποιησόμεθα
1986 2077 2050 2123 τὴν
2082 2076 2271 2121 ἀπόδειξιν.

1323 2202 1415 2241 κατα
1434 2202 1497 2248 τὴν
1524 2199 1729 2250 οἰκουμένην
1753 2200 1905 2238 ἅπασαν.
1927 2200 1970 2237 Ε’
1962 2216 1971 2236 ι
1999 2199 2033 2236 δὲ
2055 2202 2234 2247 ἀπιστεῖς,
2251 2199 2352 2252 δευρό

1324 2281 1363 2303 σε
1379 2263 1567 2315 ἀγάγωμεν
1583 2262 1655 2304 ι“εἷ;
1672 2261 1794 2308 αὐτὸν,
1814 2260 1873 2298 καὶ
1894 2260 2072 2310 πείσωμεν
2092 2260 2196 2298 αὐτὸν
2218 2262 2351 2299 κατελ-

1324 2325 1428 2362 θόντα
1449 2324 1518 2362 ἀπὸ
1537 2327 1596 2360 τοῦ
1624 2323 1743 2375 ὄρους,
1760 2323 1894 2372 μᾶλλον
1910 2320 1946 2359 δὲ
1973 2323 2045 2359 ἐκεῖ
2065 2321 2214 2371 μένοντα
2233 2328 2352 2372 σημᾶ·

1324 2387 1380 2423 ναί
1400 2401 1468 2424 τινι
1483 2387 1551 2423 τῶν
1573 2384 1705 2435 σφόδρα
1725 2383 1966 2421 πλουτούντων
1984 2382 2045 2421 καὶ
2064 2382 2237 2430 εὐλαὸῶν,
2255 2383 2354 2434 πέμ-

1323 2450 1388 2500 ψαι
1418 2450 1548 2499 χρυσοῦ
1577 2445 1749 2495 σταθμὸν,
1768 2443 1847 2483 ὅσον
1870 2443 1996 2487 ἐθέλεις
2011 2459 2018 2467 ·
2035 2444 2168 2494 μᾶλλον
2189 2442 2225 2482 δὲ
2252 2447 2354 2483 τοῦτο

1326 2509 1387 2560 μὲν
1410 2510 1474 2547 οὐκ
1494 2508 1664 2552 ἀνέξεται,
1681 2506 1798 2544 δοῦναι
1816 2504 1850 2544 δὲ
1867 2508 1917 2558 τῷ
1934 2506 2018 2543 δεῖνι
2040 2504 2194 2557 δεομένῳ
2213 2505 2354 2543 κελευέ-

1324 2587 1386 2616 τω,
1404 2570 1464 2609 καὶ
1482 2568 1739 2621 προθυμότερον
1755 2566 1832 2618 ὄψει
1849 2565 1907 2603 τὸν
1927 2567 2142 2604 πλουτοῦντα
2160 2566 2356 2605 ὑπακούον-

1325 2649 1369 2670 τα
1388 2647 1447 2669 και
1465 2629 1692 2679 ἐκκομίζοντα
1704 2658 1712 2672 ,
1733 2627 1846 2673 ἢὲῶν
1872 2628 2064 2676 οἰκονόμων
2083 2625 2161 2664 τινὰ
2179 2629 2248 2665 τῶν
2264 2630 2351 2666 σῶν.

1326 2695 1440 2734 Οὗτος
1463 2691 1525 2741 μὲν
1544 2689 1611 2741 γὰρ
1632 2689 1714 2727 ὅταν
1735 2687 1936 2726 ἀναλίσκειν
1955 2687 2175 2735 “κελεύηται,
2192 2688 2354 2740 κατηφής

1326 2753 1365 2792 τέ
1380 2755 1454 2792 ἐστι
1473 2751 1532 2790 καὶ
1550 2750 1771 2802 σκυθρωπός·
1792 2751 1918 2791 ἐκεῖνος
1936 2748 1970 2787 δὲ
1990 2748 2072 2787 ὅταν
2093 2749 2143 2799 μὴ
2160 2750 2353 2802 ἀναλίσκῃ,

1327 2815 1406 2852 τότε
1424 2813 1555 2852 δέδοικε
1577 2811 1625 2862 μή
1645 2826 1729 2848 ποτε
1753 2809 2040 2860 προσκεκρουκὼς
2059 2805 2102 2861 ᾖ,
2119 2810 2179 2849 ἅτε
2198 2815 2354 2850 τοιοῦτον

1329 2875 1598 2924 ἐπιταττόμενος
1628 2872 1738 2910 οὐδέν.
1756 2870 1825 2909 Καὶ
1857 2870 2005 2914 πολλοὺς
2031 2871 2201 2915 ἐπιδεῖξαι
2226 2872 2298 2924 ἔχω
2316 2874 2355 2912 οὗ

1330 2940 1397 2977 τῶν
1418 2935 1608 2985 εὐδοκίμων
1634 2933 1784 2976 τούτων,
1801 2932 1890 2969 ἀλλὰ
1913 2932 1971 2969 καὶ
1992 2934 2060 2969 τῶν
2083 2933 2353 2985 εὐτελεστέρων,

1330 2998 1502 3043 τοσαύτην
1517 2997 1660 3049 ἔχοντας
1676 2994 1833 3043 δύναμιν.
1847 2994 1915 3032 Καὶ
1933 2994 1973 3032 σὺ
1991 2993 2066 3044 μὲν,
2080 2994 2119 3031 ἂν
2134 2997 2164 3033 οἱ
2180 2994 2357 3046 οἰκονόμοι

1345 3161 1461 3193 seriem
1481 3155 1644 3199 pertinere
1663 3151 1827 3185 xideiitur.

1390 3223 1403 3237 ⁶
1427 3217 1498 3248 τέως
1515 3208 1607 3240 deest
1625 3208 1656 3238 in
1671 3205 1802 3237 duobus
1818 3206 1896 3236 Mss.

1391 3265 1406 3288 ¹¹
1434 3261 1539 3294 tidem
1555 3266 1628 3303 πρὸς
1649 3263 1747 3292 αὐτόν.

1388 3325 1400 3340 ε
1427 3314 1533 3347 Iidem
1550 3311 1617 3344 duo
1634 3310 1849 3352 Manuscripti
1877 3324 1907 3343 κε
1898 3312 2042 3346 deum-21·
2072 3317 2140 3344 τότε
2162 3323 2257 3352 mars,
2263 3317 2294 3348 μ,-
2324 3320 2357 3345 ff

1349 3375 1409 3402 ἐστι
1425 3371 1473 3400 ναὶ
1500 3371 1638 3406 στυγνός
1656 3368 1760 3400 dativae
1781 3365 1823 3395 δέ.
1844 3362 1916 3394 Mox
1936 3360 2033 3393 ὶὶιΙιῐη
2051 3364 2098 3396 32⁷3
2101 3375 2159 3395 01¹
2175 3370 2248 3403 ’μή-ι
2265 3377 2359 3408 πρυ,

1351 3437 1379 3455 ιι
1386 3436 1510 3468 qaam,
1517 3418 1636 3451 .Ιη11·.ι
1657 3416 1780 3449 iidem
1771 3422 1806 3450 ἀν
1823 3431 1848 3449 οι
1872 3421 2016 3457 οἰκονόμοι
2036 3419 2124 3452 αὐτῆς
2139 3424 2224 3456 raim
2240 3420 2289 3448 ’ά
