2549 3825
664 265 721 294 AD
759 266 999 296 STAGiluuxu
1042 269 1065 296 Α
1106 267 1301 298 ΒΕΜΟΝΓ.
1341 270 1578 300 VEXATUM.

184 344 277 393 λοντι
304 352 429 405 κρίνειν
457 355 568 401 ἡμᾶς·
596 351 660 395 ἕως
688 353 717 389 δ’
739 352 779 390 ἂν
798 354 906 402 μηδὲν
932 358 1084 392 τοιοῦτον
1110 347 1204 404 ῶμεν

182 414 373 457 συνειδότες
416 414 549 454 ἑαυτοῖς
566 440 577 459 ,
609 412 701 456 τίνος
732 412 846 450 ἕνεκεν
888 414 1205 465 ἐγκαλυπτόμεθα;

179 474 270 513 Οὐδὲ
289 474 374 526 γὰρ,
396 474 427 512 εἴ
443 472 495 517 τίς
509 488 548 510 σε
566 471 668 523 μόνον
691 473 880 512 ἀπολαὸὼν
901 474 1047 513 ἔτυπτεν
1082 475 1202 518 ἁπλῶς

181 535 239 574 καὶ
266 534 374 586 μηδὲν
399 534 488 587 ἔχων
509 535 687 585 ἐγκαλεῖν,
713 533 735 580 ἢ
763 534 870 573 πάλιν
903 535 1133 587 κατέῤῥιπτεν
1159 535 1206 578 εἷς

180 596 243 643 τὴν
261 600 344 647 γῆν,
365 596 406 634 σὺ
436 595 472 635 δὲ
503 595 618 633 πάντα
641 595 761 647 πράως
791 595 940 647 ἐνεγκὼν
977 596 1204 647 ἀπηλλάγης,

178 659 266 695 “οὗκ
289 656 458 709 αἰσχύνης
477 657 516 694 τὸ
546 663 695 708 πρᾶγμα
713 651 777 705 ἧν,
802 656 894 695 ἀλλὰ
921 656 1124 709 φιλοσοφίας
1145 656 1205 695 καὶ

181 720 249 756 τῶν
264 718 438 769 μεγίστων
457 717 621 756 ἐπαίνων.
638 713 728 757 Εἶτα
749 717 942 772 ἀνθρώπιον
964 718 1026 769 μὲν
1050 720 1206 770 ἐπηρεα-

181 779 317 826 ζόντων,
327 780 367 818 τὸ
380 779 495 831 φέρειν
509 779 572 826 τὴν
586 779 753 830 ἐπήρειαν
765 779 905 823 ἔπαινος
916 795 923 802 ·
937 784 997 817 τοῦ
1012 779 1047 818 δὲ
1062 780 1204 818 πάντων

180 839 411 892 πονηροτέρου
429 840 470 878 τὸ
489 840 571 878 αὐτὸ
597 845 698 878 τοῦτο
720 844 900 884 ποιοῦντος
914 870 922 885 ,
944 843 962 878 ὁ
983 840 1045 886 τὴν
1073 841 1204 879 ἐκείνου

181 900 305 951 μανίαν
334 899 500 952 γενναίως
527 899 675 952 ἐνεγκὼν
705 900 940 939 καταδύσεται
971 903 1018 944 ὡς
1037 901 1202 953 ἐπίψογον

1622 271 1707 300 [ΑΒ.
1746 271 1793 300 u.
2149 257 2240 299 223

1232 358 1255 387 E
1280 364 1370 403 tem,
1397 356 1456 396 sed
1484 357 1728 409 impellentem
1753 369 1962 394 accusamus
1987 367 2122 393 omnes.
2142 355 2243 394 Utile

1280 416 1424 466 quidem
1452 428 1504 456 est
1531 419 1756 464 erubescere,
1783 417 1845 456 sed
1875 427 1950 455 tum
1977 417 2134 468 profecto
2165 430 2247 454 cum

1278 476 1418 527 aliquid
1446 480 1658 529 gesserimus
1688 477 1785 529 quod
1813 478 1875 515 ille
1903 477 2056 528 dignum
2084 478 2246 515 cruciatu

1277 536 1433 587 judicet,
1450 540 1510 589 qui
1527 553 1588 577 nos
1600 538 1828 591 judicaturus
1842 538 1877 575 in
1896 538 1964 575 [ine
1978 546 2041 575 est.
2060 537 2246 583 Quamdiu

1280 606 1398 635 autem
1418 599 1509 636 nihil
1535 598 1745 652 hujusmodi
1764 598 1869 637 nobis
1899 597 2031 636 conscii
2052 598 2245 644 fuerimus,

1279 658 1381 709 cujus
1407 661 1458 696 rei
1487 662 1600 711 gratia
1632 659 1916 698 confundimur?
1944 659 2068 708 Neque
2095 659 2190 696 enim
2218 659 2249 696 si

1278 718 1358 768 quis
1377 719 1452 757 sinc
1470 722 1606 759 ratione
1629 721 1791 771 nihilque
1811 720 1916 757 laesus
1942 729 1976 756 te
1998 718 2161 767 caederet,
2185 726 2248 756 aut

1278 779 1314 816 in
1339 789 1469 818 terram
1495 782 1680 834 dejiceret,
1710 792 1821 831 tuque
1847 780 1945 818 omni
1974 779 2247 817 mansuetudine

1278 840 1432 879 tolerans
1447 843 1585 890 abires,
1603 842 1820 881 confusionis
1838 855 1877 878 ea
1895 854 1950 878 res
1965 849 2072 888 esset,
2090 839 2152 877 sed
2167 840 2247 891 phi-

1279 902 1452 955 losophiae
1492 904 1810 954 maximarumque
1828 901 1994 941 laudum.
2015 901 2123 948 Quod
2139 901 2168 938 si
2183 901 2247 939 ho-

179 967 326 1013 πρᾶγμα
357 963 496 1008 ποιῶν;
526 961 596 999 Καὶ
627 961 662 998 τί
695 960 825 1007 ταύτης
867 965 930 1008 τῆς
969 961 1264 1015 ἐναντιώσεως181
1279 963 1441 1002 minibus
1459 964 1933 1017 injuriasinferenfibm,id
1948 963 2101 1016 perferre
2120 962 2248 1014 glorio·

180 1021 392 1074 ἀλογώτερον
414 1020 538 1073 γένοιτ’
557 1022 618 1069 ἅν;
639 1023 684 1060 Εἰ
701 1020 763 1071 μὲν
783 1021 852 1073 γὰρ
871 1022 940 1061 ἀπὸ
958 1024 1023 1068 τῆς
1037 1022 1205 1067 πτώσεως

179 1083 329 1126 ἀναστὰς
343 1083 494 1130 ἐκείνης,
509 1083 637 1122 ἄτοπόν
652 1099 686 1121 τι
697 1083 828 1134 πρᾶξαι
842 1083 1027 1136 προήχθης
1041 1082 1063 1130 ἢ
1080 1085 1202 1131 εἰπεῖν,

177 1143 254 1182 οὐδὲ
283 1145 384 1188 αὐτὸς
413 1143 452 1182 ἂν
479 1143 638 1182 ἐκώλυσα
656 1143 744 1197 ὑπὲρ
765 1144 896 1182 τούτων
917 1144 1203 1183 κατακόπτεσθαι

178 1204 238 1242 καὶ
258 1207 392 1257 ἀλγεῖν·
414 1208 445 1243 εἰ
471 1205 507 1244 δὲ
537 1204 627 1256 μετὰ
654 1205 881 1256 εὐχαριστίας
908 1205 1049 1243 ἅπαντα
1069 1204 1202 1256 φέρεις,

178 1266 238 1304 καὶ
253 1268 300 1309 εἷς
315 1266 514 1318 προσευχὰς
533 1266 657 1309 εὐθέως
675 1265 814 1317 τρέπεις
831 1267 976 1313 σαυτὸν,
992 1266 1027 1304 τί
1048 1267 1126 1304 ποτ’
1145 1260 1202 1303 οὖν

179 1329 254 1365 ἐστι
271 1327 310 1365 τὸ
338 1331 458 1366 ποιοῦν
479 1327 543 1374 τὴν
564 1327 756 1379 αἰσχύνηνς
776 1327 867 1366 Ἀλλ’
890 1327 972 1371 ἴσως
997 1327 1141 1378 ἀλγεινὰ
1160 1327 1204 1366 τὰ

180 1387 278 1440 παρὰ
295 1391 364 1426 τῶν
383 1389 498 1426 ἄλλων
514 1388 641 1435 ὀνείδη.
658 1388 728 1426 Καὶ
740 1388 774 1426 τί
791 1388 923 1426 τούτων
938 1388 1205 1427 ἐπονειδιστότε-

183 1464 240 1498 ρον
259 1449 383 1500 γένοιτ’
406 1449 465 1495 ἂν,
485 1449 517 1487 οἳ
535 1449 622 1499 μηδὲ
639 1449 728 1502 ἅπερ
747 1449 925 1494 ὀνειδίζειν
951 1450 1020 1502 χρὴ
1051 1449 1203 1489 δύναιντ’

180 1509 220 1546 ἂν
234 1510 362 1548 εἰδέναι
374 1511 510 1557 καλῶς;
524 1506 632 1549 Οῧτοι
648 1510 715 1561 γὰρ
733 1512 870 1558 ἀληθῶς
891 1505 976 1549 εἶσιν
990 1515 1021 1550 οἱ
1037 1512 1204 1563 μαινόμε-

180 1587 230 1609 νοι
245 1572 303 1609 καὶ
325 1572 568 1622 δαιμονῶντες,
580 1574 611 1609 οἱ
631 1571 675 1609 τὰ
695 1571 890 1624 πράγματα
911 1576 958 1616 ὡς
975 1573 1048 1624 ἔχει
1069 1573 1203 1625 φύσεως

179 1632 228 1682 μὴ
246 1632 487 1683 μεμαθηκότες
506 1635 602 1684 ὁρᾷν,
621 1632 712 1670 ἀλλὰ
727 1632 772 1671 τὰ
794 1633 856 1683 μὲν
877 1634 1028 1672 ἐπαίνων
1045 1634 1124 1678 ἄξια
1139 1635 1202 1687 ψέ-

176 1709 313 1745 γοντες,
333 1694 378 1732 τὰ
397 1693 432 1731 δὲ
448 1694 668 1732 ἐπονείδιστα
688 1696 736 1737 εἷς
750 1695 814 1741 τὴν
835 1697 903 1732 τῶν
939 1695 1199 1745 ἐπαινουμένων

175 1754 270 1800 τάξιν
299 1754 551 1805 μετατιθέντες.
572 1754 696 1793 Πολλὰ
727 1755 787 1793 καὶ
820 1758 851 1794 οἱ
880 1755 944 1801 τὴν
966 1762 1120 1809 φρενῖτιν
1142 1773 1201 1796 νο-

175 1819 312 1859 σοῖὶντες
338 1815 476 1864 λέγουσι
501 1814 578 1859 τοὺς
596 1815 773 1867 παρόντας
792 1815 989 1860 κακὰ,ἀλλ’
1012 1820 1042 1855 οἱ
1057 1817 1199 1855 ἀκούον-

174 1892 230 1919 τες
248 1879 312 1929 οὐχ
332 1879 498 1928 ἡγοῦνται
516 1876 730 1928 ὑδρίζεσθαι.
751 1876 812 1923 Μὴ
829 1877 943 1916 τοίνυν
961 1877 1051 1926 μηδὲ
1072 1877 1112 1916 σὺ
1130 1880 1200 1916 τῶν

175 1938 407 1985 ἐξεστηκότων
447 1938 588 1976 ἐκείνων
621 1938 775 1987 ἀκούων,
805 1938 976 1991 αἰσχύνην
1011 1939 1072 1978 καὶ
1102 1939 1202 1992 ὕὸριν

175 1998 214 2037 τὸ
232 2006 380 2051 πρᾶγμα
403 1993 491 2037 εἶναι
515 1999 655 2050 νόμιζε,
678 1998 736 2037 ἵνα
763 1999 812 2050 μὴ
837 2000 922 2039 ποτὲ
952 2002 1091 2048 ἀληθῶς
1118 2003 1202 2039 ἐπο-

176 2059 341 2099 νείδιστον
363 2060 588 2112 καταστήσῃς
619 2061 745 2100 σαυτὸν
775 2062 976 2114 παροξύνων
1013 2062 1070 2099 τὸν
1092 2061 1198 2100 Θεόν.

175 2121 290 2160 ”Οταν
305 2122 372 2173 γὰρ
386 2122 430 2161 τὰ
448 2122 534 2174 πρὸς
551 2123 711 2161 παιδείαν
732 2123 791 2161 καὶ
808 2123 976 2175 ὠφέλειαν
999 2122 1202 2174 ἐπαγόμενοι

176 2182 273 2234 παρὰ
290 2187 350 2221 τοῦ
380 2186 492 2231 Θεοῦ,
525 2188 637 2222 ταῦτα
671 2185 797 2228 ὄνειδος
826 2179 913 2222 εἶναι
947 2185 1114 2236 νομίσῃς,
1136 2185 1199 2237 ὅρα

177 2246 244 2281 ποῦ
266 2246 409 2297 τελευτᾷ
427 2245 467 2284 τὸ
487 2245 606 2283 κακόν.

231 2791 275 2832 Εἰ
299 2793 366 2846 γὰρ
395 2792 509 2845 βούλει
536 2792 612 2837 τοὺς
641 2794 778 2841 ἀληθῶς
813 2794 982 2846 αἰσχύνης
1015 2795 1074 2833 καὶ
1105 2795 1197 2834 ὀνεί-

178 2854 252 2898 δους
283 2855 395 2900 ἀξίους
426 2857 528 2902 ἰδεῖν,
564 2855 632 2907 ἐγώ
663 2871 717 2893 σοι
746 2855 961 2908 πειράσομαι
994 2859 1033 2895 ἐκ
1059 2859 1197 2894 πολλῶν

176 2916 310 2967 ὀλίγους
337 2916 515 2960 ὑποδεῖξαι
534 2919 584 2969 τῷ
611 2916 717 2969 λόγῳ.
749 2918 886 2956 Θέασαι
920 2917 998 2961 τοὺς
1027 2918 1106 2970 περὶ
1138 2919 1199 2962 τὰς

177 2978 361 3032 εὐμορφίας
404 2977 637 3028 ἐπτοημένους
670 2982 738 3016 τῶν
771 2982 946 3030 γυναικῶν
967 3009 976 3024 ,
1011 2980 1088 3023 τοὺς
1119 2981 1198 3033 περὶ

173 3039 338 3090 χρήματα
371 3038 615 3090 μαινομένους,
650 3039 727 3082 τοὺς
763 3040 967 3084 δυναστείας
1002 3042 1061 3079 καὶ
1098 3042 1197 3087 δόξης

172 3101 343 3152 ἐρῶντας,
365 3101 424 3139 καὶ
454 3100 570 3139 πάντα
604 3101 691 3153 ὑπὲρ
713 3101 845 3140 τούτων
885 3103 943 3140 καὶ
978 3103 1107 3155 πρᾶξαι
1138 3104 1196 3142 καὶ

171 3164 291 3200 παθεῖν
327 3162 565 3212 αἱρουμένους,
598 3160 675 3205 τοὺς
704 3163 771 3200 ὑπὸ
807 3164 1000 3214 βασκανίας
1038 3165 1192 3214 τηκομέ-

172 3237 267 3269 νους,
297 3222 374 3265 τοὺς
405 3223 691 3267 ἐπιῧουλεύοντας
737 3231 809 3267 τοῖς
840 3226 1045 3272 ἠδικηκόσιν
1080 3226 1194 3271 οὐδὲν,

172 3280 248 3325 τοὺς
277 3284 569 3334 μελαγχολῶντας
600 3285 742 3332 ἁπλῶς,
764 3285 840 3328 τοὺς
873 3287 952 3338 περὶ
986 3287 1027 3325 τὰ
1063 3287 1194 3337 μάταια

221 3432 234 3446 “
259 3423 357 3456 S¹¹v'¹l-
379 3425 521 3457 1·ῑ(ἶυ11·.
541 3430 696 3469 αἱ-ιχύνης,
716 3429 836 3459 omissa
863 3430 1049 3469 ιιορςιιιίοιιι·ἱ
1074 3429 1186 3461 Mon-l.
1224 3429 1313 3460 thid.
1332 3426 1432 3457 smil,
1453 3432 1481 3455 vt
1500 3422 1585 3454 ‹1011›
1617 3430 1665 3455 τεᾷ
1686 3425 1714 3453 δὲ
1733 3423 1826 3453 rol-:10

184 3485 259 3506 ΥίὟυ
276 3480 324 3508 ej!
345 3481 489 3518 υἰσγὺνης.
510 3478 599 3508 lustu
617 3479 728 3510 b'lll't'l.
750 3487 794 3513 1.ιῖ
821 3487 925 3524 ρί,[;’1ν,
946 3483 998 3512 ulit
1025 3488 1054 3514 r}
1082 3487 1185 3526 ὶὶλίιπι4

1230 1027 1255 1057 Α
1279 1037 1358 1061 sum
1380 1034 1446 1074 est,
1470 1039 1577 1073 eone,
1595 1025 1657 1075 qui
1674 1038 1797 1062 omnes
1818 1022 1973 1074 nequitia
1994 1021 2246 1069 transscendit,

1278 1080 1346 1119 hoc
1366 1083 1485 1134 ipsum
1504 1083 1676 1131 faciente,
1704 1082 1766 1133 qui
1792 1082 1892 1119 illius
1911 1081 2089 1118 vesaniam
2110 1080 2248 1118 fortiter

1276 1142 1421 1192 tulerit,
1443 1142 1543 1193 quasi
1562 1156 1637 1180 rem
1659 1141 1922 1193 vituperatione
1936 1140 2083 1192 dignam
2100 1141 2240 1187 fecerit,

1278 1201 1408 1238 rubore
1434 1201 1698 1254 perfundetur?
1723 1201 1768 1238 Et
1795 1199 1883 1250 quid
1908 1199 1974 1236 hac
1998 1198 2245 1236 contrarietate

1278 1259 1350 1297 dici
1378 1260 1661 1298 irrationabilius
1680 1259 1817 1311 possit?
1841 1258 1880 1296 Si
1898 1257 1993 1294 enim
2013 1271 2057 1294 ex
2079 1271 2161 1294 casu
2180 1256 2244 1294 illo

1278 1334 1474 1373 exsurgens
1492 1330 1594 1372 turpe
1614 1319 1754 1370 aliquid
1776 1328 1838 1356 aut
1869 1319 1981 1356 facere
2002 1317 2239 1363 inducereris,

1277 1388 1338 1416 aut
1356 1379 1477 1431 loqui,
1497 1394 1539 1417 ne
1560 1381 1636 1432 ipse
1651 1378 1794 1430 quidem
1811 1392 1917 1429 super
1935 1377 1992 1415 his
2012 1386 2044 1414 te
2062 1377 2185 1427 lugere
2201 1391 2243 1414 ac

1277 1439 1397 1477 dolere
1416 1440 1644 1491 prohiberem
1662 1455 1670 1477 z
1692 1438 1745 1476 sin
1767 1447 1885 1475 autem
1911 1437 2030 1475 omnia
2052 1451 2133 1474 cum
2154 1450 2241 1488 gra-

1278 1500 1408 1536 tiarum
1426 1501 1562 1536 actione
1578 1498 1707 1535 toleras
1720 1527 1730 1545 ‚
1747 1506 1853 1547 atque
1869 1495 1914 1533 ad
1930 1494 2107 1534 orandum
2124 1504 2158 1532 te
2174 1504 2241 1533 sta-

1280 1556 1342 1593 tim
1365 1557 1566 1606 convertis,
1589 1555 1677 1607 quid
1705 1564 1755 1592 cst
1774 1554 1869 1606 quod
1891 1554 1956 1591 tibi
1985 1553 2240 1592 verecundiam

1226 1641 1250 1671 B
1276 1623 1337 1651 aut
1364 1615 1607 1653 confusionem
1636 1613 1775 1666 pariat?
1808 1612 1876 1652 Sed
1906 1613 2064 1651 fortassis
2086 1613 2177 1650 dura
2205 1621 2239 1651 et

1275 1675 1427 1714 dolenda
1446 1676 1655 1728 judicantur
1675 1675 1805 1728 probra
1826 1675 1870 1712 ab
1891 1674 1971 1712 aliis
1999 1674 2033 1712 in
2057 1688 2121 1712 nos
2149 1688 2238 1712 con-

1271 1735 1378 1786 jecta.
1403 1735 1449 1773 Et
1467 1734 1556 1786 quid
1576 1734 1753 1786 ejusmodi
1774 1733 1981 1771 hominibus
2001 1734 2073 1771 dici
2093 1734 2240 1786 vitupe-

1275 1795 1425 1833 rabilius
1449 1795 1582 1848 possit,
1611 1792 1673 1844 qui
1700 1806 1813 1842 neque
1833 1792 1941 1843 digna
1963 1792 2239 1844 exprobratione

1275 1853 1341 1891 rite
1359 1863 1507 1906 possunt
1526 1853 1754 1891 discernere?
1777 1852 1838 1889 Isti
1865 1851 1960 1889 enim
1979 1866 2102 1889 revera
2124 1852 2237 1895 insani

2291 1884 2420 1921 Qus-1211„

1276 1922 1374 1959 sunt,
1394 1927 1435 1951 ac
1453 1912 1630 1951 daemonio
1649 1910 1743 1964 pleni
1760 1940 1769 1956 ‚
1794 1910 1855 1960 qui
1877 1923 1995 1946 rerum
2018 1919 2182 1947 naturam
2198 1920 2237 1949 ut
2254 1934 2321 1953 vere
2336 1927 2444 1953 dmum-

1275 1987 1348 2011 sese
1366 1973 1496 2011 habeat
1516 1971 1644 2010 intueri
1662 1984 1857 2021 numquam
1877 1968 2100 2013 didicerunt,
2118 1970 2179 2007 sed
2196 1984 2238 2007 ea
2254 1967 2342 1995 ‘'5⁴¹⁰'‘-

1276 2048 1354 2085 quae
1368 2043 1450 2072 sunt
1463 2033 1632 2072 laudibus
1646 2031 1857 2083 dignissima
1875 2030 2094 2082 vituperant,
2112 2040 2144 2069 et
2159 2046 2239 2082 quae

1275 2105 1356 2134 sunt
1390 2095 1640 2148 exprobranda
1677 2094 1713 2131 in
1748 2092 1987 2130 laudabilium
2022 2093 2240 2131 transferunt

1276 2157 1450 2197 ordinem.
1472 2157 1645 2196 Plurimis
1660 2164 1693 2193 ct
1712 2154 1905 2207 phrenetici
1927 2164 2116 2206 praesentes
2129 2155 2239 2194 male-

1275 2221 1383 2259 dictis
1411 2211 1654 2269 insecta'ntur5
1673 2218 1732 2257 scd
1761 2219 1822 2269 qui
1848 2217 1909 2255 illa
1939 2216 2093 2255 audiunt
2121 2217 2240 2255 nullas

1276 2298 1311 2321 se
1329 2283 1403 2335 pati
1424 2282 1656 2319 contumelias
1672 2280 1889 2319 existimant.
1910 2279 1957 2317 Et
1974 2288 2012 2316 tu
2031 2279 2142 2329 igitur
2157 2293 2239 2317 cum

1277 2353 1430 2381 amentes
1449 2342 1531 2380 illos
1551 2341 1596 2379 ita
1620 2340 1716 2391 loqui
1738 2340 1841 2378 audis
1858 2370 1866 2383 ‚
1889 2340 1962 2377 noli
1983 2340 2237 2378 contumeliam

1276 2415 1336 2443 aut
1374 2403 1616 2441 confusionem
1647 2403 1683 2439 i(l
1707 2402 1931 2446 existimare,
1965 2414 2006 2438 ne
2036 2415 2117 2438 verc-
2150 2416 2237 2453 pro-

1277 2466 1350 2503 bris
1388 2474 1421 2502 tc
1462 2463 1613 2513 dignum
1656 2463 1849 2500 constituas
1873 2491 1881 2505 ‚
1921 2461 2009 2498 dum
2044 2471 2165 2499 contra
2204 2471 2237 2500 tc

1277 2530 1391 2565 Deum
1420 2538 1606 2578 provocas.
1632 2526 1722 2560 (Iuni
1750 2523 1842 2560 cuim
1864 2538 1900 2559 va
1925 2536 2002 2572 qua·
2026 2537 2089 2573 pro
2119 2531 2235 2560 nostra

1275 2587 1518 2626 emendatione
1540 2594 1573 2622 ct
1597 2584 1750 2621 utilitate
1781 2598 1798 2620 a
1825 2584 1895 2620 Deo
1912 2582 2132 2630 insm-untnr,
2150 2598 2236 2636 pro..

1276 2650 1339 2687 bro
1369 2648 1432 2686 tibi
1472 2660 1544 2684 esse
1563 2644 1766 2688 arbitraris,
1789 2642 1869 2680 vitlc
1896 2658 1967 2693 quo
2004 2644 2070 2681 lior
2100 2646 2235 2683 malum

1275 2719 1442 2760 cine-rget.

1224 2807 1247 2835 c,
1327 2796 1365 2831 5.
1391 2791 1500 2840 Quod
1522 2790 1549 2827 si
1571 2789 1624 2826 vis
1653 2788 1712 2838 qui
1738 2788 1807 2824 siut
1828 2801 1947 2825 revera
1976 2788 2183 2826 confusione
2202 2800 2233 2827 ct

1274 2853 1549 2907 oxprol›r.·uioiw
1566 2849 1665 2899 digni
1686 2848 1904 2899 perspicere,
1925 2862 2056 2900 pancos
2075 2863 2093 2886 e
2108 2850 2233 2889 inultis

1274 2918 1341 2956 tibi
1369 2914 1523 2953 conabor
1542 2910 1733 2948 ostcu'tlcrc.
1757 2908 1826 2945 Rus
1847 2908 1999 2961 inspice.
2021 2910 2081 2960 qui
2104 2912 2231 2949 mulie-

1275 2993 1353 3018 rum
1367 2979 1486 3015 lorum*
1500 2973 1594 3011 omui
1607 2971 1725 3009 >undio
1737 2969 1870 3007 addicti
1885 2979 1982 3013 suut.
1997 2971 2057 3020 qui
2075 2973 2234 3022 pecuniis

1275 3039 1442 3091 usquead
1462 3035 1631 3073 iusnuiauu
1653 3032 1789 3069 inhiant
1807 3062 1814 3074 ,
1833 3031 1893 3081 qui
1916 3032 2082 3082 potentia*
2097 3047 2137 3069 ac
2152 3034 2232 3083 glo-

1274 3103 1332 3140 riar
1352 3108 1431 3138 suut
1453 3094 1674 3148 cupidissimi
1691 3124 1699 3135 ,
1725 3102 1832 3142 utqui*
1863 3092 1926 3128 ista
1950 3103 2234 3142 couscqiuuuur,

1272 3154 1831 3213 agvrcuiuuisictp.‘1tisustiu‹·ut,
1847 3153 1907 3203 qui
1926 3154 2039 3190 livore
2051 3164 2082 3191 ct
2098 3155 2232 3194 invidia

1274 3225 1453 3263 talu-scunt
1471 3251 1479 3265 ,
1502 3218 1561 3268 qui
1585 3216 1672 3253 uilul
1704 3230 1739 3252 sc
1761 3215 1972 3252 lauh-nubas
2004 3215 2231 3258 insuliautur.

1272 3285 1332 3335 qui
1355 3293 1465 3320 utrcuu
1499 3280 1605 3316 lull-iu
1631 3276 1829 3328 patiuntur.
1857 3277 1917 3326 qui
1942 3278 2024 3314 vita·
2053 3279 2234 3329 pra-,scutis

1831 3437 1839 3452 '-
1863 3436 1933 3454 3:77⁶
1947 3435 2073 3464 ζῠῗίιὶον.
