2513 3871
134 349 324 377 liumrerum.

139 670 251 698 nauh.
274 670 312 700 25

143 711 190 740 15.

343 242 439 301 648
790 256 828 285 s,
867 254 1053 285 sommis
1087 252 1331 283 cunvsosr.
1373 253 1581 285 Λιιειιιιιι».
1619 254 1982 285 consum-tuor.

343 340 397 378 sin
411 348 532 378 autem
544 338 588 377 ad
603 338 892 386 omuesess'eram,
906 337 1107 388 multosque
1119 344 1298 374 consortes
1371 352 1432 387 μοι
1461 337 1504 375 τὰ
1538 340 1598 376 τοῦ
1627 340 1868 389 πνευματικοῦ
1899 335 2065 375 πλούτου.
2095 335 2165 374 Καὶ
2194 335 2250 375 ὅτι
2282 338 2395 376 ταῦτα

342 415 384 441 ac
409 400 602 454 participes
624 399 777 449 faciam,
807 399 897 438 mihi
925 398 1066 438 divitia:
1093 396 1298 450 spirituales
1371 396 1478 442 οὕτως
1499 397 1591 451 ἔχει,
1611 399 1672 438 καὶ
1689 402 1708 438 ὁ
1735 399 1798 450 μὲν
1829 399 1958 449 ἑτέροις
1979 396 2184 448 μεταδιδοὺς
2209 395 2306 442 αὔξει
2330 396 2396 446 τὴν

340 470 528 514 augentur.
548 464 665 512 Atque
686 460 762 499 haec
779 460 829 500 ita
844 474 882 499 se
900 460 1049 508 habere,
1065 472 1219 509 eumque
1233 457 1297 509 qui
1371 460 1690 512 παρακαταθήκην,
1706 463 1725 500 ὁ
1738 460 1774 500 δὲ
1793 458 2026 512 ἀποκρύπτων
2044 459 2184 498 ἐλαττοῖ
2201 458 2265 505 τὴν
2285 460 2396 511 ἐργα-

341 523 475 561 caeteris
489 521 748 570 communicat,
762 520 963 574 depositum
975 533 1106 571 augere
1113 534 1123 567 ;
1139 518 1299 570 quivero
1371 521 1450 560 σίαν
1467 521 1627 569 ἅπασαν,
1642 522 1815 574 μάρτυρες
1840 521 1872 559 οἱ
1890 519 1934 558 τὰ
1951 519 2108 559 τάλαντα
2127 519 2397 571 ἐγχειρισθέντες

340 582 546 634 abscondit,
576 593 751 635 quoestum
770 597 913 622 omnem
938 582 1172 627 imminuere,
1194 589 1299 619 testes
1310 610 1360 636 ³³0
1373 584 1514 628 ἐκεῖνοι,
1534 586 1554 621 ὁ
1571 582 1616 621 τὰ
1642 582 1769 630 πέντε,
1790 581 1849 619 καὶ
1866 583 1886 620 ὁ
1911 579 1957 619 τὰ
1985 580 2065 627 δύο,
2085 580 2146 619 καὶ
2164 583 2183 619 ὁ
2205 580 2246 619 τὸ
2271 579 2322 618 ἔν.
2346 581 2397 619 Οἱ

341 654 425 684 sunt
442 645 663 697 illi,quibus
678 645 822 684 fuerunt
836 645 964 683 talenta
978 642 1181 691 commissa,
1196 642 1227 680 is
1239 644 1294 681 cui
1323 651 1347 678 Λ
1373 644 1436 694 μὲν
1452 643 1520 695 γὰρ
1552 643 1760 682 διπλασίονα
1789 642 1834 681 τὰ
1852 641 2129 692 ἐμπιστευθέντα
2148 640 2397 693 προσήγαγον,

341 703 768 756 quinque,iscui‹luo,ct
783 703 813 742 is
824 703 880 741 cui
895 716 1018 741 unum.
1033 701 1214 741 Aliienim
1226 701 1298 740 du·
1372 705 1431 742 καὶ
1460 707 1633 755 ἐτιμῶντο
1659 704 1716 742 διὰ
1742 708 1862 742 τοῦτο·
1882 706 1902 742 ὁ
1932 702 1968 740 δὲ
1989 700 2111 748 ἐπειδὴ
2142 702 2290 754 ἐφύλαξε
2310 702 2395 754 παρ’

342 765 470 818 plicata
482 764 716 818 proferebant,
727 778 805 816 qua!
816 763 885 803 sibi
896 763 1030 803 credita
1042 762 1298 811 fuerant‚ctid-
1372 767 1505 818 ἑαυτῷ,
1524 766 1584 804 καὶ
1598 766 1711 804 οὐδενὶ
1729 764 1923 816 μετέδωκε,
1942 764 2086 802 διπλοῦν
2101 777 2138 801 τε
2155 762 2237 801 αὐτὸ
2250 765 2398 809 ποιῆσαι

340 827 436 866 circo
447 825 1144 864 honoribusafliciebantur:aliusautem
1154 822 1299 876 apudsc
1372 829 1435 865 οὐκ
1466 829 1610 879 ἴσχυσε,
1638 827 1695 866 διὰ
1713 830 1817 866 τοῦτο
1844 824 2041 869 ἐκολάζετο.
2062 824 2095 862 T
2098 829 2187 864 α’ῡτα
2212 817 2270 864 οὖν
2293 823 2398 862 ἀκού·

341 887 516 935 servavit,
535 901 598 925 nec
617 886 682 925 ulli
699 886 994 936 communicavit,
1015 899 1128 937 neque
1145 884 1297 937 duplum
1370 905 1466 931 οντες
1491 890 1661 935 ἅπαντες,
1687 888 1746 926 καὶ
1773 887 1836 934 τὴν
1865 886 2008 925 κόλασιν
2035 885 2100 932 τὴν
2126 887 2256 924 ἐκεῖθεν
2287 884 2398 923 δεδοι-

341 947 490 987 reddere
517 947 653 995 valuit,
679 956 786 999 atquc
810 947 943 986 idcirco
960 946 1108 1000 punitus
1130 956 1197 988 est.
1217 946 1300 985 llaec
1371 950 1490 998 χότες,
1520 950 1608 1003 ὅπερ
1648 950 1688 987 ἂν
1720 949 1857 1001 ἔχωμεν
1884 947 2013 998 ἀγαθὸν
2046 949 2094 990 εἶς
2120 945 2200 990 τοὺς
2231 944 2398 998 ἀδελφοὺς

339 1009 450 1060 igitur
463 1008 646 1047 audientes
662 1022 795 1056 omnes,
812 1016 846 1046 et
861 1007 960 1059 quod
976 1007 1060 1046 inde
1078 1007 1297 1060 supplicium
1370 1011 1594 1063 ἐκφέρωμεν,
1616 1011 1676 1049 καὶ
1694 1011 1741 1054 εἰς
1764 1009 1805 1047 τὸ
1836 1008 1942 1060 μέσον
1963 1007 2074 1046 ἅπασι
2091 1007 2372 1058 καταὸἇλλωμεν
2385 1036 2396 1054 ,

340 1069 503 1111 imminet
524 1067 815 1115 reformidantes,
841 1068 937 1119 quod
969 1082 1075 1121 penes
1103 1082 1167 1106 nos
1192 1068 1298 1107 fuerit
1370 1074 1461 1111 ἀλλὰ
1492 1072 1542 1123 μὴ
1573 1072 1867 1125 ἀποκρύπτιιῳεν.
1885 1069 2001 1108 Ὅταν
2026 1068 2095 1121 γὰρ
2128 1068 2396 1121 ἑτέροις.μετα-

339 1130 472 1168 bonum
504 1129 540 1168 in
568 1130 696 1167 fratres
725 1129 974 1175 conferamus,
1005 1138 1040 1166 et
1070 1129 1105 1166 in
1135 1128 1297 1168 medium
1369 1133 1509 1180 δῶμεν,
1530 1133 1608 1171 τότε
1628 1135 1847 1181 πλουτοῦμεν
1874 1130 1970 1169 αὐτοὶ
2000 1129 2188 1181 μειζόνως·
2212 1127 2294 1167 ὅταν
2325 1144 2398 1167 χοε.

337 1190 504 1228 omnibus
521 1190 789 1242 persolvamus,
810 1202 922 1239 neque
938 1188 1185 1226 recondamus.
1204 1190 1296 1228 Cum
1369 1193 1496 1235 νωνοὺς
1521 1192 1753 1243 ποιησώμεθα
1771 1195 1833 1238 τῆς
1859 1191 2028 1243 ἐμπορίας
2047 1191 2214 1238 πολλοὺς,
2235 1190 2314 1229 τότε
2331 1189 2395 1236 τὴν

335 1251 430 1288 enim
447 1264 526 1288 cum
545 1249 679 1287 caeteris
699 1249 1029 1295 communicamus,
1045 1257 1122 1286 tum
1141 1248 1297 1300 amplius
1367 1253 1544 1306 ἡμετέραν
1568 1252 1716 1302 αὔξομεν
1744 1251 1959 1304 περιουσίαν.
1978 1251 2071 1291 Ἀλλ’
2091 1251 2319 1290 ἐλαττοῦσθαί
2339 1266 2396 1290 σοι

335 1311 404 1364 ipsi
424 1311 654 1350 ditescimus:
668 1323 750 1348 cum
771 1309 960 1362 participes
981 1308 1074 1347 lucri
1093 1309 1224 1347 multos
1244 1309 1296 1347 fa-
1366 1313 1412 1352 τὰ
1441 1316 1504 1359 τῆς
1521 1313 1619 1360 δόξης
1638 1312 1809 1364 νομίζεις,
1824 1311 1907 1350 ὅταν
1928 1310 2019 1362 μετὰ
2045 1313 2185 1351 πολλῶν
2204 1306 2246 1363 ᾖς
2269 1311 2369 1356 εἰδὼς
2382 1341 2393 1356 .

335 1373 468 1420 cimus,
496 1380 575 1410 tum
603 1371 788 1409 facultates
817 1380 955 1409 nostras
976 1383 1162 1422 augemus.
1183 1370 1294 1421 Atqui
1318 1372 1342 1403 B
1368 1373 1389 1412 ἃ
1410 1373 1513 1424 μόνος
1531 1368 1626 1417 οἶδας
1646 1374 1762 1418 αὐτός.
1790 1373 1861 1413 Καὶ
1890 1373 1959 1423 μὴν
1993 1373 2071 1411 τότε
2099 1371 2240 1417 αὔξεται
2267 1372 2329 1411 καὶ
2348 1372 2395 1411 τὰ

335 1431 447 1470 minui
468 1431 620 1483 gloriam
641 1439 740 1468 tuam
757 1429 963 1478 arbitraris,
983 1443 1066 1469 cum
1085 1438 1123 1468 tu
1141 1443 1182 1467 ea
1201 1430 1293 1469 nosti
1366 1437 1429 1482 τῆς
1449 1434 1569 1484 δόξης,
1602 1435 1662 1474 καὶ
1687 1435 1732 1474 τὰ
1766 1438 1830 1482 τῆς
1857 1434 2049 1486 ὠφελείας,
2067 1434 2151 1473 ὅταν
2179 1434 2238 1472 τὸν
2268 1433 2391 1487 φθόνον

335 1508 416 1532 cum
439 1493 581 1539 multis,
603 1506 682 1543 quat
707 1492 804 1530 solus
823 1491 1086 1531 noveraszimo
1111 1505 1195 1530 vcro
1216 1501 1293 1530 tum
1366 1496 1644 1548 καταπατήσῃς,
1676 1495 1759 1534 ὅταν
1787 1496 1852 1543 τὴν
1885 1495 2081 1547 βασκανίαν
2119 1494 2271 1547 σὸέσῃς,
2307 1494 2390 1534 ὅταν

333 1564 484 1608 augetur
511 1553 648 1606 gloria,
677 1562 712 1591 et
735 1553 871 1591 utilitas
893 1562 978 1598 tua.
1007 1567 1089 1591 cum
1114 1552 1293 1592 invidiam
1364 1558 1594 1610 φιλαδελφίαν
1628 1557 1782 1609 ἐπιδείξῃ
1816 1557 1973 1604 πολλήν·
2003 1557 2043 1594 ἂν
2076 1555 2113 1596 δὲ
2157 1556 2260 1606 μόνος
2293 1555 2393 1601 εἶδὼς

334 1616 540 1668 proculcas,
566 1628 648 1653 cum
667 1614 818 1653 livorem
841 1614 1062 1665 exstinguis,
1088 1628 1170 1652 cum
1192 1628 1292 1652 amo·
1364 1618 1524 1672 περιίῃς,
1545 1620 1723 1671 ἅνθρωποι
1741 1618 1803 1670 μὲν
1830 1621 1877 1662 ὡς
1897 1618 2072 1670 βάσκανον
2097 1618 2158 1656 καὶ
2178 1618 2391 1670 μισάδελφον

334 1677 383 1715 ris
402 1676 436 1714 in
457 1677 584 1715 fratres
611 1673 795 1727 egregium
823 1675 1001 1728 specimen
1021 1673 1110 1713 edis.
1133 1674 1243 1721 Quod
1262 1675 1291 1713 si
1365 1680 1696 1733 ἁποστραφήσονται
1725 1680 1784 1718 καὶ
1818 1680 2048 1729 μισήσουσιν,
2082 1681 2100 1717 ὁ
2132 1678 2169 1717 δὲ
2211 1680 2300 1723 Θεὸς
2343 1681 2391 1723 ὡς

333 1738 431 1776 solus
451 1737 488 1776 id
514 1737 629 1775 sciens
646 1736 858 1774 obambules
871 1766 883 1786 ,
904 1735 1067 1774 homines
1086 1734 1231 1786 quidem
1260 1744 1294 1774 te
1363 1741 1514 1794 πονηρὸν
1537 1741 1600 1788 τὴν
1620 1741 1774 1793 ἐσχάτην
1803 1741 1994 1787 ἀπαιτήσει
2019 1756 2057 1779 σε
2079 1739 2200 1787 δίκην·
2225 1739 2335 1793 χωρὶς
2353 1739 2391 1779 δὲ

332 1810 515 1851 tamquam
546 1797 713 1837 invidum
738 1806 773 1835 et
799 1798 950 1837 fratrum
979 1811 1117 1836 osorem
1144 1812 1292 1836 aversa·
1362 1802 1494 1840 τούτων
1511 1802 1597 1850 ,καὶ
1618 1803 1704 1849 αὐτή
1727 1818 1765 1841 σε
1790 1802 1926 1854 ταχέως
1943 1806 1965 1849 ἡ
1990 1803 2095 1854 χάρις
2126 1802 2256 1854 ἔρημον
2286 1804 2390 1853 §Ym-

332 1860 482 1910 buntur,
498 1867 531 1897 et
544 1858 627 1897 odio
643 1858 847 1896 habebunt:
862 1858 959 1895 Deus
975 1867 1093 1896 autctu
1111 1867 1293 1910 tamquam
1364 1865 1559 1902 ταλιποῦσα
1592 1863 1789 1916 οἰχήσεται,
1814 1863 1918 1903 Ἐπεὶ
1950 1863 2008 1901 χαὶ
2027 1866 2045 1901 ὁ
2068 1869 2182 1907 σῖτος,
2204 1863 2245 1901 ἂν
2266 1862 2329 1914 μὲν
2353 1865 2389 1903 ἕν

333 1922 380 1960 ab
395 1921 559 1974 improbo
572 1929 772 1958 extremum
787 1917 1004 1972 supplicium
1017 1919 1148 1969 exiget.
1164 1921 1294 1958 Praeter
1364 1929 1439 1968 ταῖς
1472 1924 1669 1971 ἀποθήκαις
1700 1919 1723 1976 ᾖ
1755 1925 1920 1971 διηνεκῶς
1949 1923 2129 1975 κείμενος,
2160 1925 2388 1974 δαπανᾶται,

336 1983 412 2021 baec
430 1991 548 2021 autem
579 1981 655 2034 ipsa
675 1981 782 2019 etiam
810 1979 923 2031 gratia
945 1980 1128 2019 confestim
1156 1981 1293 2019 nudum
1364 1987 1468 2033 σητὸς
1493 1986 1597 2024 αὐτὸν
1618 1985 1858 2029 κατεσθίοντος
1873 2000 1881 2008 ·
1902 1985 1944 2024 ἂν
1969 1986 2005 2023 δὲ
2039 1984 2226 2037 ἐξενεχθεὶς
2261 1987 2310 2029 εἰς
2326 1984 2390 2030 τὰς

336 2053 371 2082 te
402 2042 654 2093 derelinquens
683 2041 867 2093 aufugiet:
887 2040 1177 2092 quandoquidem
1211 2042 1293 2080 fru-
1363 2047 1514 2101 ἀρούρας
1546 2047 1842 2095 magau-5222,
1864 2048 2188 2091 noxunxamttem
2220 2046 2389 2086 ”1322-

337 2113 496 2144 mentum
517 2118 659 2155 quoque
677 2103 707 2141 si
727 2116 865 2155 semper
885 2102 921 2140 in
942 2101 1080 2141 horreis
1099 2102 1145 2140 sit
1163 2117 1291 2142 recon-
1363 2113 1500 2147 νεοῦται
1517 2109 1643 2160 ζπάλιν.
1675 2107 1781 2147 Οὕτω
1818 2108 1877 2146 καὶ
1910 2108 2012 2159 λόγος
2040 2108 2296 2158 πνευματικὸς,
2325 2107 2388 2147 ἐὰν

337 2166 476 2215 dikum,
504 2165 741 2213 consumilffl‘,
769 2177 850 2201 cum
882 2177 901 2200 ⁸
932 2163 1025 2201 tinea
1051 2163 1293 2203 exedammsi
1315 2164 1339 2195 C
1364 2169 1460 2208 ἔνδον
1489 2169 1677 2213 διαπαντὸς
1701 2170 1958 2217 ἀποκλείηται,
1977 2169 2091 2222 φθόνῳ
2110 2169 2171 2207 καὶ
2203 2170 2296 2223 ὄκνῳ
2328 2169 2390 2208 καὶ

337 2244 422 2269 vero
439 2229 614 2283 prolatum
629 2229 722 2266 foras
738 2228 773 2265 in
787 2241 872 2265 arva
887 2235 1090 2279 spargatur,
1108 2228 1293 2281 multipli-
1363 2231 1525 2278 τηκεδόνι
1550 2231 1776 2283 φθειρομένης
1795 2234 1857 2278 τῆς
1875 2233 1989 2283 ψυχῆς
2008 2231 2068 2269 καὶ
2094 2231 2389 2281 κατεσθιομένης,

337 2301 438 2331 catur
466 2304 681 2341 rursumque
701 2297 904 2328 renovatur.
927 2289 980 2327 Ita
1007 2303 1123 2328 sermo
1152 2305 1294 2342 quoque
1365 2292 1643 2332 κατασίέννυται
1673 2293 1827 2344 ταχέως·
1850 2292 1891 2330 ἂν
1923 2291 1984 2340 δὲ,
2007 2291 2128 2344 ὥσπερ
2161 2293 2209 2336 εἶς
2235 2292 2388 2345 ἄρουραν

338 2351 556 2407 spiritualis,
588 2351 616 2389 si
646 2364 785 2403 semper
812 2350 908 2388 intus
940 2350 1187 2399 concludatur,
1205 2351 1293 2390 dum
1365 2353 1508 2406 εὔφορον
1522 2381 1532 2399 ,
1555 2354 1603 2397 εἷς
1622 2353 1683 2396 τὰς
1705 2356 1775 2391 τῶν
1804 2354 1962 2405 ἀδελφῶν
1984 2353 2100 2406 ψυχὰς
2120 2353 2389 2407 διασπείρηται,

338 2413 473 2452 invidia
485 2444 496 2461 ,
517 2423 659 2465 torpore
671 2443 681 2461 ,
700 2427 741 2450 ae
755 2412 834 2450 tabe
850 2411 1107 2465 corrumpitur,
1124 2422 1157 2451 et
1172 2427 1295 2453 consu·
1364 2414 1615 2453 πολυπλασίων
1629 2416 1648 2452 ὁ
1663 2414 1835 2466 θησαυρὸς
1849 2414 1909 2452 καὶ
1930 2420 2001 2457 τοῖς
2015 2413 2286 2466 ὑποδεχομένοις
2299 2443 2310 2462 ,
2327 2414 2389 2454 καὶ

339 2476 450 2514 mitur
467 2475 608 2521 anima,
628 2473 699 2512 cito
717 2472 1048 2524 exstinguitur:sin
1068 2483 1305 2514 autcmtam-'
1364 2477 1416 2528 τῷ
1447 2474 1666 2527 κεκτημένῳ.
1702 2475 1773 2514 Καὶ
1814 2475 1974 2528 καθάπερ
2004 2474 2103 2527 πηγὴ
2144 2476 2297 2528 συνεχῶς
2325 2474 2390 2526 μὶν

339 2550 446 2588 quam
462 2535 496 2574 in
511 2548 638 2574 arvum
652 2533 768 2572 fertile
783 2534 818 2572 in
833 2534 970 2572 animas
985 2534 1135 2573 fratrum
1148 2534 1293 2588 disper·
1365 2535 1620 2586 ἐξαντλουμένη
1634 2536 1839 2590 καθαίρεται
1852 2537 1984 2587 μᾶλλον
1993 2535 2053 2574 καὶ
2069 2535 2255 2580 ἀναὸλύζει
2269 2535 2390 2583 πλέον,

341 2607 459 2649 gatur,
478 2597 525 2634 ita
542 2596 582 2634 fit
599 2603 685 2634 utet
701 2594 744 2633 iis
759 2610 779 2633 a
801 2594 934 2646 quibus
953 2595 1201 2647 suscipitur,et
1216 2597 1259 2635 iis
1275 2612 1295 2636 a
1366 2597 1663 2649 καταχωννυμένη
1684 2598 1720 2635 δὲ
1747 2597 2000 2648 ἀποπνίγεται·
2021 2595 2111 2634 οὕτω
2141 2597 2203 2635 καὶ
2228 2596 2389 2650 χάρισμα

342 2659 472 2710 quibus
495 2656 707 2710 possidetur,
729 2655 988 2708 multiplicetur
1015 2656 1216 2696 thesaurus.
1249 2658 1296 2697 Et
1366 2658 1602 2709 πνευματικὸν
1631 2658 1691 2695 καὶ
1730 2657 1831 2710 λόγος
1865 2657 2112 2700 διδασκαλικὸς
2140 2659 2293 2710 συνεχῶς
2324 2658 2389 2709 μὲν

343 2717 647 2772 quemadmodum
662 2718 752 2762 fons,
768 2731 812 2755 ex
825 2731 897 2767 quo
909 2717 1107 2768 frequenter
1119 2717 1294 2767 hauritur,
1367 2719 1595 2769 ἀντλούμενος
1625 2718 1685 2757 καὶ
1715 2717 1827 2761 διδοὺς
1858 2718 2023 2769 ἀρύεσθαι
2050 2723 2122 2762 τοῖς
2143 2718 2386 2770 βουλομένοις,

344 2781 469 2834 purior
487 2782 549 2831 fit,
568 2788 602 2818 et
620 2778 799 2831 copiosius
814 2779 986 2824 scaturit,
1005 2778 1191 2819 obturatus
1211 2794 1295 2819 vero
1367 2780 1551 2825 ἀναίῖλύζει
1581 2779 1685 2817 πλέον
1700 2794 1708 2802 ·
1741 2779 1917 2832 βασκανία
1948 2778 1985 2817 δὲ
2007 2779 2067 2817 καὶ
2087 2778 2199 2831 φθόνῳ
2218 2795 2390 2832 καταχω·

343 2842 556 2890 destruitur,
583 2841 635 2879 sic
665 2849 699 2878 ct
723 2839 859 2878 donum
888 2839 1074 2892 spirituale
1100 2855 1142 2880 ac
1180 2855 1296 2882 sermo
1319 2855 1345 2887 1>
1368 2841 1481 2889 σθεὶς,
1503 2842 1707 2879 ἐλαττοῦται
1734 2841 1794 2878 καὶ
1825 2840 2006 2879 σὸέννυται
2035 2841 2168 2879 τέλεον.
2201 2840 2306 2880 Ἐπεὶ
2330 2834 2391 2879 οὖν

342 2902 532 2949 doctrinae,
547 2901 576 2940 si
591 2902 791 2953 frequenter
805 2899 1008 2949 hauriatur,
1027 2911 1060 2940 et
1077 2901 1298 2942 hauriendus
1367 2907 1530 2941 τοσοῦτον
1551 2901 1591 2939 τὸ
1610 2901 1729 2952 κέρδος
1748 2903 1833 2951 ἡμῖν
1848 2929 1859 2949 ,
1879 2901 1966 2953 ὅπερ
1986 2901 2026 2937 ἂν
2057 2901 2196 2953 ἔχωμεν
2209 2930 2220 2950 ,
2238 2900 2322 2954 φέρε
2339 2902 2390 2946 εἰς

345 2963 534 3015 quibusvis
561 2971 784 3015 exponatur,
816 2961 964 3000 uberius
995 2973 1114 3001 manat
1132 2978 1139 3002 :
1159 2964 1297 3004 invidia
1370 2963 1475 3014 μέσον
1496 2961 1726 3010 καταθέντες,
1746 2969 1863 3000 πᾶσαν
1888 2964 1967 3011 ὓμὶν
1983 2962 2179 3014 Ῐάποδῶμεν
2194 2961 2267 3010 ’τὴν
2292 2963 2391 3015 ὀφει-

345 3038 428 3063 vero
452 3033 486 3063 et
511 3024 626 3063 livore
647 3036 856 3075 suppressus
881 3022 1075 3071 minuitur,
1093 3039 1136 3063 ac
1154 3025 1297 3065 tandem
1369 3023 1457 3071 λὴν,
1483 3022 1650 3076 πρότερον
1691 3023 1955 3073 ἀναμνήσαντες
1986 3023 2048 3068 τῆς
2084 3022 2288 3068 ἀκολουθίας
2319 3022 2389 3060 τῶν

343 3085 595 3137 exstinguitur.
630 3082 787 3133 Quando
819 3083 931 3135 igitur
960 3093 1054 3123 tanta
1083 3086 1187 3125 nobis
1216 3086 1299 3126 inde
1370 3084 1585 3138 ὀφλημάτων
1598 3082 1728 3124 τούτων
1748 3083 1897 3128 ἁπάσης-

346 3147 480 3184 utilitas
493 3147 618 3194 oritur,
631 3160 696 3198 age
709 3144 805 3196 quod
820 3145 855 3184 in
871 3154 989 3184 nostra
1006 3155 1176 3198 potestate
1188 3147 1297 3187 situm

345 3206 470 3252 fuerit,
496 3206 534 3245 in
557 3205 716 3244 medium
740 3205 952 3252 afferamus,
980 3215 1167 3259 totumque
1194 3209 1297 3249 vobis

343 3264 503 3303 debitum
521 3266 747 3304 exsolvamus
763 3294 772 3312 ,
794 3265 823 3304 si
841 3265 941 3318 prius
957 3275 1070 3307 totum
1088 3268 1294 3310 debitorum

342 3326 492 3364 istorum
511 3325 671 3364 ordinem
691 3325 792 3364 vobis
811 3328 847 3364 in
869 3329 1077 3368 memoriam
1099 3345 1292 3372 revocave-

344 3399 470 3426 rimus.

392 3449 429 3485 2.
444 3446 551 3484 Scitis
565 3459 648 3497 crgo
661 3461 699 3485 ar
717 3451 939 3499 meministis,
957 3465 1067 3503 nuper
1081 3469 1144 3492 nos
1155 3455 1200 3493 de
1215 3457 1291 3495 uni-
1423 3461 1513 3499 Ἰηη
1541 3461 1652 3498 τοίνυν
1687 3460 1742 3498 m}
1765 3459 1943 3510 μέμνηςῡε
1965 3459 2112 3511 πρῴην,
2138 3460 2192 3498 ὅτι
2228 3459 2307 3510 περὶ
2325 3461 2387 3505 τῆς
