2513 3871
318 241 408 299 714
1221 239 1448 271 MOMTUM.

311 343 432 373 contra
456 334 643 370 Anomoeos
661 328 865 367 concionem
884 327 975 364 hanc
992 324 1134 363 tertiam
1153 332 1275 362 contra
1295 321 1442 362 Judaeos
1462 321 1641 370 habuerit,
1668 336 1714 361 an
1740 333 1818 376 post
1839 324 1977 362 tertiam
2005 322 2061 362 vel
2083 332 2160 376 post
2177 332 2362 375 quartam,

313 396 348 434 id
370 395 475 448 plane
495 393 666 430 incertum
685 397 737 427 αι
756 402 766 424 2
789 400 903 439 neque
922 386 990 425 hac
1007 385 1054 424 de
1073 399 1112 424 re
1128 384 1315 437 quidpiam
1339 383 1426 422 certi
1445 383 1553 421 statui
1573 397 1676 437 posse
1694 384 1855 425 videtur.

366 457 418 494 Ne
427 463 543 493 autem
559 453 651 490 hanc
662 451 801 490 tertiam
813 457 933 487 contra
946 449 966 487 J
972 446 1091 485 udaeos
1105 445 1291 485 homiliam
1303 445 1366 483 diu
1380 454 1458 497 post
1468 445 1713 497 Septembrem
1726 446 2000 493 constituamus,
2014 445 2206 499 probibere
2218 445 2364 485 videtur

313 517 588 568 Chrysostomus
605 511 758 550 Homilia
773 511 808 548 in
821 509 916 548 diem
930 509 1090 547 Natalem
1100 507 1367 558 Christi,quam
1382 506 1509 545 babuit
1520 520 1614 546 anno
1625 510 1718 555 586,
1730 508 1792 546 die
1806 508 1977 559 vigesima
1993 508 2118 560 quinta
2134 508 2366 548 Decembris:

319 579 479 628 Tempus
493 583 622 612 autem
639 582 720 612 tum
735 581 832 619 erat,
847 570 1085 624 inquit,sestt'
1107 568 1458 607 hibernaculorum
1470 577 1507 606 et
1515 571 1659 621 jejunii
1673 588 1682 606 ε
1699 571 1772 607 hoc
1787 573 1886 607 enim
1901 571 1975 608 iun
1989 572 2112 608 ‘uerba
2127 572 2201 608 sibi·
2215 570 2366 617 volunt,

313 637 506 676 llumiliate
541 635 679 673 animas
706 643 842 671 vestras
860 662 870 676 ,
907 633 1026 685 idque
1050 645 1077 669 a
1102 630 1256 669 Judaeis
1282 634 1384 667 circa
1408 630 1530 679 linem
1555 634 1697 669 mensis
1728 632 1912 683 Gorpioea',
1939 632 1981 669 id
2004 640 2076 679 est,
2104 631 2358 689 Septembris,

314 699 420 750 quod
435 706 473 736 et
493 710 566 735 vos
597 699 810 740 testami'ni‚
832 693 1116 732 celebrabatur.
1142 692 1246 729 Tunc
1275 694 1378 729 enim
1407 692 1550 730 munos
1569 693 1818 744 prolia-osque
1837 706 2034 731 sermones
2052 701 2187 731 contra
2204 693 2364 732 ,hadreos

316 762 580 804 i'nsumsimus,
597 761 859 809 importunum
877 768 1008 793 eorum
1024 755 1218 806 jejunium
1233 762 1475 792 accusantes.
1499 755 1551 793 Eo
1571 755 1695 806 igitur,
1714 764 1752 793 ut
1770 769 1833 793 nos
1850 755 2114 803 constituimus,
2131 764 2290 807 tempore
2305 754 2369 792 bas

318 831 388 859 tres
407 830 528 859 contra
549 818 697 858 ,ludaeos
715 817 902 855 conciones
922 815 1062 854 babuit.
1082 815 1204 866 Neque
1222 823 1338 852 tamen
1358 814 1406 853 ita
1426 830 1544 854 mense
1562 815 1764 869 Septembri
1786 816 1926 855 habitas
1945 816 2035 855 dicit
2053 815 2117 853 has
2137 815 2270 854 multas
2285 829 2368 868 pro-

318 882 480 933 lixasque
498 881 679 926 bomilias,
707 888 746 916 ut
773 878 909 916 nullam
934 886 1030 924 ante,
1052 876 1188 913 nullam
1220 884 1299 928 post
1318 875 1563 928 Septembrem
1586 878 1837 930 pronuntiarit.
1859 879 1950 917 Nam
1971 892 2052 916 eum
2074 878 2136 925 ait,
2158 887 2252 916 tunc
2265 879 2369 915 em‘m

319 943 460 982 multos
484 944 735 995 prolixosque
760 953 953 979 sermones
975 948 1114 976 contr-n
1142 937 1302 975 Judaeos
1330 938 1553 985 habuimus,
1580 948 1719 992 tempus
1736 939 1877 977 circiter
1891 948 2179 990 annotat‚neque
2202 937 2370 976 homilias

320 1006 401 1044 illas
417 1018 540 1042 omnes
561 1017 679 1041 mense
696 1001 899 1053 Septembri
919 999 1184 1037 circumscribit
1204 1014 1212 1035 ε
1242 1012 1311 1036 non
1334 999 1429 1037 enim
1452 1000 1539 1037 solet
1555 1000 1836 1052 Chrysostomus
1852 1009 1949 1038 tanto
1966 999 2138 1051 scrupulo
2158 1008 2260 1038 notas
2279 1008 2371 1037 tem-

321 1080 449 1119 porum
468 1065 692 1115 consignare,
721 1072 759 1101 ut
779 1063 910 1115 passim
927 1060 1212 1099 observavimus.
1231 1060 1324 1097 Cum
1343 1073 1429 1097 vero
1445 1059 1550 1108 dicit,
1577 1061 1720 1099 multos
1731 1061 1986 1113 'nostrosque
1999 1074 2207 1104 sermones,
2219 1059 2370 1103 πολλοὺς

322 1128 380 1165 καὶ
397 1126 552 1178 μακροὺς
568 1126 703 1176 λόγους,
725 1124 789 1161 has
805 1132 876 1161 tres
893 1122 1062 1159 homilias
1077 1121 1235 1158 indicare
1256 1120 1418 1169 videtur,
1433 1121 1613 1172 etiamque
1630 1122 1788 1160 fortassis
1803 1121 1908 1167 alias,
1925 1135 2005 1172 quae
2022 1121 2151 1173 injuria
2168 1130 2370 1174 temporum

321 1187 563 1226 interciderint
576 1202 583 1222 :
597 1198 725 1238 parum
733 1183 827 1222 enim
838 1183 968 1229 abfuit,
983 1182 1069 1232 quin
1085 1181 1238 1220 secunda
1254 1181 1360 1219 etiam
1377 1180 1522 1218 homilia
1538 1180 1696 1232 perierit,
1710 1190 1832 1234 utpote
1844 1196 1924 1233 quae
1940 1183 1974 1220 in
1991 1196 2061 1221 uno
2075 1181 2371 1225 tantumCodiee.

323 1262 520 1300 magnaque
534 1247 589 1285 sui
607 1255 706 1299 parte
721 1244 847 1283 mutila
865 1251 1005 1295 reperta
1021 1243 1079 1280 sit.
1096 1244 1172 1281 lmo
1187 1256 1273 1279 vero
1289 1250 1424 1279 certum
1440 1241 1585 1278 videtur
1599 1241 1735 1292 aliquot
1750 1256 1795 1280 ex
1810 1242 1866 1288 iis,
1882 1256 1972 1292 quas
1986 1243 2043 1280 hic
2059 1251 2244 1289 memorat,
2258 1242 2374 1280 homi·

322 1310 387 1348 lias
406 1307 738 1346 intercidisseznam
756 1308 792 1343 in
807 1305 878 1342 fine
896 1304 1008 1342 tertiae
1023 1303 1130 1341 dicit:
1151 1303 1485 1353 Quemadmodum
1497 1301 1862 1347 demonstravimus,
1875 1316 1963 1341 eum
1977 1304 2052 1341 hac
2062 1304 2110 1340 de
2119 1317 2163 1341 re
2172 1303 2288 1341 mutii·
2297 1304 2374 1341 lia-

323 1373 395 1409 biti
408 1373 558 1421 suerint
581 1383 608 1407 a
626 1382 686 1406 me
707 1379 902 1406 sermones
918 1395 928 1413 ‚
944 1364 1094 1409 πολλοὺς
1118 1366 1286 1411 ἀνήλωσα
1303 1364 1444 1413 λόγουςε
1464 1376 1534 1400 non
1559 1362 1610 1400 sic
1622 1362 1852 1414 loquuturus,
1869 1364 1897 1402 si
1916 1363 2009 1402 duos
2030 1373 2167 1402 tantum
2187 1363 2255 1402 hac
2271 1362 2319 1401 de
2338 1375 2378 1402 re

323 1419 499 1471 sermones
516 1430 711 1469 habuisset.
734 1427 804 1467 Sed
823 1441 908 1465 cave
928 1435 1030 1479 putes
1049 1440 1129 1464 cum
1155 1427 1333 1463 Frontone
1348 1426 1479 1463 Ducaeo
1493 1424 1660 1462 homilias
1673 1425 1833 1476 quinque
1851 1435 2035 1476 sequentes
2047 1425 2105 1463 his
2124 1424 2374 1474 Chrysostomi

323 1494 453 1541 verbis,
465 1494 601 1541 longos
611 1491 862 1543 prolixosque
876 1502 1084 1535 sei-mones,
1102 1487 1300 1538 significari
1315 1502 1323 1523 :
1340 1486 1420 1524 illas
1435 1484 1614 1536 siquidem
1632 1486 1756 1524 habuit
1771 1486 1833 1524 diu
1854 1496 1934 1540 post
1954 1486 2148 1525 Romiliam
2163 1486 2199 1525 in
2215 1485 2376 1526 Natalem

325 1552 845 1599 Domini‚anno5Stihabitani,
858 1549 951 1588 unde
960 1559 1130 1604 excerpta
1143 1549 1204 1587 illa
1217 1549 1326 1587 verba
1337 1556 1475 1594 sunt,ut
1486 1561 1571 1584 mox
1581 1561 1695 1598 neque
1703 1547 2055 1599 dubiisargumentis
2064 1548 2182 1601 palam
2194 1548 2379 1586 faciemus.

378 1618 498 1654 Restat
515 1625 550 1653 ut
571 1613 789 1665 quibusdam
805 1627 824 1650 a
846 1611 1082 1650 Tillemontio
1097 1611 1189 1649 circa
1208 1610 1317 1662 hujus
1334 1609 1492 1647 homiliae
1507 1617 1648 1660 tempus
1667 1609 1860 1661 propositis
1875 1609 1998 1647 dubiis
2012 1623 2255 1647 occurramus.
2271 1607 2379 1657 Quod

323 1679 372 1717 ait
387 1678 666 1730 Chrysostomus
682 1676 716 1713 in
736 1675 801 1712 hac
819 1673 980 1721 homilia,
996 1673 1155 1725 primum
1173 1671 1271 1709 diem
1288 1674 1507 1723 Azymorum
1524 1669 1591 1707 hoc
1605 1683 1698 1707 auno
1715 1669 1872 1708 incidere
1890 1672 1923 1708 in
1944 1670 2183 1718 Dominicam,
2199 1669 2237 1708 id
2258 1670 2382 1721 utique

324 1753 417 1777 anno
431 1740 507 1776 5⁸7
523 1737 686 1786 contigit.
704 1737 777 1773 Nec
795 1734 876 1772 inde
896 1743 1011 1771 tamen
1033 1733 1162 1771 inseras
1180 1731 1303 1770 eodem
1325 1733 1419 1779 587,
1442 1732 1584 1782 qualem
1607 1745 1836 1769 numeramus
1853 1747 1872 1769 a
1893 1731 2006 1784 prima
2027 1732 2189 1771 Januarii
2206 1731 2278 1779 die,
2299 1744 2381 1784 pro-

327 1800 526 1838 nuntiatam
547 1799 656 1836 fuisse
673 1797 764 1835 hanc
782 1795 968 1834 homiliam
985 1810 993 1830 :
1011 1808 1093 1832 nam
1115 1803 1349 1846 praeterquam
1369 1793 1464 1844 quod
1481 1806 1500 1829 a
1529 1793 1730 1843 Septembri
1750 1807 1867 1830 meuse
1885 1807 2000 1831 annus
2018 1793 2051 1830 in
2076 1792 2233 1831 Ecclesia
2254 1794 2381 1830 Graeea

327 1862 530 1906 inchoatur,
550 1860 640 1898 nihil
659 1858 881 1909 frequentius
896 1855 993 1908 apud
1015 1857 1160 1893 Graecos
1176 1856 1297 1892 Patres
1317 1863 1350 1891 et
1365 1854 1558 1906 scriptoris
1573 1862 1624 1891 est
1640 1867 1748 1904 quam
1764 1854 1861 1905 quod
1883 1855 1950 1892 hoc
1966 1868 2058 1892 anno
2079 1868 2152 1892 rem
2173 1854 2383 1906 quampiam

327 1936 513 1962 occurrere
524 1922 658 1969 dicant,
671 1919 816 1972 quando
831 1918 875 1956 ad
892 1932 965 1955 rein
981 1919 1100 1955 minus
1113 1931 1220 1968 quam
1235 1917 1341 1954 unius
1351 1916 1433 1953 anni
1448 1915 1605 1967 spatium
1618 1915 1834 1953 intercurrit.
1846 1916 2090 1963 Quamobrem
2102 1915 2237 1968 optime
2246 1914 2382 1953 dixerit

329 1998 422 2023 anno
440 1986 535 2025 586.
559 1980 764 2034 Septembri
786 1993 917 2026 mense,
936 1979 1214 2031 Chrysostomus
1232 1978 1389 2030 primum
1405 1976 1500 2014 diem
1523 1979 1743 2029 Azymorum
1764 1977 1830 2014 hoc
1852 1991 1944 2015 anuo
1966 1977 2124 2015 incidere
2140 1977 2175 2015 in
2192 1975 2289 2014 diem
2311 1978 2384 2015 Do-

332 2045 513 2090 minicam,
534 2043 682 2094 loquens
697 2041 742 2079 de
763 2041 879 2093 primo
894 2040 954 2078 die
971 2042 1187 2092 Azymorum
1204 2039 1288 2077 anni
1313 2040 1403 2078 587.
1425 2039 1546 2089 ltaque
1566 2037 1594 2075 si
1616 2037 1884 2084 Tillemoutius,
1908 2039 1968 2090 qui
1990 2039 2097 2092 paulo
2115 2048 2196 2077 ante
2214 2037 2385 2086 Quadra-

333 2107 503 2158 gesimam
523 2105 576 2142 vel
590 2104 624 2141 in
644 2103 718 2155 ipsa
731 2102 1014 2151 Quadragesima
1032 2101 1113 2138 anni
1130 2102 1206 2139 587
1223 2100 1314 2138 banc
1326 2099 1525 2137 institutam
1538 2113 1612 2137 esse
1631 2101 1837 2138 concionem
1862 2100 2096 2152 probabiliter
2108 2099 2306 2146 existimat,
2320 2099 2388 2138 hac

332 2168 580 2208 Chrvsostomi
599 2164 766 2216 loquendi
788 2165 922 2202 ratione
942 2163 1087 2210 nitatur,
1101 2177 1118 2199 a
1135 2177 1244 2215 scopo
1257 2163 1363 2215 plane
1372 2162 1526 2199 aberrat.
1542 2160 1653 2199 Aliud
1668 2162 1760 2199 eruit
1776 2171 2025 2213 argumentum
2041 2176 2085 2199 ex
2100 2161 2157 2200 his
2174 2160 2307 2206 vei-bis,
2324 2161 2387 2205 τὰς

335 2232 396 2281 μὲν
406 2215 536 2273 {norae
547 2229 768 2280 fliz-{pambas
777 2228 829 2264 40
839 2224 1068 2276 dies‚quibus
1083 2224 1286 2276 suspicatur
1297 2223 1446 2262 indicari
1460 2224 1494 2260 in
1510 2222 1585 2274 ipsa
1599 2222 1703 2268 Quad
1711 2223 1882 2274 ragesima
1898 2223 2055 2261 habitam
2068 2222 2254 2260 homiliam
2266 2222 2385 2260 fuisse.

336 2294 410 2330 Non
433 2292 577 2328 ridetur
596 2298 713 2326 autem
735 2287 818 2324 hinc
842 2287 922 2339 plus
944 2285 1096 2323 subsidii
1118 2285 1248 2324 referre
1267 2301 1275 2322 :
1296 2299 1379 2323 nam
1400 2285 1454 2322 his
1481 2284 1678 2335 significari
1699 2294 1825 2337 potest,
1851 2284 1917 2322 bos
1939 2283 1984 2322 de
2000 2284 2134 2336 quibus
2150 2283 2292 2335 loquor,
2315 2297 2385 2322 non

333 2363 464 2397 autem,
485 2352 548 2388 hos
566 2350 599 2387 in
616 2349 748 2399 quibus
763 2362 948 2385 versamur
962 2349 1014 2385 40
1029 2347 1119 2386 dies.
1138 2349 1242 2385 Certe
1259 2347 1343 2385 huic
1363 2346 1523 2399 opinioni
1543 2346 1713 2398 refragari
1734 2346 1878 2384 videtur
1893 2346 2172 2399 Chrysostomus
2186 2359 2268 2384 cum
2283 2344 2387 2384 initio

335 2414 443 2464 liujus
457 2412 614 2450 homilia:
629 2410 719 2449 dicit
736 2424 772 2447 se
786 2409 997 2447 concionum
1015 2418 1136 2447 eontra
1159 2412 1350 2447 Anomoeos
1364 2408 1490 2446 seriem
1505 2407 1624 2445 denuo
1641 2407 1870 2460 interpellare
1885 2407 1980 2458 cogi,
1996 2416 2088 2445 etex
2103 2406 2210 2445 modo
2222 2405 2387 2445 ordiendi

336 2474 484 2519 iudicat,
511 2487 548 2510 se
567 2473 659 2510 banc
679 2471 818 2509 tertiam
841 2470 1046 2508 concionem
1071 2479 1191 2507 contra
1212 2470 1372 2520 Judaros,
1402 2469 1545 2507 modico
1572 2479 1650 2521 post
1670 2468 1861 2507 secundam
1882 2469 2003 2521 elapso
2027 2478 2186 2521 tempore
2204 2468 2385 2513 habuisse,

336 2550 415 2586 qua*
436 2534 590 2572 secunda
612 2534 646 2571 in
669 2546 822 2570 mensem
842 2532 1090 2584 Septembrem
1111 2531 1206 2568 haud
1229 2531 1339 2569 dubie
1359 2530 1554 2575 reserenda,
1582 2539 1620 2567 ut
1639 2544 1747 2582 supra
1769 2529 1941 2569 vidimus.
1963 2530 2008 2568 lit
2031 2543 2115 2567 sane
2133 2543 2213 2568 cum
2232 2529 2388 2581 Chryso-

339 2606 474 2634 >tomus
489 2595 636 2633 homilia
651 2595 684 2632 in
702 2593 762 2631 die
778 2593 895 2631 Natali
911 2593 1045 2630 Christi
1063 2592 1146 2629 anni
1161 2593 1240 2629 586
1252 2593 1349 2631 dicat
1365 2606 1401 2629 sc
1418 2605 1536 2629 mense
1550 2591 1689 2629 circiter
1703 2591 1904 2643 Septembri
1921 2591 2050 2628 multos
2069 2590 2301 2642 prolixosque
2315 2603 2388 2628 ser·

342 2671 462 2694 moues
475 2665 594 2693 contra
608 2655 751 2694 Judaeos
766 2654 1243 2703 instituisse,congruentius
1261 2660 1294 2691 in
1314 2653 1404 2691 illud
1420 2652 1561 2690 circiter
1577 2662 1716 2703 tempus
1732 2651 1822 2689 lianc
1837 2652 1976 2689 tertiam
1993 2650 2177 2688 homiliam
2195 2650 2388 2701 rejicimus,

342 2728 526 2770 postquam
543 2717 597 2754 vel
621 2715 812 2754 secundam
829 2726 950 2754 contra
970 2720 1172 2759 Anomoeos,
1195 2715 1248 2752 vel
1273 2715 1380 2753 aliani
1396 2727 1441 2751 ex
1459 2713 1690 2763 sequentibus
1707 2712 1878 2749 babuerat
1897 2727 1904 2747 ε
1926 2725 1994 2748 uon
2015 2711 2107 2748 enini
2132 2719 2269 2749 constat
2289 2724 2391 2762 qua:-

343 2795 422 2816 naiu
442 2794 484 2817 ex
505 2779 577 2816 illis
593 2779 683 2817 hanc
701 2777 840 2815 tertiam
863 2788 982 2816 eontra
1003 2779 1148 2818 ,liulmos
1166 2777 1394 2832 praffcesserit.
1410 2774 1461 2812 :ld
1482 2774 1556 2812 lure
1574 2787 1657 2811 vero
1675 2773 1702 2810 si
1731 2773 1764 2810 in
1785 2772 2068 2821 Quadragesinia
2094 2771 2184 2809 hanc
2204 2771 2388 2810 homiliam

344 2841 475 2877 dictam
492 2840 598 2877 fuisse
613 2849 822 2886 statuamus,
839 2853 877 2876 ea
895 2840 959 2877 crit
976 2840 1257 2890 Quadragesima
1275 2837 1370 2876 baud
1387 2835 1589 2874 dubii-anui
1607 2836 1704 2878 5⁸*st
1722 2835 1756 2871 in
1773 2833 1832 2871 illa
1849 2848 1932 2871 vero
1947 2833 2230 2883 Quailragesiuia
2245 2845 2392 2871 cursum

347 2901 575 2937 homiliarum
594 2910 714 2938 contra
735 2905 923 2938 Anuli-,mos
940 2900 1178 2954 interceperit,
1198 2910 1236 2938 ut
1253 2900 1344 2937 hanc.
1361 2908 1480 2936 contra
1493 2897 1636 2936 judaeos
1653 2896 1809 2934 haberet.
1827 2896 2020 2943 Quomodo
2035 2906 2152 2934 autem
2175 2896 2251 2934 haec
2265 2908 2392 2935 conve·

349 2961 423 2996 uirc
443 2962 576 3011 possint
593 2961 626 2997 in
645 2959 968 3009 Quadragcsimam
985 2961 1067 2998 anni
1085 2962 1176 3005 5⁸7,
1189 2975 1251 3012 per
1265 2974 1371 3011 quam
1389 2969 1496 2998 totam
1511 2959 1557 2998 de
1572 2957 1698 2996 statuis
1709 2958 1844 2995 eversis
1863 2958 2094 2994 concionatus
2116 2957 2394 3008 Chrysostotnus

350 3032 415 3061 «st,
436 3031 517 3059 tuuc
537 3031 630 3059 totus
648 3023 682 3059 in
702 3021 947 3060 describendis
962 3021 1264 3075 deplorandisque
1286 3022 1588 3060 Antiocheuorum
1605 3018 1879 3062 calamitatibus,
1897 3019 2030 3068 quibus
2051 3018 2225 3055 medicam
2247 3030 2392 3055 manum

352 3082 540 3119 admovere
559 3083 780 3119 conahatur?
802 3084 917 3134 Cujus
935 3083 1136 3132 argumenti
1163 3083 1236 3121 vim
1265 3092 1302 3120 ut
1325 3082 1453 3120 melius
1474 3082 1666 3131 intelligas,
1689 3078 1891 3117 consideres
1911 3080 2033 3124 velim,
2056 3080 2089 3116 iu
2110 3077 2394 3129 Quadi-agesima

354 3145 433 3180 anui
462 3146 534 3180 587
558 3143 724 3180 homilias
752 3144 876 3192 viginti
904 3153 937 3181 et
959 3158 1063 3182 uuam
1088 3144 1229 3182 habitas
1250 3144 1372 3189 fuisse,
1394 3159 1473 3195 qua·
1492 3143 1687 3181 etiamnum
1708 3149 1912 3192 supersunt.
1939 3149 2088 3190 lolwth
2106 3139 2140 3176 in
2166 3138 2396 3191 deplorandis

359 3204 584 3240 amandu-ni«.
609 3204 872 3242 calamitatibus
892 3215 1092 3250 versantur,
1118 3206 1151 3243 in
1180 3220 1376 3256 earumque
1396 3204 1556 3244 exordiis
1583 3214 1622 3242 ut
1644 3204 1840 3256 plurimum
1860 3201 1907 3239 ‹lc
1927 3200 2207 3253 pra=cc1lcntiluts
2239 3198 2397 3237 homiliis

358 3263 486 3308 agitur.
504 3264 759 3309 Quauiobrcm,
781 3265 808 3302 si
830 3267 1079 3304 controversia·
1095 3266 1140 3304 (le
1159 3267 1271 3316 gloria
1293 3267 1477 3317 Unigeniti
1495 3275 1528 3303 et
1545 3275 1665 3303 contra
1688 3268 1877 3303 Aoomoeos
1893 3272 1976 3300 tunc
1992 3261 2201 3309 viguissent,
2216 3269 2248 3298 et
2272 3260 2299 3298 si
2321 3259 2397 3298 tia-c

359 3333 476 3359 contra
497 3324 637 3360 ,tutta-ns
657 3334 738 3362 tuuc
759 3325 878 3363 hahita
901 3328 1035 3371 suisset.
1054 3328 1088 3365 id
1107 3330 1140 3365 in
1162 3328 1315 3379 quodam
1335 3328 1507 3381 prou-mio
1527 3327 1622 3364 haud
1641 3326 1750 3364 «lubic
1768 3332 2027 3363 memoraturus
2045 3332 2129 3361 emt.
2148 3321 2200 3360 Ad
2219 3322 2294 3360 tiaec
2313 3335 2397 3360 vero

359 3398 439 3433 quis
456 3392 566 3434 putet,
583 3384 616 3420 iu
639 3388 805 3422 extremis
823 3387 990 3438 periculis
1010 3399 1041 3426 ct
1062 3390 1165 3427 uirilis
1181 3399 1342 3428 versante
1358 3390 1514 3435 civitate,
1531 3390 1824 3441 Clu-ysostomum
1848 3394 1966 3423 contra
1998 3387 2180 3422 =&nomo-os
2202 3393 2232 3421 et
2254 3382 2397 3421 suda-os

362 3445 617 3482 controversia·-
636 3447 816 3487 excitasse,
832 3462 876 3496 qu
891 3464 908 3483 i·
928 3449 1133 3487 auditorum
1151 3460 1180 3486 et
1203 3451 1314 3489 otium
1334 3461 1363 3488 ct
1385 3451 1540 3489 sedatam
1562 3459 1710 3488 uicutciu
1731 3447 1968 3500 postulabant.
