<?xml version="1.0" encoding="UTF-8"?>
<!DOCTYPE html PUBLIC "-//W3C//DTD XHTML 1.0 Transitional//EN"
    "http://www.w3.org/TR/xhtml1/DTD/xhtml1-transitional.dtd">
<html xmlns="http://www.w3.org/1999/xhtml" xml:lang="en" lang="en">
 <head>
  <title>
</title>
<meta http-equiv="Content-Type" content="text/html;charset=utf-8" />
  <meta name='ocr-system' content='tesseract 3.04.00' />
  <meta name='ocr-capabilities' content='ocr_page ocr_carea ocr_par ocr_line ocrx_word'/>
</head>
<body>
  <div class='ocr_page' id='page_1' title='image "./operaomniaquaeex01johnuoft/operaomniaquaeex01johnuoft_0311.png"; bbox 0 0 2549 3825; ppageno 0'>
   <div class='ocr_carea' id='block_1_1' title="bbox 523 266 1828 307">
    <p class='ocr_par' dir='ltr' id='par_1_1' title="bbox 523 266 1828 307">
     <span class='ocr_line' id='line_1_1' title="bbox 523 266 1828 307; baseline 0 -9"><span class='ocrx_word' id='word_1_1' title='bbox 523 266 701 298; x_wconf 75' lang='lat' dir='ltr'><strong>CONTRA</strong></span> <span class='ocrx_word' id='word_1_2' title='bbox 737 267 819 297; x_wconf 85' lang='lat' dir='ltr'><strong>Eos</strong></span> <span class='ocrx_word' id='word_1_3' title='bbox 852 267 926 307; x_wconf 84' lang='lat' dir='ltr'><strong>QUI</strong></span> <span class='ocrx_word' id='word_1_4' title='bbox 963 267 1353 300; x_wconf 75' lang='lat' dir='ltr'><strong>SUBINTRODUCTAS</strong></span> <span class='ocrx_word' id='word_1_5' title='bbox 1391 267 1567 300; x_wconf 81' lang='lat' dir='ltr'><strong>HABENT</strong></span> <span class='ocrx_word' id='word_1_6' title='bbox 1602 266 1828 300; x_wconf 77' lang='lat' dir='ltr'><strong>VIRGINES.</strong></span> 
     </span>
    </p>
   </div>
   <div class='ocr_carea' id='block_1_2' title="bbox 148 356 1167 955">
    <p class='ocr_par' dir='ltr' id='par_1_2' title="bbox 148 356 1167 955">
     <span class='ocr_line' id='line_1_2' title="bbox 152 356 1166 412; baseline 0 -15"><span class='ocrx_word' id='word_1_7' title='bbox 152 359 243 412; x_wconf 75' lang='grc' dir='ltr'>ἔχειν</span> <span class='ocrx_word' id='word_1_8' title='bbox 252 389 262 408; x_wconf 89' lang='grc'><strong>,</strong></span> <span class='ocrx_word' id='word_1_9' title='bbox 280 357 411 405; x_wconf 86' lang='grc' dir='ltr'>πολλὴν</span> <span class='ocrx_word' id='word_1_10' title='bbox 438 357 474 395; x_wconf 76' lang='grc' dir='ltr'><strong>δὲ</strong></span> <span class='ocrx_word' id='word_1_11' title='bbox 506 356 856 409; x_wconf 77' lang='grc' dir='ltr'>ἐναποκεκρυμμένην</span> <span class='ocrx_word' id='word_1_12' title='bbox 887 357 1083 408; x_wconf 82' lang='grc' dir='ltr'>δριμύτητα</span> <span class='ocrx_word' id='word_1_13' title='bbox 1106 359 1166 397; x_wconf 72' lang='grc' dir='ltr'><strong>καὶ</strong></span> 
     </span>
     <span class='ocr_line' id='line_1_3' title="bbox 151 418 1165 472; baseline -0.001 -14"><span class='ocrx_word' id='word_1_14' title='bbox 151 421 292 472; x_wconf 87' lang='grc' dir='ltr'>πικρίαν</span> <span class='ocrx_word' id='word_1_15' title='bbox 324 419 490 471; x_wconf 82' lang='grc' dir='ltr'>καταχέει</span> <span class='ocrx_word' id='word_1_16' title='bbox 522 422 585 465; x_wconf 79' lang='grc' dir='ltr'><strong>τῆς</strong></span> <span class='ocrx_word' id='word_1_17' title='bbox 631 418 803 468; x_wconf 82' lang='grc' dir='ltr'>ἧδομένης</span> <span class='ocrx_word' id='word_1_18' title='bbox 835 420 969 470; x_wconf 75' lang='grc' dir='ltr'>ψυχῆς·</span> <span class='ocrx_word' id='word_1_19' title='bbox 996 419 1073 456; x_wconf 74' lang='grc' dir='ltr'>ἐπεὶ</span> <span class='ocrx_word' id='word_1_20' title='bbox 1107 420 1165 457; x_wconf 74' lang='grc' dir='ltr'><strong>καὶ</strong></span> 
     </span>
     <span class='ocr_line' id='line_1_4' title="bbox 151 478 1164 532; baseline 0 -14"><span class='ocrx_word' id='word_1_21' title='bbox 151 480 237 527; x_wconf 76' lang='grc' dir='ltr'>αὐτὴ</span> <span class='ocrx_word' id='word_1_22' title='bbox 256 484 277 527; x_wconf 83' lang='grc' dir='ltr'>ἡ</span> <span class='ocrx_word' id='word_1_23' title='bbox 301 479 390 530; x_wconf 81' lang='grc' dir='ltr'>μετὰ</span> <span class='ocrx_word' id='word_1_24' title='bbox 418 483 554 523; x_wconf 80' lang='grc' dir='ltr'>πειθοῦς</span> <span class='ocrx_word' id='word_1_25' title='bbox 587 479 808 532; x_wconf 81' lang='grc' dir='ltr'>ἀναχώρησις</span> <span class='ocrx_word' id='word_1_26' title='bbox 840 478 1011 530; x_wconf 81' lang='grc' dir='ltr'>ἀσφαλής.</span> <span class='ocrx_word' id='word_1_27' title='bbox 1029 478 1074 518; x_wconf 79' lang='lat' dir='ltr'><strong>‘O</strong></span> <span class='ocrx_word' id='word_1_28' title='bbox 1102 481 1164 529; x_wconf 83' lang='grc' dir='ltr'><strong>μὲν</strong></span> 
     </span>
     <span class='ocr_line' id='line_1_5' title="bbox 149 538 1165 594; baseline 0 -16"><span class='ocrx_word' id='word_1_29' title='bbox 149 539 217 593; x_wconf 84' lang='grc' dir='ltr'><strong>γὰρ</strong></span> <span class='ocrx_word' id='word_1_30' title='bbox 236 540 332 594; x_wconf 73' lang='grc' dir='ltr'><strong>φόὸῳ</strong></span> <span class='ocrx_word' id='word_1_31' title='bbox 353 544 415 587; x_wconf 71' lang='grc' dir='ltr'><strong>τῆς</strong></span> <span class='ocrx_word' id='word_1_32' title='bbox 444 539 653 591; x_wconf 81' lang='grc' dir='ltr'>φιλουμένης</span> <span class='ocrx_word' id='word_1_33' title='bbox 673 538 954 591; x_wconf 84' lang='grc' dir='ltr'>διαζευγνύμενος</span> <span class='ocrx_word' id='word_1_34' title='bbox 979 539 1039 577; x_wconf 86' lang='grc' dir='ltr'><strong>καὶ</strong></span> <span class='ocrx_word' id='word_1_35' title='bbox 1059 540 1165 592; x_wconf 81' lang='grc' dir='ltr'>ἀνάγ·</span> 
     </span>
     <span class='ocr_line' id='line_1_6' title="bbox 148 599 1165 654; baseline 0.001 -16"><span class='ocrx_word' id='word_1_36' title='bbox 148 615 214 652; x_wconf 85' lang='grc' dir='ltr'><strong>κῃ,</strong></span> <span class='ocrx_word' id='word_1_37' title='bbox 253 601 478 654; x_wconf 64' lang='grc' dir='ltr'>σφοδρότερός</span> <span class='ocrx_word' id='word_1_38' title='bbox 516 616 554 638; x_wconf 89' lang='grc' dir='ltr'><strong>τε</strong></span> <span class='ocrx_word' id='word_1_39' title='bbox 595 600 744 653; x_wconf 78' lang='grc' dir='ltr'>ἐραστὴς</span> <span class='ocrx_word' id='word_1_40' title='bbox 793 599 944 651; x_wconf 87' lang='grc' dir='ltr'>γίνεται,</span> <span class='ocrx_word' id='word_1_41' title='bbox 975 601 1035 638; x_wconf 83' lang='grc' dir='ltr'><strong>καὶ</strong></span> <span class='ocrx_word' id='word_1_42' title='bbox 1081 600 1165 645; x_wconf 85' lang='grc' dir='ltr'>ἴσως</span> 
     </span>
     <span class='ocr_line' id='line_1_7' title="bbox 606 660 1166 712; baseline -0.002 -13"><span class='ocrx_word' id='word_1_43' title='bbox 606 665 624 699; x_wconf 86' lang='grc' dir='ltr'>ὃ</span> <span class='ocrx_word' id='word_1_44' title='bbox 658 660 693 699; x_wconf 77' lang='grc' dir='ltr'><strong>δὲ</strong></span> <span class='ocrx_word' id='word_1_45' title='bbox 724 665 783 699; x_wconf 80' lang='grc' dir='ltr'><strong>τοῦ</strong></span> <span class='ocrx_word' id='word_1_46' title='bbox 815 660 1022 712; x_wconf 84' lang='grc' dir='ltr'>πράγματος</span> <span class='ocrx_word' id='word_1_47' title='bbox 1056 676 1166 698; x_wconf 87' lang='grc' dir='ltr'>κατα-</span> 
     </span>
     <span class='ocr_line' id='line_1_8' title="bbox 149 721 1163 774; baseline 0 -15"><span class='ocrx_word' id='word_1_48' title='bbox 149 722 269 774; x_wconf 77' lang='grc' dir='ltr'>γνοὺς,</span> <span class='ocrx_word' id='word_1_49' title='bbox 291 723 350 761; x_wconf 80' lang='grc' dir='ltr'><strong>καὶ</strong></span> <span class='ocrx_word' id='word_1_50' title='bbox 377 722 465 761; x_wconf 79' lang='grc' dir='ltr'>οὕτω</span> <span class='ocrx_word' id='word_1_51' title='bbox 495 721 611 774; x_wconf 79' lang='grc' dir='ltr'>φυγὼν</span> <span class='ocrx_word' id='word_1_52' title='bbox 631 725 677 765; x_wconf 82' lang='grc' dir='ltr'><strong>ὡς</strong></span> <span class='ocrx_word' id='word_1_53' title='bbox 709 721 897 765; x_wconf 46' lang='lat' dir='ltr'><strong>intexat&amp;</strong></span> <span class='ocrx_word' id='word_1_54' title='bbox 929 721 988 759; x_wconf 82' lang='grc' dir='ltr'><strong>καὶ</strong></span> <span class='ocrx_word' id='word_1_55' title='bbox 1016 722 1163 774; x_wconf 87' lang='grc' dir='ltr'>πικρὸν,</span> 
     </span>
     <span class='ocr_line' id='line_1_9' title="bbox 150 778 1166 835; baseline 0.001 -15"><span class='ocrx_word' id='word_1_56' title='bbox 150 784 218 821; x_wconf 85' lang='grc' dir='ltr'>οὐδ’</span> <span class='ocrx_word' id='word_1_57' title='bbox 236 783 275 821; x_wconf 82' lang='grc' dir='ltr'><strong>ἂν</strong></span> <span class='ocrx_word' id='word_1_58' title='bbox 290 783 527 835; x_wconf 77' lang='grc' dir='ltr'>ἐπιστρέψειεν</span> <span class='ocrx_word' id='word_1_59' title='bbox 545 778 652 828; x_wconf 66' lang='grc' dir='ltr'>αὖθις,</span> <span class='ocrx_word' id='word_1_60' title='bbox 669 782 730 829; x_wconf 83' lang='grc' dir='ltr'><strong>τὴν</strong></span> <span class='ocrx_word' id='word_1_61' title='bbox 750 784 790 820; x_wconf 79' lang='grc' dir='ltr'>ἐκ</span> <span class='ocrx_word' id='word_1_62' title='bbox 805 785 866 828; x_wconf 82' lang='grc' dir='ltr'>τ’ῆς</span> <span class='ocrx_word' id='word_1_63' title='bbox 881 781 1009 825; x_wconf 78' lang='grc' dir='ltr'>οἰκείας</span> <span class='ocrx_word' id='word_1_64' title='bbox 1024 783 1166 834; x_wconf 80' lang='grc' dir='ltr'>γνώμης</span> 
     </span>
     <span class='ocr_line' id='line_1_10' title="bbox 177 839 1165 896; baseline 0 -14"><span class='ocrx_word' id='word_1_65' title='bbox 177 847 261 895; x_wconf 80' lang='grc' dir='ltr'>ἧφον</span> <span class='ocrx_word' id='word_1_66' title='bbox 293 844 409 891; x_wconf 87' lang='grc' dir='ltr'>πάσης</span> <span class='ocrx_word' id='word_1_67' title='bbox 442 844 594 895; x_wconf 80' lang='grc' dir='ltr'>ἀνάγκης</span> <span class='ocrx_word' id='word_1_68' title='bbox 627 844 716 895; x_wconf 77' lang='grc' dir='ltr'>ἔχων</span> <span class='ocrx_word' id='word_1_69' title='bbox 738 843 975 896; x_wconf 71' lang='grc' dir='ltr'>ἰσχυροτέραν.</span> <span class='ocrx_word' id='word_1_70' title='bbox 997 845 1079 886; x_wconf 88' lang='grc' dir='ltr'><strong>Πῶς</strong></span> <span class='ocrx_word' id='word_1_71' title='bbox 1110 839 1165 882; x_wconf 69' lang='grc' dir='ltr'><strong>οῧν</strong></span> 
     </span>
     <span class='ocr_line' id='line_1_11' title="bbox 151 904 1167 955; baseline 0 -12"><span class='ocrx_word' id='word_1_72' title='bbox 151 904 275 949; x_wconf 81' lang='grc' dir='ltr'>αὐτοὺς</span> <span class='ocrx_word' id='word_1_73' title='bbox 289 905 473 955; x_wconf 81' lang='grc' dir='ltr'>πείσομεν,</span> <span class='ocrx_word' id='word_1_74' title='bbox 495 905 549 943; x_wconf 81' lang='grc' dir='ltr'><strong>ὅτι</strong></span> <span class='ocrx_word' id='word_1_75' title='bbox 571 906 608 943; x_wconf 82' lang='grc' dir='ltr'><strong>οὔ</strong></span> <span class='ocrx_word' id='word_1_76' title='bbox 632 905 802 955; x_wconf 71' lang='grc' dir='ltr'>βλαὸερὸν</span> <span class='ocrx_word' id='word_1_77' title='bbox 818 907 920 942; x_wconf 78' lang='grc' dir='ltr'>τοῦτο</span> <span class='ocrx_word' id='word_1_78' title='bbox 937 904 1057 954; x_wconf 86' lang='grc' dir='ltr'>μόνον,</span> <span class='ocrx_word' id='word_1_79' title='bbox 1076 905 1167 943; x_wconf 77' lang='grc' dir='ltr'>ἀλλὰ</span> 
     </span>
    </p>
   </div>
   <div class='ocr_carea' id='block_1_3' title="bbox 149 661 577 708">
    <p class='ocr_par' dir='ltr' id='par_1_3' title="bbox 149 661 577 708">
     <span class='ocr_line' id='line_1_12' title="bbox 149 661 577 708; baseline -0.002 -9"><span class='ocrx_word' id='word_1_80' title='bbox 149 661 210 699; x_wconf 73' lang='grc' dir='ltr'><strong>καὶ</strong></span> <span class='ocrx_word' id='word_1_81' title='bbox 242 661 404 708; x_wconf 77' lang='grc' dir='ltr'>ἐπανήξει</span> <span class='ocrx_word' id='word_1_82' title='bbox 441 661 545 699; x_wconf 88' lang='grc' dir='ltr'>πάλιν</span> <span class='ocrx_word' id='word_1_83' title='bbox 567 674 577 684; x_wconf 89' lang='grc'><em>·</em></span> 
     </span>
    </p>
   </div>
   <div class='ocr_carea' id='block_1_4' title="bbox 143 964 1168 1748">
    <p class='ocr_par' dir='ltr' id='par_1_4' title="bbox 143 964 1168 1748">
     <span class='ocr_line' id='line_1_13' title="bbox 149 964 1167 1017; baseline 0 -13"><span class='ocrx_word' id='word_1_84' title='bbox 149 965 210 1004; x_wconf 81' lang='grc' dir='ltr'><strong>καὶ</strong></span> <span class='ocrx_word' id='word_1_85' title='bbox 240 965 385 1017; x_wconf 85' lang='grc' dir='ltr'>πικρόν;</span> <span class='ocrx_word' id='word_1_86' title='bbox 404 967 487 1010; x_wconf 89' lang='grc' dir='ltr'><strong>Πῶς</strong></span> <span class='ocrx_word' id='word_1_87' title='bbox 520 965 556 1004; x_wconf 80' lang='grc' dir='ltr'><strong>δὲ</strong></span> <span class='ocrx_word' id='word_1_88' title='bbox 588 966 702 1009; x_wconf 83' lang='grc' dir='ltr'>ἄλλως</span> <span class='ocrx_word' id='word_1_89' title='bbox 743 964 766 1011; x_wconf 82' lang='grc' dir='ltr'>ἢ</span> <span class='ocrx_word' id='word_1_90' title='bbox 801 964 834 1009; x_wconf 82' lang='grc' dir='ltr'><strong>ἐξ</strong></span> <span class='ocrx_word' id='word_1_91' title='bbox 866 966 972 1011; x_wconf 67' lang='grc' dir='ltr'>αὐτῆς</span> <span class='ocrx_word' id='word_1_92' title='bbox 1003 967 1066 1011; x_wconf 72' lang='grc' dir='ltr'><strong>τῆς</strong></span> <span class='ocrx_word' id='word_1_93' title='bbox 1097 968 1167 1004; x_wconf 87' lang='grc' dir='ltr'><strong>τῶν</strong></span> 
     </span>
     <span class='ocr_line' id='line_1_14' title="bbox 148 1019 1167 1078; baseline 0 -14"><span class='ocrx_word' id='word_1_94' title='bbox 148 1026 364 1078; x_wconf 82' lang='grc' dir='ltr'>πραγμάτων</span> <span class='ocrx_word' id='word_1_95' title='bbox 392 1026 549 1078; x_wconf 69' lang='grc' dir='ltr'>φύσεως,</span> <span class='ocrx_word' id='word_1_96' title='bbox 571 1025 760 1078; x_wconf 84' lang='grc' dir='ltr'>Ἐρώμεθα</span> <span class='ocrx_word' id='word_1_97' title='bbox 791 1019 849 1063; x_wconf 63' lang='grc' dir='ltr'><strong>οὖν</strong></span> <span class='ocrx_word' id='word_1_98' title='bbox 884 1026 1027 1075; x_wconf 74' lang='grc' dir='ltr'>αὐτοὺς,</span> <span class='ocrx_word' id='word_1_99' title='bbox 1048 1026 1081 1064; x_wconf 85' lang='grc' dir='ltr'><strong>εἴ</strong></span> <span class='ocrx_word' id='word_1_100' title='bbox 1115 1042 1167 1070; x_wconf 91' lang='grc' dir='ltr'><strong>τις</strong></span> 
     </span>
     <span class='ocr_line' id='line_1_15' title="bbox 147 1086 1166 1140; baseline -0.001 -15"><span class='ocrx_word' id='word_1_101' title='bbox 147 1088 318 1134; x_wconf 76' lang='grc' dir='ltr'>πολυτελῆ</span> <span class='ocrx_word' id='word_1_102' title='bbox 346 1087 520 1140; x_wconf 87' lang='grc' dir='ltr'>τράπεζαν</span> <span class='ocrx_word' id='word_1_103' title='bbox 547 1086 738 1137; x_wconf 78' lang='grc' dir='ltr'>παραθεὶς,</span> <span class='ocrx_word' id='word_1_104' title='bbox 758 1088 896 1124; x_wconf 78' lang='grc' dir='ltr'>πολλῶν</span> <span class='ocrx_word' id='word_1_105' title='bbox 929 1087 988 1124; x_wconf 85' lang='grc' dir='ltr'><strong>καὶ</strong></span> <span class='ocrx_word' id='word_1_106' title='bbox 1015 1086 1166 1133; x_wconf 84' lang='grc' dir='ltr'>ἡδίστων</span> 
     </span>
     <span class='ocr_line' id='line_1_16' title="bbox 145 1146 1167 1200; baseline 0.001 -16"><span class='ocrx_word' id='word_1_107' title='bbox 145 1147 322 1198; x_wconf 83' lang='grc' dir='ltr'>γέμουσαν</span> <span class='ocrx_word' id='word_1_108' title='bbox 341 1147 558 1198; x_wconf 82' lang='grc' dir='ltr'>ἐδεσμάτων,</span> <span class='ocrx_word' id='word_1_109' title='bbox 574 1151 589 1167; x_wconf 73' lang='lat'><strong>³</strong></span> <span class='ocrx_word' id='word_1_110' title='bbox 600 1146 820 1199; x_wconf 85' lang='grc' dir='ltr'>ἀπηγόρευσε</span> <span class='ocrx_word' id='word_1_111' title='bbox 839 1146 927 1198; x_wconf 84' lang='grc' dir='ltr'>μετὰ</span> <span class='ocrx_word' id='word_1_112' title='bbox 942 1148 1092 1200; x_wconf 76' lang='grc' dir='ltr'>σφοδρᾶς</span> <span class='ocrx_word' id='word_1_113' title='bbox 1105 1150 1167 1194; x_wconf 70' lang='grc' dir='ltr'><strong>τῆς</strong></span> 
     </span>
     <span class='ocr_line' id='line_1_17' title="bbox 147 1203 1165 1261; baseline 0.001 -16"><span class='ocrx_word' id='word_1_114' title='bbox 147 1209 314 1255; x_wconf 80' lang='grc' dir='ltr'>ἀπειλῆς,</span> <span class='ocrx_word' id='word_1_115' title='bbox 336 1208 384 1259; x_wconf 88' lang='grc' dir='ltr'>μὴ</span> <span class='ocrx_word' id='word_1_116' title='bbox 417 1207 589 1246; x_wconf 86' lang='grc' dir='ltr'>ἅπτεσθαί</span> <span class='ocrx_word' id='word_1_117' title='bbox 612 1223 704 1252; x_wconf 86' lang='grc' dir='ltr'>τινος</span> <span class='ocrx_word' id='word_1_118' title='bbox 722 1209 791 1245; x_wconf 87' lang='grc' dir='ltr'><strong>τῶν</strong></span> <span class='ocrx_word' id='word_1_119' title='bbox 811 1208 1071 1259; x_wconf 82' lang='grc' dir='ltr'>προκειμένων,</span> <span class='ocrx_word' id='word_1_120' title='bbox 1095 1203 1165 1261; x_wconf 70' lang='grc' dir='ltr'><strong>ἆρα</strong></span> 
     </span>
     <span class='ocr_line' id='line_1_18' title="bbox 147 1267 1166 1322; baseline 0 -16"><span class='ocrx_word' id='word_1_121' title='bbox 147 1267 188 1306; x_wconf 81' lang='grc' dir='ltr'><strong>ἄν</strong></span> <span class='ocrx_word' id='word_1_122' title='bbox 214 1284 266 1312; x_wconf 91' lang='grc' dir='ltr'><strong>τις</strong></span> <span class='ocrx_word' id='word_1_123' title='bbox 291 1268 402 1308; x_wconf 82' lang='grc' dir='ltr'>εἵλετο</span> <span class='ocrx_word' id='word_1_124' title='bbox 433 1269 576 1320; x_wconf 86' lang='grc' dir='ltr'>τοιαύτῃ</span> <span class='ocrx_word' id='word_1_125' title='bbox 607 1271 880 1322; x_wconf 74' lang='grc' dir='ltr'>παρακαθῆσθαι</span> <span class='ocrx_word' id='word_1_126' title='bbox 908 1269 1086 1320; x_wconf 84' lang='grc' dir='ltr'>τραπέζῃ,</span> <span class='ocrx_word' id='word_1_127' title='bbox 1105 1269 1166 1308; x_wconf 77' lang='grc' dir='ltr'><strong>καὶ</strong></span> 
     </span>
     <span class='ocr_line' id='line_1_19' title="bbox 146 1324 1168 1382; baseline 0.001 -15"><span class='ocrx_word' id='word_1_128' title='bbox 146 1330 302 1374; x_wconf 86' lang='grc' dir='ltr'>κολάζειν</span> <span class='ocrx_word' id='word_1_129' title='bbox 323 1330 464 1376; x_wconf 81' lang='grc' dir='ltr'>ἑαυτόν;</span> <span class='ocrx_word' id='word_1_130' title='bbox 484 1332 561 1369; x_wconf 80' lang='grc' dir='ltr'>Οὐκ</span> <span class='ocrx_word' id='word_1_131' title='bbox 583 1332 691 1381; x_wconf 85' lang='grc' dir='ltr'>ἔγωγε</span> <span class='ocrx_word' id='word_1_132' title='bbox 720 1324 837 1380; x_wconf 61' lang='grc' dir='ltr'>οἶμαι·</span> <span class='ocrx_word' id='word_1_133' title='bbox 854 1330 932 1369; x_wconf 82' lang='grc' dir='ltr'>οὔτε</span> <span class='ocrx_word' id='word_1_134' title='bbox 949 1330 1017 1382; x_wconf 84' lang='grc' dir='ltr'><strong>γὰρ</strong></span> <span class='ocrx_word' id='word_1_135' title='bbox 1037 1332 1168 1368; x_wconf 89' lang='grc' dir='ltr'>τοσαύ-</span> 
     </span>
     <span class='ocr_line' id='line_1_20' title="bbox 146 1391 1166 1444; baseline 0 -16"><span class='ocrx_word' id='word_1_136' title='bbox 146 1406 209 1437; x_wconf 88' lang='grc' dir='ltr'>την</span> <span class='ocrx_word' id='word_1_137' title='bbox 225 1391 294 1429; x_wconf 85' lang='grc' dir='ltr'><strong>ἇπὸ</strong></span> <span class='ocrx_word' id='word_1_138' title='bbox 308 1395 371 1438; x_wconf 69' lang='grc' dir='ltr'><strong>τῆς</strong></span> <span class='ocrx_word' id='word_1_139' title='bbox 387 1391 499 1443; x_wconf 71' lang='grc' dir='ltr'>ὄψεως</span> <span class='ocrx_word' id='word_1_140' title='bbox 517 1393 712 1444; x_wconf 74' lang='grc' dir='ltr'>ἐκαρποῦτο</span> <span class='ocrx_word' id='word_1_141' title='bbox 729 1392 791 1437; x_wconf 73' lang='grc' dir='ltr'><strong>τὴν</strong></span> <span class='ocrx_word' id='word_1_142' title='bbox 816 1391 942 1438; x_wconf 76' lang='grc' dir='ltr'>ἡδονὴν</span> <span class='ocrx_word' id='word_1_143' title='bbox 955 1422 964 1439; x_wconf 91' lang='grc'><strong>,</strong></span> <span class='ocrx_word' id='word_1_144' title='bbox 988 1391 1071 1438; x_wconf 78' lang='grc' dir='ltr'>ὅσην</span> <span class='ocrx_word' id='word_1_145' title='bbox 1097 1391 1166 1430; x_wconf 75' lang='grc' dir='ltr'><strong>ἀπὸ</strong></span> 
     </span>
     <span class='ocr_line' id='line_1_21' title="bbox 146 1452 1167 1503; baseline 0.001 -14"><span class='ocrx_word' id='word_1_146' title='bbox 146 1454 208 1498; x_wconf 73' lang='grc' dir='ltr'><strong>τῆς</strong></span> <span class='ocrx_word' id='word_1_147' title='bbox 222 1452 402 1496; x_wconf 83' lang='grc' dir='ltr'>κωλύσεως</span> <span class='ocrx_word' id='word_1_148' title='bbox 418 1453 566 1502; x_wconf 80' lang='grc' dir='ltr'>ὑπέμενε</span> <span class='ocrx_word' id='word_1_149' title='bbox 579 1452 642 1498; x_wconf 83' lang='grc' dir='ltr'><strong>τὴν</strong></span> <span class='ocrx_word' id='word_1_150' title='bbox 659 1452 821 1502; x_wconf 86' lang='grc' dir='ltr'>ἀθυμίαν.</span> <span class='ocrx_word' id='word_1_151' title='bbox 836 1452 883 1490; x_wconf 91' lang='grc' dir='ltr'><strong>Τί</strong></span> <span class='ocrx_word' id='word_1_152' title='bbox 903 1453 953 1499; x_wconf 84' lang='grc' dir='ltr'><strong>δὲ,</strong></span> <span class='ocrx_word' id='word_1_153' title='bbox 971 1454 999 1490; x_wconf 80' lang='grc' dir='ltr'><strong>εἷ</strong></span> <span class='ocrx_word' id='word_1_154' title='bbox 1018 1454 1167 1503; x_wconf 72' lang='grc' dir='ltr'>διψῶντι</span> 
     </span>
     <span class='ocr_line' id='line_1_22' title="bbox 145 1512 1162 1565; baseline 0.001 -15"><span class='ocrx_word' id='word_1_155' title='bbox 145 1513 205 1551; x_wconf 85' lang='grc' dir='ltr'><strong>καὶ</strong></span> <span class='ocrx_word' id='word_1_156' title='bbox 220 1512 393 1565; x_wconf 84' lang='grc' dir='ltr'>καιομένῳ</span> <span class='ocrx_word' id='word_1_157' title='bbox 407 1513 522 1565; x_wconf 79' lang='grc' dir='ltr'>πηγήν</span> <span class='ocrx_word' id='word_1_158' title='bbox 536 1529 588 1556; x_wconf 89' lang='grc' dir='ltr'><strong>τις</strong></span> <span class='ocrx_word' id='word_1_159' title='bbox 603 1512 775 1556; x_wconf 80' lang='grc' dir='ltr'>ἐπιδείξας</span> <span class='ocrx_word' id='word_1_160' title='bbox 786 1513 941 1565; x_wconf 85' lang='grc' dir='ltr'>καθαρὰν</span> <span class='ocrx_word' id='word_1_161' title='bbox 955 1513 1012 1551; x_wconf 85' lang='grc' dir='ltr'><strong>καὶ</strong></span> <span class='ocrx_word' id='word_1_162' title='bbox 1028 1514 1162 1565; x_wconf 62' lang='grc' dir='ltr'>διαυγῆ,</span> 
     </span>
     <span class='ocr_line' id='line_1_23' title="bbox 147 1573 1166 1626; baseline -0.001 -14"><span class='ocrx_word' id='word_1_163' title='bbox 147 1573 196 1624; x_wconf 81' lang='grc' dir='ltr'>μὴ</span> <span class='ocrx_word' id='word_1_164' title='bbox 216 1573 318 1624; x_wconf 88' lang='grc' dir='ltr'>μόνον</span> <span class='ocrx_word' id='word_1_165' title='bbox 343 1577 450 1620; x_wconf 68' lang='grc' dir='ltr'>αὐτῆς</span> <span class='ocrx_word' id='word_1_166' title='bbox 469 1574 517 1623; x_wconf 88' lang='grc' dir='ltr'>μὴ</span> <span class='ocrx_word' id='word_1_167' title='bbox 546 1573 799 1625; x_wconf 84' lang='grc' dir='ltr'>ἀπογεύεσθαι,</span> <span class='ocrx_word' id='word_1_168' title='bbox 819 1574 910 1611; x_wconf 76' lang='grc' dir='ltr'>ἀλλὰ</span> <span class='ocrx_word' id='word_1_169' title='bbox 940 1574 1027 1624; x_wconf 79' lang='grc' dir='ltr'>μηδὲ</span> <span class='ocrx_word' id='word_1_170' title='bbox 1047 1575 1166 1626; x_wconf 83' lang='grc' dir='ltr'>ἄκροις</span> 
     </span>
     <span class='ocr_line' id='line_1_24' title="bbox 145 1629 1165 1688; baseline 0.001 -16"><span class='ocrx_word' id='word_1_171' title='bbox 145 1638 251 1687; x_wconf 84' lang='grc' dir='ltr'>θιγεῖν</span> <span class='ocrx_word' id='word_1_172' title='bbox 273 1641 343 1679; x_wconf 84' lang='grc' dir='ltr'>τοῖς</span> <span class='ocrx_word' id='word_1_173' title='bbox 362 1635 543 1678; x_wconf 82' lang='grc' dir='ltr'>δακτύλοις</span> <span class='ocrx_word' id='word_1_174' title='bbox 561 1634 770 1686; x_wconf 80' lang='grc' dir='ltr'>ἐπέτρεπεν,</span> <span class='ocrx_word' id='word_1_175' title='bbox 789 1629 858 1688; x_wconf 55' lang='lat' dir='ltr'><strong>{pot</strong></span> <span class='ocrx_word' id='word_1_176' title='bbox 879 1634 919 1672; x_wconf 83' lang='grc' dir='ltr'><strong>ἂν</strong></span> <span class='ocrx_word' id='word_1_177' title='bbox 935 1634 1064 1683; x_wconf 86' lang='grc' dir='ltr'>ταύτης</span> <span class='ocrx_word' id='word_1_178' title='bbox 1083 1635 1165 1687; x_wconf 82' lang='grc' dir='ltr'>ἐγέ-</span> 
     </span>
     <span class='ocr_line' id='line_1_25' title="bbox 143 1695 795 1748; baseline -0.002 -14"><span class='ocrx_word' id='word_1_179' title='bbox 143 1695 221 1734; x_wconf 84' lang='grc' dir='ltr'>νετό</span> <span class='ocrx_word' id='word_1_180' title='bbox 241 1712 275 1734; x_wconf 93' lang='grc' dir='ltr'><strong>τι</strong></span> <span class='ocrx_word' id='word_1_181' title='bbox 293 1695 498 1748; x_wconf 86' lang='grc' dir='ltr'>πικρότερον</span> <span class='ocrx_word' id='word_1_182' title='bbox 518 1697 581 1740; x_wconf 75' lang='grc' dir='ltr'><strong>τῆς</strong></span> <span class='ocrx_word' id='word_1_183' title='bbox 600 1695 795 1742; x_wconf 84' lang='grc' dir='ltr'>κολάσεως;</span> 
     </span>
    </p>
   </div>
   <div class='ocr_carea' id='block_1_5' title="bbox 140 1811 1163 2537">
    <p class='ocr_par' dir='ltr' id='par_1_5' title="bbox 140 1811 1163 2537">
     <span class='ocr_line' id='line_1_26' title="bbox 199 1811 1163 1872; baseline -0.001 -15"><span class='ocrx_word' id='word_1_184' title='bbox 199 1818 291 1857; x_wconf 81' lang='grc' dir='ltr'>Οὐδὲ</span> <span class='ocrx_word' id='word_1_185' title='bbox 311 1821 457 1857; x_wconf 78' lang='grc' dir='ltr'>ἐνταῦθα</span> <span class='ocrx_word' id='word_1_186' title='bbox 487 1811 585 1869; x_wconf 62' lang='grc' dir='ltr'>οἶμαί</span> <span class='ocrx_word' id='word_1_187' title='bbox 605 1834 683 1857; x_wconf 88' lang='grc' dir='ltr'>τινα</span> <span class='ocrx_word' id='word_1_188' title='bbox 714 1819 880 1870; x_wconf 86' lang='grc' dir='ltr'>ἀντερεῖν.</span> <span class='ocrx_word' id='word_1_189' title='bbox 901 1819 1077 1856; x_wconf 74' lang='grc' dir='ltr'>Τοσοῦτον</span> <span class='ocrx_word' id='word_1_190' title='bbox 1095 1817 1163 1872; x_wconf 89' lang='grc' dir='ltr'><strong>γάρ</strong></span> 
     </span>
     <span class='ocr_line' id='line_1_27' title="bbox 142 1878 1160 1926; baseline 0.001 -9"><span class='ocrx_word' id='word_1_191' title='bbox 142 1881 217 1918; x_wconf 84' lang='grc' dir='ltr'>ἐστι</span> <span class='ocrx_word' id='word_1_192' title='bbox 245 1884 345 1918; x_wconf 75' lang='grc' dir='ltr'>τοῦτο</span> <span class='ocrx_word' id='word_1_193' title='bbox 374 1879 414 1917; x_wconf 82' lang='grc' dir='ltr'><strong>τὸ</strong></span> <span class='ocrx_word' id='word_1_194' title='bbox 441 1879 571 1926; x_wconf 85' lang='grc' dir='ltr'>κακὸν,</span> <span class='ocrx_word' id='word_1_195' title='bbox 592 1879 645 1917; x_wconf 79' lang='grc' dir='ltr'><strong>ὅτι</strong></span> <span class='ocrx_word' id='word_1_196' title='bbox 675 1878 735 1917; x_wconf 85' lang='grc' dir='ltr'><strong>καὶ</strong></span> <span class='ocrx_word' id='word_1_197' title='bbox 763 1881 832 1916; x_wconf 88' lang='grc' dir='ltr'><strong>τῶν</strong></span> <span class='ocrx_word' id='word_1_198' title='bbox 852 1878 974 1923; x_wconf 85' lang='grc' dir='ltr'>ἔξωθεν</span> <span class='ocrx_word' id='word_1_199' title='bbox 1000 1882 1031 1918; x_wconf 78' lang='grc' dir='ltr'><strong>οἷ</strong></span> <span class='ocrx_word' id='word_1_200' title='bbox 1051 1885 1160 1918; x_wconf 72' lang='grc' dir='ltr'>ταῦτα</span> 
     </span>
     <span class='ocr_line' id='line_1_28' title="bbox 142 1939 1158 1993; baseline 0.002 -15"><span class='ocrx_word' id='word_1_201' title='bbox 142 1940 413 1979; x_wconf 85' lang='grc' dir='ltr'>διασκέπτεσθαι</span> <span class='ocrx_word' id='word_1_202' title='bbox 446 1939 600 1991; x_wconf 84' lang='grc' dir='ltr'>μάλιστα</span> <span class='ocrx_word' id='word_1_203' title='bbox 631 1940 725 1983; x_wconf 85' lang='grc' dir='ltr'>ὄντες</span> <span class='ocrx_word' id='word_1_204' title='bbox 758 1940 879 1988; x_wconf 77' lang='grc' dir='ltr'>δεινοὶ,</span> <span class='ocrx_word' id='word_1_205' title='bbox 898 1941 1025 1987; x_wconf 70' lang='grc' dir='ltr'>ἡδονῆς</span> <span class='ocrx_word' id='word_1_206' title='bbox 1056 1940 1158 1993; x_wconf 83' lang='grc' dir='ltr'>φύσιν</span> 
     </span>
     <span class='ocr_line' id='line_1_29' title="bbox 142 2000 1163 2052; baseline 0.001 -13"><span class='ocrx_word' id='word_1_207' title='bbox 142 2001 235 2052; x_wconf 87' lang='grc' dir='ltr'>λέγω</span> <span class='ocrx_word' id='word_1_208' title='bbox 266 2000 326 2038; x_wconf 81' lang='grc' dir='ltr'><strong>καὶ</strong></span> <span class='ocrx_word' id='word_1_209' title='bbox 355 2000 488 2048; x_wconf 83' lang='grc' dir='ltr'>λύπης,</span> <span class='ocrx_word' id='word_1_210' title='bbox 512 2000 718 2047; x_wconf 81' lang='grc' dir='ltr'>θελήσαντες</span> <span class='ocrx_word' id='word_1_211' title='bbox 736 2003 883 2047; x_wconf 77' lang='grc' dir='ltr'>ποιῆσαι</span> <span class='ocrx_word' id='word_1_212' title='bbox 913 2002 1163 2052; x_wconf 86' lang='grc' dir='ltr'>κολαζομένους</span> 
     </span>
     <span class='ocr_line' id='line_1_30' title="bbox 141 2061 1162 2115; baseline 0.001 -15"><span class='ocrx_word' id='word_1_213' title='bbox 141 2063 237 2106; x_wconf 87' lang='grc' dir='ltr'>τινὰς</span> <span class='ocrx_word' id='word_1_214' title='bbox 268 2062 446 2114; x_wconf 77' lang='grc' dir='ltr'>σφοδρῶς,</span> <span class='ocrx_word' id='word_1_215' title='bbox 469 2063 530 2099; x_wconf 83' lang='grc' dir='ltr'><strong>οὐκ</strong></span> <span class='ocrx_word' id='word_1_216' title='bbox 562 2061 676 2105; x_wconf 86' lang='grc' dir='ltr'>ἄλλως</span> <span class='ocrx_word' id='word_1_217' title='bbox 711 2061 939 2109; x_wconf 81' lang='grc' dir='ltr'>ἐποίησαν,ἢ</span> <span class='ocrx_word' id='word_1_218' title='bbox 970 2062 1082 2115; x_wconf 81' lang='grc' dir='ltr'>τούτῳ</span> <span class='ocrx_word' id='word_1_219' title='bbox 1112 2066 1162 2114; x_wconf 83' lang='grc' dir='ltr'><strong>τῷ</strong></span> 
     </span>
     <span class='ocr_line' id='line_1_31' title="bbox 142 2121 1162 2176; baseline 0.002 -17"><span class='ocrx_word' id='word_1_220' title='bbox 142 2122 281 2174; x_wconf 85' lang='grc' dir='ltr'>τρόπῳ·</span> <span class='ocrx_word' id='word_1_221' title='bbox 299 2122 495 2165; x_wconf 86' lang='grc' dir='ltr'>πλάσαντες</span> <span class='ocrx_word' id='word_1_222' title='bbox 529 2121 595 2173; x_wconf 90' lang='grc' dir='ltr'><strong>γάρ</strong></span> <span class='ocrx_word' id='word_1_223' title='bbox 625 2139 703 2160; x_wconf 89' lang='grc' dir='ltr'>τινα</span> <span class='ocrx_word' id='word_1_224' title='bbox 726 2127 852 2172; x_wconf 74' lang='grc' dir='ltr'>μῦθον,</span> <span class='ocrx_word' id='word_1_225' title='bbox 872 2122 1013 2174; x_wconf 81' lang='grc' dir='ltr'>ἄγουσιν</span> <span class='ocrx_word' id='word_1_226' title='bbox 1046 2125 1080 2161; x_wconf 83' lang='grc' dir='ltr'><strong>ἐν</strong></span> <span class='ocrx_word' id='word_1_227' title='bbox 1112 2127 1162 2176; x_wconf 84' lang='grc' dir='ltr'><strong>τῷ</strong></span> 
     </span>
     <span class='ocr_line' id='line_1_32' title="bbox 146 2182 1162 2236; baseline 0.001 -15"><span class='ocrx_word' id='word_1_228' title='bbox 146 2183 244 2236; x_wconf 84' lang='grc' dir='ltr'>μύθῳ</span> <span class='ocrx_word' id='word_1_229' title='bbox 262 2182 360 2229; x_wconf 84' lang='grc' dir='ltr'>τινὰ,</span> <span class='ocrx_word' id='word_1_230' title='bbox 381 2183 418 2221; x_wconf 84' lang='grc' dir='ltr'><strong>ὃν</strong></span> <span class='ocrx_word' id='word_1_231' title='bbox 439 2183 507 2221; x_wconf 85' lang='grc' dir='ltr'>ἔδει</span> <span class='ocrx_word' id='word_1_232' title='bbox 529 2183 646 2221; x_wconf 76' lang='grc' dir='ltr'>δοῦναι</span> <span class='ocrx_word' id='word_1_233' title='bbox 673 2183 772 2230; x_wconf 85' lang='grc' dir='ltr'>δίκην</span> <span class='ocrx_word' id='word_1_234' title='bbox 801 2183 975 2235; x_wconf 54' lang='grc' dir='ltr'>ἐσχάτην,</span> <span class='ocrx_word' id='word_1_235' title='bbox 995 2184 1055 2221; x_wconf 85' lang='grc' dir='ltr'><strong>καὶ</strong></span> <span class='ocrx_word' id='word_1_236' title='bbox 1083 2184 1162 2222; x_wconf 78' lang='grc' dir='ltr'>ἔτε-</span> 
     </span>
     <span class='ocr_line' id='line_1_33' title="bbox 146 2243 1159 2297; baseline 0.001 -15"><span class='ocrx_word' id='word_1_237' title='bbox 146 2259 202 2295; x_wconf 80' lang='grc' dir='ltr'><strong>ρον</strong></span> <span class='ocrx_word' id='word_1_238' title='bbox 238 2243 300 2294; x_wconf 84' lang='grc' dir='ltr'><strong>μὲν</strong></span> <span class='ocrx_word' id='word_1_239' title='bbox 334 2245 452 2291; x_wconf 83' lang='grc' dir='ltr'>οὐδὲν,</span> <span class='ocrx_word' id='word_1_240' title='bbox 479 2243 688 2282; x_wconf 84' lang='grc' dir='ltr'>πανδαισίαν</span> <span class='ocrx_word' id='word_1_241' title='bbox 723 2243 758 2281; x_wconf 84' lang='grc' dir='ltr'><strong>δὲ</strong></span> <span class='ocrx_word' id='word_1_242' title='bbox 797 2244 1010 2296; x_wconf 85' lang='grc' dir='ltr'>παραθέντες</span> <span class='ocrx_word' id='word_1_243' title='bbox 1042 2247 1159 2297; x_wconf 81' lang='grc' dir='ltr'>αὐτῷ,</span> 
     </span>
     <span class='ocr_line' id='line_1_34' title="bbox 142 2303 1161 2356; baseline 0.003 -16"><span class='ocrx_word' id='word_1_244' title='bbox 142 2303 201 2341; x_wconf 81' lang='grc' dir='ltr'><strong>καὶ</strong></span> <span class='ocrx_word' id='word_1_245' title='bbox 227 2303 424 2355; x_wconf 69' lang='grc' dir='ltr'>παραρρέον</span> <span class='ocrx_word' id='word_1_246' title='bbox 462 2303 632 2348; x_wconf 84' lang='grc' dir='ltr'>δείξαντες</span> <span class='ocrx_word' id='word_1_247' title='bbox 665 2303 778 2356; x_wconf 79' lang='grc' dir='ltr'>ὕδωρ,</span> <span class='ocrx_word' id='word_1_248' title='bbox 798 2305 932 2347; x_wconf 81' lang='grc' dir='ltr'>οὐδενὸς</span> <span class='ocrx_word' id='word_1_249' title='bbox 964 2306 1161 2343; x_wconf 79' lang='grc' dir='ltr'>ἀπολαῦσαι</span> 
     </span>
     <span class='ocr_line' id='line_1_35' title="bbox 140 2357 1159 2415; baseline 0.001 -13"><span class='ocrx_word' id='word_1_250' title='bbox 140 2362 270 2402; x_wconf 88' lang='grc' dir='ltr'>τούτων</span> <span class='ocrx_word' id='word_1_251' title='bbox 314 2357 549 2415; x_wconf 77' lang='grc' dir='ltr'>συνεχώρουν,</span> <span class='ocrx_word' id='word_1_252' title='bbox 585 2365 662 2402; x_wconf 90' lang='grc' dir='ltr'>ἀλλ’</span> <span class='ocrx_word' id='word_1_253' title='bbox 691 2367 777 2414; x_wconf 79' lang='grc' dir='ltr'>ὁμοῦ</span> <span class='ocrx_word' id='word_1_254' title='bbox 821 2380 857 2401; x_wconf 85' lang='grc' dir='ltr'><strong>τε</strong></span> <span class='ocrx_word' id='word_1_255' title='bbox 906 2364 1050 2408; x_wconf 81' lang='grc' dir='ltr'>ἐξέτεινε</span> <span class='ocrx_word' id='word_1_256' title='bbox 1096 2366 1159 2412; x_wconf 70' lang='grc' dir='ltr'><strong>τὴν</strong></span> 
     </span>
     <span class='ocr_line' id='line_1_36' title="bbox 140 2424 1158 2477; baseline 0.001 -15"><span class='ocrx_word' id='word_1_257' title='bbox 140 2430 243 2477; x_wconf 80' lang='grc' dir='ltr'>χεῖρα</span> <span class='ocrx_word' id='word_1_258' title='bbox 273 2426 400 2467; x_wconf 85' lang='grc' dir='ltr'>ἐκεῖνος</span> <span class='ocrx_word' id='word_1_259' title='bbox 429 2425 488 2462; x_wconf 83' lang='grc' dir='ltr'><strong>καὶ</strong></span> <span class='ocrx_word' id='word_1_260' title='bbox 517 2424 562 2462; x_wconf 84' lang='grc' dir='ltr'><strong>τὰ</strong></span> <span class='ocrx_word' id='word_1_261' title='bbox 599 2424 759 2476; x_wconf 80' lang='grc' dir='ltr'>δρώμενα</span> <span class='ocrx_word' id='word_1_262' title='bbox 792 2424 929 2462; x_wconf 82' lang='grc' dir='ltr'>ἅπαντα</span> <span class='ocrx_word' id='word_1_263' title='bbox 962 2426 1158 2476; x_wconf 70' lang='grc' dir='ltr'>ἀφίπτατο,</span> 
     </span>
     <span class='ocr_line' id='line_1_37' title="bbox 140 2479 1157 2537; baseline -0.002 -13"><span class='ocrx_word' id='word_1_264' title='bbox 140 2486 200 2524; x_wconf 84' lang='grc' dir='ltr'><strong>καὶ</strong></span> <span class='ocrx_word' id='word_1_265' title='bbox 215 2490 317 2524; x_wconf 77' lang='grc' dir='ltr'>τοῦτο</span> <span class='ocrx_word' id='word_1_266' title='bbox 336 2485 467 2537; x_wconf 82' lang='grc' dir='ltr'>ἐγίνετο</span> <span class='ocrx_word' id='word_1_267' title='bbox 484 2486 681 2529; x_wconf 86' lang='grc' dir='ltr'>διαπαντός.</span> <span class='ocrx_word' id='word_1_268' title='bbox 700 2486 770 2524; x_wconf 78' lang='grc' dir='ltr'><strong>Καὶ</strong></span> <span class='ocrx_word' id='word_1_269' title='bbox 787 2479 883 2528; x_wconf 60' lang='grc' dir='ltr'>οὗτος</span> <span class='ocrx_word' id='word_1_270' title='bbox 901 2489 963 2532; x_wconf 84' lang='grc' dir='ltr'>τ’ἧς</span> <span class='ocrx_word' id='word_1_271' title='bbox 982 2485 1157 2529; x_wconf 85' lang='grc' dir='ltr'>κολάσεως</span> 
     </span>
    </p>
   </div>
   <div class='ocr_carea' id='block_1_6' title="bbox 2095 254 2178 300">
    <p class='ocr_par' dir='ltr' id='par_1_6' title="bbox 2095 254 2178 300">
     <span class='ocr_line' id='line_1_38' title="bbox 2095 254 2178 300; baseline 0 -1"><span class='ocrx_word' id='word_1_272' title='bbox 2095 254 2178 300; x_wconf 85' lang='lat'><strong>281</strong></span> 
     </span>
    </p>
   </div>
   <div class='ocr_carea' id='block_1_7' title="bbox 1176 349 2202 2105">
    <p class='ocr_par' dir='ltr' id='par_1_7' title="bbox 1241 349 2190 641">
     <span class='ocr_line' id='line_1_39' title="bbox 1243 349 2187 404; baseline 0.001 -15"><span class='ocrx_word' id='word_1_273' title='bbox 1243 351 1432 389; x_wconf 86' lang='lat' dir='ltr'><strong>mortiferae</strong></span> <span class='ocrx_word' id='word_1_274' title='bbox 1450 351 1626 404; x_wconf 83' lang='lat' dir='ltr'><strong>potiones.</strong></span> <span class='ocrx_word' id='word_1_275' title='bbox 1648 351 1696 390; x_wconf 83' lang='lat' dir='ltr'><strong>Et</strong></span> <span class='ocrx_word' id='word_1_276' title='bbox 1716 350 1854 389; x_wconf 86' lang='lat' dir='ltr'><strong>videtur</strong></span> <span class='ocrx_word' id='word_1_277' title='bbox 1873 349 2018 401; x_wconf 89' lang='lat' dir='ltr'><strong>quidem</strong></span> <span class='ocrx_word' id='word_1_278' title='bbox 2037 351 2187 390; x_wconf 86' lang='lat' dir='ltr'><strong>multam</strong></span> 
     </span>
     <span class='ocr_line' id='line_1_40' title="bbox 1242 411 2189 461; baseline 0.002 -13"><span class='ocrx_word' id='word_1_279' title='bbox 1242 412 1371 449; x_wconf 85' lang='lat' dir='ltr'><strong>habere</strong></span> <span class='ocrx_word' id='word_1_280' title='bbox 1389 413 1564 461; x_wconf 67' lang='lat' dir='ltr'><strong>laetitiam,</strong></span> <span class='ocrx_word' id='word_1_281' title='bbox 1581 413 1665 450; x_wconf 91' lang='lat' dir='ltr'><strong>latet</strong></span> <span class='ocrx_word' id='word_1_282' title='bbox 1683 421 1799 450; x_wconf 87' lang='lat' dir='ltr'><strong>tamen</strong></span> <span class='ocrx_word' id='word_1_283' title='bbox 1813 411 1967 449; x_wconf 90' lang='lat' dir='ltr'><strong>multum</strong></span> <span class='ocrx_word' id='word_1_284' title='bbox 1982 411 2018 450; x_wconf 91' lang='lat' dir='ltr'><strong>in</strong></span> <span class='ocrx_word' id='word_1_285' title='bbox 2034 426 2073 449; x_wconf 87' lang='lat' dir='ltr'><strong>ea</strong></span> <span class='ocrx_word' id='word_1_286' title='bbox 2088 426 2189 450; x_wconf 90' lang='lat' dir='ltr'><strong>ama·</strong></span> 
     </span>
     <span class='ocr_line' id='line_1_41' title="bbox 1242 471 2190 524; baseline 0.004 -17"><span class='ocrx_word' id='word_1_287' title='bbox 1242 471 1411 510; x_wconf 87' lang='lat' dir='ltr'><strong>ritudinis</strong></span> <span class='ocrx_word' id='word_1_288' title='bbox 1424 502 1433 520; x_wconf 90' lang='lat'>‚</span> <span class='ocrx_word' id='word_1_289' title='bbox 1450 487 1557 523; x_wconf 87' lang='lat' dir='ltr'><strong>quam</strong></span> <span class='ocrx_word' id='word_1_290' title='bbox 1571 472 1697 510; x_wconf 76' lang='lat' dir='ltr'><strong>animae</strong></span> <span class='ocrx_word' id='word_1_291' title='bbox 1709 501 1718 519; x_wconf 90' lang='lat'>,</span> <span class='ocrx_word' id='word_1_292' title='bbox 1739 486 1818 522; x_wconf 89' lang='lat' dir='ltr'><strong>quae</strong></span> <span class='ocrx_word' id='word_1_293' title='bbox 1835 472 2079 524; x_wconf 86' lang='lat' dir='ltr'><strong>voluptatibus</strong></span> <span class='ocrx_word' id='word_1_294' title='bbox 2093 473 2190 511; x_wconf 88' lang='lat' dir='ltr'><strong>oble-</strong></span> 
     </span>
     <span class='ocr_line' id='line_1_42' title="bbox 1242 532 2187 584; baseline 0.004 -17"><span class='ocrx_word' id='word_1_295' title='bbox 1242 540 1374 577; x_wconf 86' lang='lat' dir='ltr'><strong>ctatur,</strong></span> <span class='ocrx_word' id='word_1_296' title='bbox 1395 532 1564 571; x_wconf 87' lang='lat' dir='ltr'><strong>infundit.</strong></span> <span class='ocrx_word' id='word_1_297' title='bbox 1583 534 1675 571; x_wconf 88' lang='lat' dir='ltr'><strong>Nam</strong></span> <span class='ocrx_word' id='word_1_298' title='bbox 1706 533 1767 582; x_wconf 90' lang='lat' dir='ltr'><strong>qui</strong></span> <span class='ocrx_word' id='word_1_299' title='bbox 1791 547 1978 584; x_wconf 78' lang='lat' dir='ltr'>persuasus</span> <span class='ocrx_word' id='word_1_300' title='bbox 2010 533 2187 580; x_wconf 89' lang='lat' dir='ltr'><strong>discedit,</strong></span> 
     </span>
     <span class='ocr_line' id='line_1_43' title="bbox 1241 592 2188 641; baseline 0.006 -15"><span class='ocrx_word' id='word_1_301' title='bbox 1241 604 1362 628; x_wconf 87' lang='lat' dir='ltr'><strong>secure</strong></span> <span class='ocrx_word' id='word_1_302' title='bbox 1389 592 1552 631; x_wconf 84' lang='lat' dir='ltr'><strong>discedit.</strong></span> <span class='ocrx_word' id='word_1_303' title='bbox 1584 593 1676 630; x_wconf 86' lang='lat' dir='ltr'><strong>Sane</strong></span> <span class='ocrx_word' id='word_1_304' title='bbox 1690 593 1752 641; x_wconf 91' lang='lat' dir='ltr'><strong>qui</strong></span> <span class='ocrx_word' id='word_1_305' title='bbox 1779 601 1875 629; x_wconf 85' lang='lat' dir='ltr'><strong>metu</strong></span> <span class='ocrx_word' id='word_1_306' title='bbox 1895 602 1927 629; x_wconf 93' lang='lat' dir='ltr'><strong>et</strong></span> <span class='ocrx_word' id='word_1_307' title='bbox 1946 594 2151 632; x_wconf 82' lang='lat' dir='ltr'><strong>necessitate</strong></span> <span class='ocrx_word' id='word_1_308' title='bbox 2167 609 2188 632; x_wconf 89' lang='lat' dir='ltr'><strong>a</strong></span> 
     </span>
    </p>

    <p class='ocr_par' dir='ltr' id='par_1_8' title="bbox 1190 651 2202 1373">
     <span class='ocr_line' id='line_1_44' title="bbox 1190 651 2190 704; baseline 0.006 -16"><span class='ocrx_word' id='word_1_309' title='bbox 1190 669 1215 699; x_wconf 68' lang='grc' dir='ltr'>ῃ</span> <span class='ocrx_word' id='word_1_310' title='bbox 1241 651 1371 689; x_wconf 85' lang='lat' dir='ltr'><strong>dilecta</strong></span> <span class='ocrx_word' id='word_1_311' title='bbox 1390 653 1607 704; x_wconf 85' lang='lat' dir='ltr'><strong>sejungitur,</strong></span> <span class='ocrx_word' id='word_1_312' title='bbox 1623 653 1752 691; x_wconf 84' lang='lat' dir='ltr'><strong>fortior</strong></span> <span class='ocrx_word' id='word_1_313' title='bbox 1770 662 1905 690; x_wconf 87' lang='lat' dir='ltr'><strong>amator</strong></span> <span class='ocrx_word' id='word_1_314' title='bbox 1923 653 1976 699; x_wconf 86' lang='lat' dir='ltr'><strong>fit,</strong></span> <span class='ocrx_word' id='word_1_315' title='bbox 1989 664 2019 691; x_wconf 88' lang='lat' dir='ltr'><strong>et</strong></span> <span class='ocrx_word' id='word_1_316' title='bbox 2031 655 2190 695; x_wconf 85' lang='lat' dir='ltr'><strong>fortassis</strong></span> 
     </span>
     <span class='ocr_line' id='line_1_45' title="bbox 1242 712 2189 762; baseline 0.004 -13"><span class='ocrx_word' id='word_1_317' title='bbox 1242 712 1369 749; x_wconf 82' lang='lat' dir='ltr'><strong>iterum</strong></span> <span class='ocrx_word' id='word_1_318' title='bbox 1384 713 1428 750; x_wconf 90' lang='lat' dir='ltr'><strong>ad</strong></span> <span class='ocrx_word' id='word_1_319' title='bbox 1444 713 1546 751; x_wconf 86' lang='lat' dir='ltr'><strong>illum</strong></span> <span class='ocrx_word' id='word_1_320' title='bbox 1569 714 1726 762; x_wconf 81' lang='lat' dir='ltr'><strong>accedet3</strong></span> <span class='ocrx_word' id='word_1_321' title='bbox 1743 722 1779 751; x_wconf 88' lang='lat' dir='ltr'><strong>at</strong></span> <span class='ocrx_word' id='word_1_322' title='bbox 1793 714 1822 750; x_wconf 86' lang='lat' dir='ltr'><strong>si</strong></span> <span class='ocrx_word' id='word_1_323' title='bbox 1838 722 1877 751; x_wconf 88' lang='lat' dir='ltr'><strong>ut</strong></span> <span class='ocrx_word' id='word_1_324' title='bbox 1892 727 1965 750; x_wconf 85' lang='lat' dir='ltr'><strong>rem</strong></span> <span class='ocrx_word' id='word_1_325' title='bbox 1982 713 2189 754; x_wconf 85' lang='lat' dir='ltr'><strong>damnosam</strong></span> 
     </span>
     <span class='ocr_line' id='line_1_46' title="bbox 1243 774 2193 825; baseline 0.004 -15"><span class='ocrx_word' id='word_1_326' title='bbox 1243 782 1276 810; x_wconf 89' lang='lat' dir='ltr'><strong>et</strong></span> <span class='ocrx_word' id='word_1_327' title='bbox 1294 787 1451 811; x_wconf 85' lang='lat' dir='ltr'><strong>amaram</strong></span> <span class='ocrx_word' id='word_1_328' title='bbox 1469 775 1561 825; x_wconf 86' lang='lat' dir='ltr'><strong>fugit</strong></span> <span class='ocrx_word' id='word_1_329' title='bbox 1574 805 1583 822; x_wconf 92' lang='lat'>,</span> <span class='ocrx_word' id='word_1_330' title='bbox 1599 775 1876 825; x_wconf 76' lang='lat' dir='ltr'><strong>haudquaquam</strong></span> <span class='ocrx_word' id='word_1_331' title='bbox 1890 774 2018 811; x_wconf 90' lang='lat' dir='ltr'><strong>iterum</strong></span> <span class='ocrx_word' id='word_1_332' title='bbox 2037 778 2193 814; x_wconf 83' lang='lat' dir='ltr'><strong>reverti-</strong></span> 
     </span>
     <span class='ocr_line' id='line_1_47' title="bbox 1244 833 2194 884; baseline 0.004 -14"><span class='ocrx_word' id='word_1_333' title='bbox 1244 842 1302 870; x_wconf 87' lang='lat' dir='ltr'><strong>tur</strong></span> <span class='ocrx_word' id='word_1_334' title='bbox 1320 833 1365 871; x_wconf 87' lang='lat' dir='ltr'><strong>ob</strong></span> <span class='ocrx_word' id='word_1_335' title='bbox 1382 833 1557 871; x_wconf 87' lang='lat' dir='ltr'><strong>calculum</strong></span> <span class='ocrx_word' id='word_1_336' title='bbox 1574 836 1753 872; x_wconf 78' lang='lat' dir='ltr'><strong>sententiae</strong></span> <span class='ocrx_word' id='word_1_337' title='bbox 1769 848 1840 872; x_wconf 87' lang='lat' dir='ltr'><strong>suae</strong></span> <span class='ocrx_word' id='word_1_338' title='bbox 1858 863 1868 881; x_wconf 90' lang='lat'>‚</span> <span class='ocrx_word' id='word_1_339' title='bbox 1880 848 1958 884; x_wconf 83' lang='lat' dir='ltr'><strong>quae</strong></span> <span class='ocrx_word' id='word_1_340' title='bbox 1981 836 2108 884; x_wconf 83' lang='lat' dir='ltr'><strong>quavis</strong></span> <span class='ocrx_word' id='word_1_341' title='bbox 2131 850 2194 874; x_wconf 90' lang='lat' dir='ltr'><strong>ne-</strong></span> 
     </span>
     <span class='ocr_line' id='line_1_48' title="bbox 1245 894 2194 948; baseline 0.002 -16"><span class='ocrx_word' id='word_1_342' title='bbox 1245 894 1404 932; x_wconf 84' lang='lat' dir='ltr'><strong>cessitate</strong></span> <span class='ocrx_word' id='word_1_343' title='bbox 1415 895 1603 932; x_wconf 83' lang='lat' dir='ltr'><strong>violentius</strong></span> <span class='ocrx_word' id='word_1_344' title='bbox 1617 896 1669 933; x_wconf 87' lang='lat' dir='ltr'><strong>illi</strong></span> <span class='ocrx_word' id='word_1_345' title='bbox 1687 895 1888 948; x_wconf 85' lang='lat' dir='ltr'><strong>persuadet.</strong></span> <span class='ocrx_word' id='word_1_346' title='bbox 1907 895 2096 941; x_wconf 85' lang='lat' dir='ltr'><strong>Quomodo</strong></span> <span class='ocrx_word' id='word_1_347' title='bbox 2110 911 2194 948; x_wconf 84' lang='lat' dir='ltr'><strong>ergo</strong></span> 
     </span>
     <span class='ocr_line' id='line_1_49' title="bbox 1243 954 2194 1006; baseline 0.004 -14"><span class='ocrx_word' id='word_1_348' title='bbox 1243 954 1538 1006; x_wconf 82' lang='lat' dir='ltr'><strong>persuadebimus</strong></span> <span class='ocrx_word' id='word_1_349' title='bbox 1557 955 1647 1003; x_wconf 84' lang='lat' dir='ltr'><strong>illis,</strong></span> <span class='ocrx_word' id='word_1_350' title='bbox 1661 957 1754 1006; x_wconf 85' lang='lat' dir='ltr'><strong>quod</strong></span> <span class='ocrx_word' id='word_1_351' title='bbox 1771 956 1837 994; x_wconf 94' lang='lat' dir='ltr'><strong>hoc</strong></span> <span class='ocrx_word' id='word_1_352' title='bbox 1847 970 1916 994; x_wconf 91' lang='lat' dir='ltr'><strong>non</strong></span> <span class='ocrx_word' id='word_1_353' title='bbox 1928 957 2043 994; x_wconf 90' lang='lat' dir='ltr'><strong>solum</strong></span> <span class='ocrx_word' id='word_1_354' title='bbox 2058 967 2194 1006; x_wconf 90' lang='lat' dir='ltr'><strong>noceat,</strong></span> 
     </span>
     <span class='ocr_line' id='line_1_50' title="bbox 1244 1015 2195 1069; baseline 0.003 -16"><span class='ocrx_word' id='word_1_355' title='bbox 1244 1015 1305 1053; x_wconf 90' lang='lat' dir='ltr'><strong>sed</strong></span> <span class='ocrx_word' id='word_1_356' title='bbox 1323 1024 1357 1053; x_wconf 87' lang='lat' dir='ltr'><strong>et</strong></span> <span class='ocrx_word' id='word_1_357' title='bbox 1369 1030 1530 1053; x_wconf 88' lang='lat' dir='ltr'><strong>amarum</strong></span> <span class='ocrx_word' id='word_1_358' title='bbox 1549 1016 1622 1054; x_wconf 73' lang='lat' dir='ltr'><strong>sit?</strong></span> <span class='ocrx_word' id='word_1_359' title='bbox 1639 1017 1683 1054; x_wconf 89' lang='lat' dir='ltr'><strong>Et</strong></span> <span class='ocrx_word' id='word_1_360' title='bbox 1695 1016 1875 1067; x_wconf 91' lang='lat' dir='ltr'><strong>quomodo</strong></span> <span class='ocrx_word' id='word_1_361' title='bbox 1890 1017 2011 1065; x_wconf 84' lang='lat' dir='ltr'><strong>aliter,</strong></span> <span class='ocrx_word' id='word_1_362' title='bbox 2025 1032 2131 1069; x_wconf 89' lang='lat' dir='ltr'><strong>quam</strong></span> <span class='ocrx_word' id='word_1_363' title='bbox 2149 1032 2195 1056; x_wconf 75' lang='lat' dir='ltr'><strong>ex</strong></span> 
     </span>
     <span class='ocr_line' id='line_1_51' title="bbox 1244 1076 2193 1130; baseline 0.003 -16"><span class='ocrx_word' id='word_1_364' title='bbox 1244 1076 1321 1128; x_wconf 87' lang='lat' dir='ltr'><strong>ipsa</strong></span> <span class='ocrx_word' id='word_1_365' title='bbox 1351 1090 1472 1114; x_wconf 89' lang='lat' dir='ltr'><strong>rerum</strong></span> <span class='ocrx_word' id='word_1_366' title='bbox 1499 1077 1926 1128; x_wconf 79' lang='lat' dir='ltr'><strong>natura?Interrogemus</strong></span> <span class='ocrx_word' id='word_1_367' title='bbox 1949 1092 2032 1130; x_wconf 85' lang='lat' dir='ltr'><strong>ergo</strong></span> <span class='ocrx_word' id='word_1_368' title='bbox 2061 1093 2141 1127; x_wconf 90' lang='lat' dir='ltr'><strong>eos,</strong></span> <span class='ocrx_word' id='word_1_369' title='bbox 2162 1081 2193 1118; x_wconf 89' lang='lat' dir='ltr'><strong>si</strong></span> 
     </span>
     <span class='ocr_line' id='line_1_52' title="bbox 1246 1138 2202 1190; baseline 0.004 -16"><span class='ocrx_word' id='word_1_370' title='bbox 1246 1138 1326 1188; x_wconf 90' lang='lat' dir='ltr'><strong>quis</strong></span> <span class='ocrx_word' id='word_1_371' title='bbox 1345 1151 1463 1175; x_wconf 87' lang='lat' dir='ltr'><strong>mensa</strong></span> <span class='ocrx_word' id='word_1_372' title='bbox 1481 1147 1662 1176; x_wconf 90' lang='lat' dir='ltr'><strong>sumtuosa</strong></span> <span class='ocrx_word' id='word_1_373' title='bbox 1685 1138 1845 1190; x_wconf 86' lang='lat' dir='ltr'><strong>apposita</strong></span> <span class='ocrx_word' id='word_1_374' title='bbox 1860 1169 1870 1185; x_wconf 90' lang='lat'><em>,</em></span> <span class='ocrx_word' id='word_1_375' title='bbox 1896 1138 2006 1177; x_wconf 81' lang='lat' dir='ltr'><strong>variis</strong></span> <span class='ocrx_word' id='word_1_376' title='bbox 2025 1138 2202 1178; x_wconf 82' lang='lat' dir='ltr'><strong>dulcissi-&#39;</strong></span> 
     </span>
     <span class='ocr_line' id='line_1_53' title="bbox 1243 1197 2192 1250; baseline 0.004 -15"><span class='ocrx_word' id='word_1_377' title='bbox 1243 1197 1381 1248; x_wconf 89' lang='lat' dir='ltr'><strong>misque</strong></span> <span class='ocrx_word' id='word_1_378' title='bbox 1402 1198 1502 1249; x_wconf 86' lang='lat' dir='ltr'><strong>plena</strong></span> <span class='ocrx_word' id='word_1_379' title='bbox 1525 1197 1674 1246; x_wconf 88' lang='lat' dir='ltr'><strong>eduliis,</strong></span> <span class='ocrx_word' id='word_1_380' title='bbox 1695 1198 1879 1236; x_wconf 88' lang='lat' dir='ltr'><strong>denuntiet</strong></span> <span class='ocrx_word' id='word_1_381' title='bbox 1897 1200 2046 1238; x_wconf 84' lang='lat' dir='ltr'><strong>summis</strong></span> <span class='ocrx_word' id='word_1_382' title='bbox 2064 1200 2192 1250; x_wconf 89' lang='lat' dir='ltr'><strong>minis,</strong></span> 
     </span>
     <span class='ocr_line' id='line_1_54' title="bbox 1242 1259 2192 1311; baseline 0.003 -14"><span class='ocrx_word' id='word_1_383' title='bbox 1242 1273 1286 1297; x_wconf 91' lang='lat' dir='ltr'><strong>ne</strong></span> <span class='ocrx_word' id='word_1_384' title='bbox 1315 1259 1403 1309; x_wconf 90' lang='lat' dir='ltr'><strong>quid</strong></span> <span class='ocrx_word' id='word_1_385' title='bbox 1426 1259 1688 1311; x_wconf 87' lang='lat' dir='ltr'><strong>propositorum</strong></span> <span class='ocrx_word' id='word_1_386' title='bbox 1710 1260 1961 1311; x_wconf 83' lang='lat' dir='ltr'><strong>contingatur:</strong></span> <span class='ocrx_word' id='word_1_387' title='bbox 1978 1274 2065 1298; x_wconf 91' lang='lat' dir='ltr'><strong>num</strong></span> <span class='ocrx_word' id='word_1_388' title='bbox 2084 1262 2192 1300; x_wconf 79' lang='lat' dir='ltr'><strong>vellet</strong></span> 
     </span>
     <span class='ocr_line' id='line_1_55' title="bbox 1242 1320 2190 1373; baseline 0.003 -16"><span class='ocrx_word' id='word_1_389' title='bbox 1242 1320 1372 1371; x_wconf 88' lang='lat' dir='ltr'><strong>aliquis</strong></span> <span class='ocrx_word' id='word_1_390' title='bbox 1391 1320 1437 1358; x_wconf 84' lang='lat' dir='ltr'><strong>ad</strong></span> <span class='ocrx_word' id='word_1_391' title='bbox 1459 1320 1564 1358; x_wconf 88' lang='lat' dir='ltr'><strong>talem</strong></span> <span class='ocrx_word' id='word_1_392' title='bbox 1581 1334 1738 1357; x_wconf 88' lang='lat' dir='ltr'><strong>mensam</strong></span> <span class='ocrx_word' id='word_1_393' title='bbox 1757 1320 1957 1367; x_wconf 85' lang='lat' dir='ltr'><strong>considere,</strong></span> <span class='ocrx_word' id='word_1_394' title='bbox 1977 1330 2011 1358; x_wconf 85' lang='lat' dir='ltr'><strong>et</strong></span> <span class='ocrx_word' id='word_1_395' title='bbox 2034 1323 2190 1373; x_wconf 87' lang='lat' dir='ltr'><strong>seipsum</strong></span> 
     </span>
    </p>

    <p class='ocr_par' dir='ltr' id='par_1_9' title="bbox 1191 1381 2190 1555">
     <span class='ocr_line' id='line_1_56' title="bbox 1191 1381 2190 1433; baseline 0.003 -15"><span class='ocrx_word' id='word_1_396' title='bbox 1191 1401 1217 1432; x_wconf 76' lang='lat' dir='ltr'>E</span> <span class='ocrx_word' id='word_1_397' title='bbox 1241 1382 1430 1419; x_wconf 78' lang='lat' dir='ltr'><strong>cruciare?</strong></span> <span class='ocrx_word' id='word_1_398' title='bbox 1449 1382 1527 1432; x_wconf 84' lang='lat' dir='ltr'><strong>Ego</strong></span> <span class='ocrx_word' id='word_1_399' title='bbox 1547 1382 1669 1431; x_wconf 90' lang='lat' dir='ltr'><strong>utique</strong></span> <span class='ocrx_word' id='word_1_400' title='bbox 1689 1395 1757 1418; x_wconf 92' lang='lat' dir='ltr'><strong>non</strong></span> <span class='ocrx_word' id='word_1_401' title='bbox 1789 1381 1935 1433; x_wconf 86' lang='lat' dir='ltr'><strong>opinor;</strong></span> <span class='ocrx_word' id='word_1_402' title='bbox 1957 1395 2071 1432; x_wconf 88' lang='lat' dir='ltr'><strong>neque</strong></span> <span class='ocrx_word' id='word_1_403' title='bbox 2096 1384 2190 1421; x_wconf 89' lang='lat' dir='ltr'><strong>enim</strong></span> 
     </span>
     <span class='ocr_line' id='line_1_57' title="bbox 1241 1442 2190 1494; baseline 0.002 -14"><span class='ocrx_word' id='word_1_404' title='bbox 1241 1451 1337 1480; x_wconf 85' lang='lat' dir='ltr'><strong>tanta</strong></span> <span class='ocrx_word' id='word_1_405' title='bbox 1365 1456 1409 1480; x_wconf 81' lang='lat' dir='ltr'><strong>ex</strong></span> <span class='ocrx_word' id='word_1_406' title='bbox 1434 1451 1577 1494; x_wconf 88' lang='lat' dir='ltr'><strong>aspectu</strong></span> <span class='ocrx_word' id='word_1_407' title='bbox 1607 1442 1790 1494; x_wconf 84' lang='lat' dir='ltr'><strong>voluptate</strong></span> <span class='ocrx_word' id='word_1_408' title='bbox 1819 1443 1993 1481; x_wconf 87' lang='lat' dir='ltr'><strong>frueretur</strong></span> <span class='ocrx_word' id='word_1_409' title='bbox 2021 1453 2190 1493; x_wconf 88' lang='lat' dir='ltr'><strong>quantam</strong></span> 
     </span>
     <span class='ocr_line' id='line_1_58' title="bbox 1240 1502 2188 1555; baseline 0.001 -14"><span class='ocrx_word' id='word_1_410' title='bbox 1240 1504 1419 1541; x_wconf 86' lang='lat' dir='ltr'><strong>tristitiam</strong></span> <span class='ocrx_word' id='word_1_411' title='bbox 1433 1517 1478 1541; x_wconf 79' lang='lat' dir='ltr'><strong>ex</strong></span> <span class='ocrx_word' id='word_1_412' title='bbox 1495 1502 1682 1541; x_wconf 90' lang='lat' dir='ltr'><strong>interdicto</strong></span> <span class='ocrx_word' id='word_1_413' title='bbox 1702 1504 1912 1555; x_wconf 89' lang='lat' dir='ltr'><strong>conciperet.</strong></span> <span class='ocrx_word' id='word_1_414' title='bbox 1933 1504 2030 1550; x_wconf 87' lang='lat' dir='ltr'><strong>Quid</strong></span> <span class='ocrx_word' id='word_1_415' title='bbox 2047 1513 2163 1542; x_wconf 91' lang='lat' dir='ltr'><strong>autem</strong></span> <span class='ocrx_word' id='word_1_416' title='bbox 2176 1535 2188 1555; x_wconf 85' lang='lat'><em>‚</em></span> 
     </span>
    </p>

    <p class='ocr_par' dir='ltr' id='par_1_10' title="bbox 1237 1564 2189 1860">
     <span class='ocr_line' id='line_1_59' title="bbox 1241 1564 2189 1618; baseline 0.002 -16"><span class='ocrx_word' id='word_1_417' title='bbox 1241 1565 1269 1603; x_wconf 91' lang='lat' dir='ltr'><strong>si</strong></span> <span class='ocrx_word' id='word_1_418' title='bbox 1292 1565 1374 1615; x_wconf 88' lang='lat' dir='ltr'><strong>quis</strong></span> <span class='ocrx_word' id='word_1_419' title='bbox 1393 1565 1524 1603; x_wconf 86' lang='lat' dir='ltr'><strong>sitienti</strong></span> <span class='ocrx_word' id='word_1_420' title='bbox 1545 1574 1576 1602; x_wconf 82' lang='lat' dir='ltr'><strong>et</strong></span> <span class='ocrx_word' id='word_1_421' title='bbox 1597 1564 1723 1602; x_wconf 90' lang='lat' dir='ltr'><strong>adusto</strong></span> <span class='ocrx_word' id='word_1_422' title='bbox 1747 1579 1819 1616; x_wconf 72' lang='lat' dir='ltr'><strong>prae</strong></span> <span class='ocrx_word' id='word_1_423' title='bbox 1839 1565 1896 1602; x_wconf 91' lang='lat' dir='ltr'><strong>siti</strong></span> <span class='ocrx_word' id='word_1_424' title='bbox 1916 1566 2046 1603; x_wconf 87' lang='lat' dir='ltr'><strong>fontem</strong></span> <span class='ocrx_word' id='word_1_425' title='bbox 2066 1566 2189 1618; x_wconf 84' lang='lat' dir='ltr'><strong>limpi-</strong></span> 
     </span>
     <span class='ocr_line' id='line_1_60' title="bbox 1238 1624 2189 1677; baseline 0.003 -16"><span class='ocrx_word' id='word_1_426' title='bbox 1238 1624 1326 1662; x_wconf 88' lang='lat' dir='ltr'><strong>dum</strong></span> <span class='ocrx_word' id='word_1_427' title='bbox 1358 1634 1391 1662; x_wconf 92' lang='lat' dir='ltr'><strong>et</strong></span> <span class='ocrx_word' id='word_1_428' title='bbox 1422 1639 1552 1677; x_wconf 87' lang='lat' dir='ltr'><strong>purum</strong></span> <span class='ocrx_word' id='word_1_429' title='bbox 1584 1624 1862 1663; x_wconf 76' lang='lat' dir='ltr'><strong>demonstratum</strong></span> <span class='ocrx_word' id='word_1_430' title='bbox 1884 1639 1953 1663; x_wconf 91' lang='lat' dir='ltr'><strong>non</strong></span> <span class='ocrx_word' id='word_1_431' title='bbox 1984 1626 2099 1664; x_wconf 87' lang='lat' dir='ltr'><strong>solum</strong></span> <span class='ocrx_word' id='word_1_432' title='bbox 2119 1640 2189 1664; x_wconf 91' lang='lat' dir='ltr'><strong>non</strong></span> 
     </span>
     <span class='ocr_line' id='line_1_61' title="bbox 1237 1685 2188 1738; baseline 0.002 -15"><span class='ocrx_word' id='word_1_433' title='bbox 1237 1685 1437 1737; x_wconf 83' lang='lat' dir='ltr'><strong>degustare,</strong></span> <span class='ocrx_word' id='word_1_434' title='bbox 1457 1685 1520 1723; x_wconf 87' lang='lat' dir='ltr'><strong>sed</strong></span> <span class='ocrx_word' id='word_1_435' title='bbox 1543 1700 1585 1723; x_wconf 92' lang='lat' dir='ltr'><strong>ne</strong></span> <span class='ocrx_word' id='word_1_436' title='bbox 1605 1686 1772 1723; x_wconf 73' lang='lat' dir='ltr'><strong>extremis</strong></span> <span class='ocrx_word' id='word_1_437' title='bbox 1787 1686 1931 1736; x_wconf 87' lang='lat' dir='ltr'><strong>quidem</strong></span> <span class='ocrx_word' id='word_1_438' title='bbox 1952 1686 2077 1738; x_wconf 83' lang='lat' dir='ltr'><strong>digitis</strong></span> <span class='ocrx_word' id='word_1_439' title='bbox 2099 1701 2188 1726; x_wconf 90' lang='lat' dir='ltr'><strong>con-</strong></span> 
     </span>
     <span class='ocr_line' id='line_1_62' title="bbox 1237 1747 2186 1799; baseline 0.003 -14"><span class='ocrx_word' id='word_1_440' title='bbox 1237 1748 1373 1799; x_wconf 84' lang='lat' dir='ltr'><strong>tingere</strong></span> <span class='ocrx_word' id='word_1_441' title='bbox 1383 1748 1614 1799; x_wconf 86' lang='lat' dir='ltr'><strong>permitteret,</strong></span> <span class='ocrx_word' id='word_1_442' title='bbox 1626 1762 1668 1784; x_wconf 90' lang='lat' dir='ltr'><strong>an</strong></span> <span class='ocrx_word' id='word_1_443' title='bbox 1678 1747 1764 1797; x_wconf 88' lang='lat' dir='ltr'><strong>quid</strong></span> <span class='ocrx_word' id='word_1_444' title='bbox 1778 1762 1817 1785; x_wconf 90' lang='lat' dir='ltr'><strong>eo</strong></span> <span class='ocrx_word' id='word_1_445' title='bbox 1827 1749 1985 1786; x_wconf 84' lang='lat' dir='ltr'><strong>cruciatu</strong></span> <span class='ocrx_word' id='word_1_446' title='bbox 1998 1749 2186 1788; x_wconf 78' lang='lat' dir='ltr'><strong>acerbius?</strong></span> 
     </span>
     <span class='ocr_line' id='line_1_63' title="bbox 1291 1809 2186 1860; baseline 0.002 -12"><span class='ocrx_word' id='word_1_447' title='bbox 1291 1813 1327 1848; x_wconf 63' lang='lat' dir='ltr'><strong>a.</strong></span> <span class='ocrx_word' id='word_1_448' title='bbox 1343 1811 1464 1860; x_wconf 90' lang='lat' dir='ltr'><strong>Neque</strong></span> <span class='ocrx_word' id='word_1_449' title='bbox 1484 1809 1541 1847; x_wconf 88' lang='lat' dir='ltr'><strong>hie</strong></span> <span class='ocrx_word' id='word_1_450' title='bbox 1555 1838 1564 1855; x_wconf 93' lang='lat'><strong><em>‚</em></strong></span> <span class='ocrx_word' id='word_1_451' title='bbox 1577 1810 1723 1860; x_wconf 82' lang='lat' dir='ltr'><strong>opinor,</strong></span> <span class='ocrx_word' id='word_1_452' title='bbox 1739 1810 1829 1846; x_wconf 84' lang='lat' dir='ltr'><strong>mihi</strong></span> <span class='ocrx_word' id='word_1_453' title='bbox 1849 1811 2103 1849; x_wconf 78' lang='lat' dir='ltr'><strong>contradixerit</strong></span> <span class='ocrx_word' id='word_1_454' title='bbox 2125 1812 2186 1849; x_wconf 86' lang='lat' dir='ltr'><strong>ul-</strong></span> 
     </span>
    </p>

    <p class='ocr_par' dir='ltr' id='par_1_11' title="bbox 1176 1870 2188 2105">
     <span class='ocr_line' id='line_1_64' title="bbox 1237 1870 2187 1925; baseline 0.001 -16"><span class='ocrx_word' id='word_1_455' title='bbox 1237 1871 1303 1910; x_wconf 85' lang='lat' dir='ltr'><strong>lus.</strong></span> <span class='ocrx_word' id='word_1_456' title='bbox 1324 1872 1481 1909; x_wconf 88' lang='lat' dir='ltr'><strong>Tantum</strong></span> <span class='ocrx_word' id='word_1_457' title='bbox 1499 1871 1592 1908; x_wconf 89' lang='lat' dir='ltr'><strong>enim</strong></span> <span class='ocrx_word' id='word_1_458' title='bbox 1611 1870 1679 1908; x_wconf 92' lang='lat' dir='ltr'><strong>hoc</strong></span> <span class='ocrx_word' id='word_1_459' title='bbox 1698 1871 1832 1908; x_wconf 79' lang='lat' dir='ltr'><strong>malurn</strong></span> <span class='ocrx_word' id='word_1_460' title='bbox 1853 1880 1916 1916; x_wconf 83' lang='lat' dir='ltr'><strong>est,</strong></span> <span class='ocrx_word' id='word_1_461' title='bbox 1932 1873 2084 1910; x_wconf 85' lang='lat' dir='ltr'><strong>utetiam</strong></span> <span class='ocrx_word' id='word_1_462' title='bbox 2102 1888 2187 1925; x_wconf 86' lang='lat' dir='ltr'><strong>pro-</strong></span> 
     </span>
     <span class='ocr_line' id='line_1_65' title="bbox 1176 1920 2188 1986; baseline 0.001 -16"><span class='ocrx_word' id='word_1_463' title='bbox 1176 1920 1225 1986; x_wconf 57' lang='grc' dir='ltr'><strong>2ἷο</strong></span> <span class='ocrx_word' id='word_1_464' title='bbox 1237 1933 1308 1970; x_wconf 84' lang='lat' dir='ltr'><strong>fani</strong></span> <span class='ocrx_word' id='word_1_465' title='bbox 1323 1963 1332 1979; x_wconf 92' lang='lat'>,</span> <span class='ocrx_word' id='word_1_466' title='bbox 1353 1933 1414 1982; x_wconf 85' lang='lat' dir='ltr'><strong>qui</strong></span> <span class='ocrx_word' id='word_1_467' title='bbox 1431 1932 1629 1984; x_wconf 87' lang='lat' dir='ltr'><strong>plurimum</strong></span> <span class='ocrx_word' id='word_1_468' title='bbox 1650 1931 1769 1969; x_wconf 81' lang='lat' dir='ltr'><strong>valent</strong></span> <span class='ocrx_word' id='word_1_469' title='bbox 1788 1932 1823 1969; x_wconf 91' lang='lat' dir='ltr'><strong>in</strong></span> <span class='ocrx_word' id='word_1_470' title='bbox 1844 1941 1978 1969; x_wconf 80' lang='lat' dir='ltr'><strong>naturae</strong></span> <span class='ocrx_word' id='word_1_471' title='bbox 2007 1934 2188 1985; x_wconf 80' lang='lat' dir='ltr'><strong>voluptate</strong></span> 
     </span>
     <span class='ocr_line' id='line_1_66' title="bbox 1236 1991 2186 2044; baseline 0 -13"><span class='ocrx_word' id='word_1_472' title='bbox 1236 2003 1270 2032; x_wconf 84' lang='lat' dir='ltr'><strong>et</strong></span> <span class='ocrx_word' id='word_1_473' title='bbox 1290 1993 1430 2031; x_wconf 81' lang='lat' dir='ltr'><strong>tristitia</strong></span> <span class='ocrx_word' id='word_1_474' title='bbox 1446 1991 1676 2044; x_wconf 82' lang='lat' dir='ltr'><strong>expendenda</strong></span> <span class='ocrx_word' id='word_1_475' title='bbox 1689 2021 1699 2039; x_wconf 85' lang='lat'><em>‚</em></span> <span class='ocrx_word' id='word_1_476' title='bbox 1717 1992 1873 2029; x_wconf 75' lang='lat' dir='ltr'><strong>volentes</strong></span> <span class='ocrx_word' id='word_1_477' title='bbox 1890 1992 2056 2043; x_wconf 76' lang='lat' dir='ltr'><strong>effingere</strong></span> <span class='ocrx_word' id='word_1_478' title='bbox 2074 2008 2186 2043; x_wconf 90' lang='lat' dir='ltr'><strong>quos-</strong></span> 
     </span>
     <span class='ocr_line' id='line_1_67' title="bbox 1237 2053 2188 2105; baseline -0.002 -12"><span class='ocrx_word' id='word_1_479' title='bbox 1237 2055 1320 2093; x_wconf 85' lang='lat' dir='ltr'><strong>dam</strong></span> <span class='ocrx_word' id='word_1_480' title='bbox 1342 2054 1403 2105; x_wconf 91' lang='lat' dir='ltr'><strong>qui</strong></span> <span class='ocrx_word' id='word_1_481' title='bbox 1424 2053 1528 2092; x_wconf 85' lang='lat' dir='ltr'><strong>valde</strong></span> <span class='ocrx_word' id='word_1_482' title='bbox 1547 2053 1767 2098; x_wconf 86' lang='lat' dir='ltr'><strong>cruciantur,</strong></span> <span class='ocrx_word' id='word_1_483' title='bbox 1787 2053 1892 2091; x_wconf 81' lang='lat' dir='ltr'><strong>talem</strong></span> <span class='ocrx_word' id='word_1_484' title='bbox 1912 2053 2102 2104; x_wconf 81' lang='lat' dir='ltr'><strong>quamdam</strong></span> <span class='ocrx_word' id='word_1_485' title='bbox 2132 2055 2188 2092; x_wconf 88' lang='lat' dir='ltr'><strong>fa-</strong></span> 
     </span>
    </p>
   </div>
   <div class='ocr_carea' id='block_1_8' title="bbox 1236 2114 2358 2175">
    <p class='ocr_par' dir='ltr' id='par_1_12' title="bbox 1236 2114 2358 2175">
     <span class='ocr_line' id='line_1_68' title="bbox 1236 2114 2358 2175; baseline 0.004 -22"><span class='ocrx_word' id='word_1_486' title='bbox 1236 2116 1360 2154; x_wconf 89' lang='lat' dir='ltr'><strong>bulam</strong></span> <span class='ocrx_word' id='word_1_487' title='bbox 1394 2116 1430 2153; x_wconf 90' lang='lat' dir='ltr'><strong>in</strong></span> <span class='ocrx_word' id='word_1_488' title='bbox 1461 2114 1619 2153; x_wconf 89' lang='lat' dir='ltr'><strong>medium</strong></span> <span class='ocrx_word' id='word_1_489' title='bbox 1651 2115 1840 2165; x_wconf 78' lang='lat' dir='ltr'><strong>proferant.</strong></span> <span class='ocrx_word' id='word_1_490' title='bbox 1869 2114 2116 2153; x_wconf 86' lang='lat' dir='ltr'><strong>Introducitur</strong></span> <span class='ocrx_word' id='word_1_491' title='bbox 2150 2116 2185 2154; x_wconf 90' lang='lat' dir='ltr'><strong>in</strong></span> <span class='ocrx_word' id='word_1_492' title='bbox 2204 2143 2358 2175; x_wconf 69' lang='lat' dir='ltr'><strong>Tantalus.</strong></span> 
     </span>
    </p>
   </div>
   <div class='ocr_carea' id='block_1_9' title="bbox 1234 2175 2186 2533">
    <p class='ocr_par' dir='ltr' id='par_1_13' title="bbox 1234 2175 2186 2533">
     <span class='ocr_line' id='line_1_69' title="bbox 1235 2175 2185 2228; baseline -0.001 -13"><span class='ocrx_word' id='word_1_493' title='bbox 1235 2177 1356 2215; x_wconf 69' lang='lat' dir='ltr'><strong>fabula</strong></span> <span class='ocrx_word' id='word_1_494' title='bbox 1386 2175 1533 2228; x_wconf 87' lang='lat' dir='ltr'><strong>quidam</strong></span> <span class='ocrx_word' id='word_1_495' title='bbox 1562 2184 1720 2213; x_wconf 77' lang='lat' dir='ltr'><strong>extremo</strong></span> <span class='ocrx_word' id='word_1_496' title='bbox 1751 2175 1928 2227; x_wconf 82' lang='lat' dir='ltr'><strong>supplicio</strong></span> <span class='ocrx_word' id='word_1_497' title='bbox 1951 2176 2185 2224; x_wconf 75' lang='lat' dir='ltr'><strong>afficiendus,</strong></span> 
     </span>
     <span class='ocr_line' id='line_1_70' title="bbox 1236 2236 2186 2290; baseline 0 -14"><span class='ocrx_word' id='word_1_498' title='bbox 1236 2239 1294 2276; x_wconf 89' lang='lat' dir='ltr'><strong>cui</strong></span> <span class='ocrx_word' id='word_1_499' title='bbox 1316 2237 1515 2276; x_wconf 87' lang='lat' dir='ltr'><strong>ostenditur</strong></span> <span class='ocrx_word' id='word_1_500' title='bbox 1543 2236 1703 2274; x_wconf 89' lang='lat' dir='ltr'><strong>omnium</strong></span> <span class='ocrx_word' id='word_1_501' title='bbox 1732 2237 1894 2274; x_wconf 85' lang='lat' dir='ltr'><strong>ciborum</strong></span> <span class='ocrx_word' id='word_1_502' title='bbox 1916 2237 2016 2289; x_wconf 81' lang='lat' dir='ltr'><strong>copia</strong></span> <span class='ocrx_word' id='word_1_503' title='bbox 2037 2247 2070 2275; x_wconf 89' lang='lat' dir='ltr'><strong>et</strong></span> <span class='ocrx_word' id='word_1_504' title='bbox 2089 2252 2186 2290; x_wconf 80' lang='lat' dir='ltr'><strong>prae-</strong></span> 
     </span>
     <span class='ocr_line' id='line_1_71' title="bbox 1236 2297 2186 2349; baseline -0.001 -12"><span class='ocrx_word' id='word_1_505' title='bbox 1236 2300 1403 2337; x_wconf 86' lang='lat' dir='ltr'><strong>terssuens</strong></span> <span class='ocrx_word' id='word_1_506' title='bbox 1419 2312 1532 2349; x_wconf 78' lang='lat' dir='ltr'><strong>aqua,</strong></span> <span class='ocrx_word' id='word_1_507' title='bbox 1554 2311 1618 2335; x_wconf 87' lang='lat' dir='ltr'><strong>nec</strong></span> <span class='ocrx_word' id='word_1_508' title='bbox 1649 2297 1856 2335; x_wconf 86' lang='lat' dir='ltr'><strong>conceditur</strong></span> <span class='ocrx_word' id='word_1_509' title='bbox 1886 2307 1924 2335; x_wconf 87' lang='lat' dir='ltr'><strong>ut</strong></span> <span class='ocrx_word' id='word_1_510' title='bbox 1952 2298 2074 2348; x_wconf 85' lang='lat' dir='ltr'><strong>aliquo</strong></span> <span class='ocrx_word' id='word_1_511' title='bbox 2099 2299 2186 2336; x_wconf 85' lang='lat' dir='ltr'><strong>isto·</strong></span> 
     </span>
     <span class='ocr_line' id='line_1_72' title="bbox 1235 2358 2183 2407; baseline -0.001 -9"><span class='ocrx_word' id='word_1_512' title='bbox 1235 2374 1314 2398; x_wconf 87' lang='lat' dir='ltr'><strong>rum</strong></span> <span class='ocrx_word' id='word_1_513' title='bbox 1347 2360 1515 2396; x_wconf 82' lang='lat' dir='ltr'><strong>fruatur:</strong></span> <span class='ocrx_word' id='word_1_514' title='bbox 1551 2367 1584 2396; x_wconf 86' lang='lat' dir='ltr'><strong>et</strong></span> <span class='ocrx_word' id='word_1_515' title='bbox 1612 2372 1693 2395; x_wconf 88' lang='lat' dir='ltr'><strong>cum</strong></span> <span class='ocrx_word' id='word_1_516' title='bbox 1722 2358 1880 2395; x_wconf 76' lang='lat' dir='ltr'><strong>extendit</strong></span> <span class='ocrx_word' id='word_1_517' title='bbox 1914 2358 1974 2396; x_wconf 88' lang='lat' dir='ltr'><strong>ille</strong></span> <span class='ocrx_word' id='word_1_518' title='bbox 2006 2374 2150 2398; x_wconf 80' lang='lat' dir='ltr'><strong>manum</strong></span> <span class='ocrx_word' id='word_1_519' title='bbox 2173 2391 2183 2407; x_wconf 89' lang='lat'>‚</span> 
     </span>
     <span class='ocr_line' id='line_1_73' title="bbox 1235 2419 2185 2470; baseline 0 -11"><span class='ocrx_word' id='word_1_520' title='bbox 1235 2421 1351 2459; x_wconf 84' lang='lat' dir='ltr'><strong>omnia</strong></span> <span class='ocrx_word' id='word_1_521' title='bbox 1373 2434 1451 2470; x_wconf 83' lang='lat' dir='ltr'><strong>quae</strong></span> <span class='ocrx_word' id='word_1_522' title='bbox 1474 2419 1640 2456; x_wconf 88' lang='lat' dir='ltr'><strong>videntur</strong></span> <span class='ocrx_word' id='word_1_523' title='bbox 1660 2433 1678 2455; x_wconf 87' lang='lat' dir='ltr'><strong>a</strong></span> <span class='ocrx_word' id='word_1_524' title='bbox 1700 2428 1793 2456; x_wconf 79' lang='lat' dir='ltr'><strong>tactu</strong></span> <span class='ocrx_word' id='word_1_525' title='bbox 1814 2420 1969 2469; x_wconf 76' lang='lat' dir='ltr'><strong>fugiunt,</strong></span> <span class='ocrx_word' id='word_1_526' title='bbox 1987 2420 2099 2470; x_wconf 84' lang='lat' dir='ltr'><strong>fitque</strong></span> <span class='ocrx_word' id='word_1_527' title='bbox 2114 2421 2185 2459; x_wconf 84' lang='lat' dir='ltr'><strong>hoc</strong></span> 
     </span>
     <span class='ocr_line' id='line_1_74' title="bbox 1234 2479 2182 2533; baseline 0.001 -14"><span class='ocrx_word' id='word_1_528' title='bbox 1234 2495 1382 2533; x_wconf 81' lang='lat' dir='ltr'><strong>semper.</strong></span> <span class='ocrx_word' id='word_1_529' title='bbox 1402 2481 1447 2518; x_wconf 83' lang='lat' dir='ltr'><strong>Et</strong></span> <span class='ocrx_word' id='word_1_530' title='bbox 1466 2480 1541 2517; x_wconf 78' lang='lat' dir='ltr'><strong>haec</strong></span> <span class='ocrx_word' id='word_1_531' title='bbox 1562 2489 1612 2516; x_wconf 91' lang='lat' dir='ltr'><strong>est</strong></span> <span class='ocrx_word' id='word_1_532' title='bbox 1630 2479 1857 2530; x_wconf 79' lang='lat' dir='ltr'><strong>profanorum</strong></span> <span class='ocrx_word' id='word_1_533' title='bbox 1874 2479 1919 2516; x_wconf 85' lang='lat' dir='ltr'><strong>de</strong></span> <span class='ocrx_word' id='word_1_534' title='bbox 1939 2480 2001 2517; x_wconf 89' lang='lat' dir='ltr'><strong>illo</strong></span> <span class='ocrx_word' id='word_1_535' title='bbox 2016 2482 2182 2533; x_wconf 78' lang='lat' dir='ltr'><strong>supplicii</strong></span> 
     </span>
    </p>
   </div>
   <div class='ocr_carea' id='block_1_10' title="bbox 1234 2540 2363 2609">
    <p class='ocr_par' dir='ltr' id='par_1_14' title="bbox 1234 2540 2363 2609">
     <span class='ocr_line' id='line_1_75' title="bbox 1234 2540 2363 2609; baseline -0.001 -29"><span class='ocrx_word' id='word_1_536' title='bbox 1234 2556 1357 2593; x_wconf 77' lang='lat' dir='ltr'><strong>genere</strong></span> <span class='ocrx_word' id='word_1_537' title='bbox 1368 2541 1501 2578; x_wconf 62' lang='lat' dir='ltr'><strong>sabula.</strong></span> <span class='ocrx_word' id='word_1_538' title='bbox 1518 2540 1816 2591; x_wconf 77' lang='lat' dir='ltr'><strong>Philosophorum</strong></span> <span class='ocrx_word' id='word_1_539' title='bbox 1828 2554 1910 2577; x_wconf 81' lang='lat' dir='ltr'><strong>vero</strong></span> <span class='ocrx_word' id='word_1_540' title='bbox 1924 2540 2181 2590; x_wconf 74' lang='lat' dir='ltr'><strong>quid.1111.r111n</strong></span> <span class='ocrx_word' id='word_1_541' title='bbox 2199 2571 2363 2609; x_wconf 62' lang='lat' dir='ltr'><strong>Xenophon</strong></span> 
     </span>
    </p>
   </div>
   <div class='ocr_carea' id='block_1_11' title="bbox 139 2546 2389 2652">
    <p class='ocr_par' dir='ltr' id='par_1_15' title="bbox 139 2546 2389 2652">
     <span class='ocr_line' id='line_1_76' title="bbox 139 2546 1158 2599; baseline -0.001 -14"><span class='ocrx_word' id='word_1_542' title='bbox 139 2550 156 2585; x_wconf 83' lang='grc' dir='ltr'>ὁ</span> <span class='ocrx_word' id='word_1_543' title='bbox 176 2547 301 2599; x_wconf 86' lang='grc' dir='ltr'>τρόπος</span> <span class='ocrx_word' id='word_1_544' title='bbox 326 2550 367 2593; x_wconf 81' lang='grc' dir='ltr'><strong>ἠν</strong></span> <span class='ocrx_word' id='word_1_545' title='bbox 397 2546 488 2584; x_wconf 79' lang='grc' dir='ltr'>κατὰ</span> <span class='ocrx_word' id='word_1_546' title='bbox 515 2547 572 2585; x_wconf 79' lang='grc' dir='ltr'><strong>τὸν</strong></span> <span class='ocrx_word' id='word_1_547' title='bbox 609 2550 713 2597; x_wconf 76' lang='grc' dir='ltr'>μῦθον</span> <span class='ocrx_word' id='word_1_548' title='bbox 735 2547 792 2584; x_wconf 86' lang='grc' dir='ltr'><strong>τὸν</strong></span> <span class='ocrx_word' id='word_1_549' title='bbox 813 2546 948 2590; x_wconf 84' lang='grc' dir='ltr'>ἔξωθεν.</span> <span class='ocrx_word' id='word_1_550' title='bbox 970 2546 1039 2585; x_wconf 79' lang='grc' dir='ltr'><strong>Καὶ</strong></span> <span class='ocrx_word' id='word_1_551' title='bbox 1059 2548 1158 2598; x_wconf 75' lang='grc' dir='ltr'>φιλο-</span> 
     </span>
     <span class='ocr_line' id='line_1_77' title="bbox 1232 2599 2389 2652; baseline -0.001 -11"><span class='ocrx_word' id='word_1_552' title='bbox 1232 2603 1381 2641; x_wconf 77' lang='lat' dir='ltr'><strong>vidissct</strong></span> <span class='ocrx_word' id='word_1_553' title='bbox 1411 2601 1589 2639; x_wconf 74' lang='lat' dir='ltr'><strong>sodalium</strong></span> <span class='ocrx_word' id='word_1_554' title='bbox 1619 2599 1806 2650; x_wconf 67' lang='lat' dir='ltr'><strong>quemdam</strong></span> <span class='ocrx_word' id='word_1_555' title='bbox 1835 2601 1995 2638; x_wconf 71' lang='lat' dir='ltr'><strong>osculum</strong></span> <span class='ocrx_word' id='word_1_556' title='bbox 2028 2603 2180 2640; x_wconf 78' lang='lat' dir='ltr'><strong>formoso</strong></span> <span class='ocrx_word' id='word_1_557' title='bbox 2196 2611 2389 2652; x_wconf 36' lang='lat' dir='ltr'><strong>hoo-nas..</strong></span> 
     </span>
    </p>
   </div>
   <div class='ocr_carea' id='block_1_12' title="bbox 139 2606 1156 2659">
    <p class='ocr_par' dir='ltr' id='par_1_16' title="bbox 139 2606 1156 2659">
     <span class='ocr_line' id='line_1_78' title="bbox 139 2606 1156 2659; baseline -0.001 -13"><span class='ocrx_word' id='word_1_558' title='bbox 139 2607 252 2659; x_wconf 84' lang='grc' dir='ltr'>σόφων</span> <span class='ocrx_word' id='word_1_559' title='bbox 275 2607 312 2644; x_wconf 84' lang='grc' dir='ltr'>δέ</span> <span class='ocrx_word' id='word_1_560' title='bbox 333 2623 385 2650; x_wconf 88' lang='grc' dir='ltr'><strong>τις</strong></span> <span class='ocrx_word' id='word_1_561' title='bbox 407 2606 486 2644; x_wconf 80' lang='grc' dir='ltr'>ἰδών</span> <span class='ocrx_word' id='word_1_562' title='bbox 507 2623 584 2645; x_wconf 90' lang='grc' dir='ltr'>τινα</span> <span class='ocrx_word' id='word_1_563' title='bbox 606 2610 675 2645; x_wconf 87' lang='grc' dir='ltr'><strong>τῶν</strong></span> <span class='ocrx_word' id='word_1_564' title='bbox 697 2609 792 2659; x_wconf 79' lang='grc' dir='ltr'>αὐτῷ</span> <span class='ocrx_word' id='word_1_565' title='bbox 816 2608 986 2645; x_wconf 84' lang='grc' dir='ltr'>συνόντων</span> <span class='ocrx_word' id='word_1_566' title='bbox 1006 2623 1156 2659; x_wconf 68' lang='grc' dir='ltr'>καταφι-</span> 
     </span>
    </p>
   </div>
   <div class='ocr_carea' id='block_1_13' title="bbox 138 2657 2322 2721">
    <p class='ocr_par' dir='ltr' id='par_1_17' title="bbox 138 2657 2322 2721">
     <span class='ocr_line' id='line_1_79' title="bbox 138 2657 2322 2721; baseline -0.002 -15"><span class='ocrx_word' id='word_1_567' title='bbox 138 2668 294 2715; x_wconf 79' lang='grc' dir='ltr'>λήσαντα</span> <span class='ocrx_word' id='word_1_568' title='bbox 328 2668 400 2706; x_wconf 83' lang='grc' dir='ltr'>νέον</span> <span class='ocrx_word' id='word_1_569' title='bbox 429 2668 619 2721; x_wconf 83' lang='grc' dir='ltr'>εὔμορφον,</span> <span class='ocrx_word' id='word_1_570' title='bbox 638 2668 835 2719; x_wconf 81' lang='grc' dir='ltr'>ἐΟαύμασεν</span> <span class='ocrx_word' id='word_1_571' title='bbox 868 2669 992 2715; x_wconf 74' lang='grc' dir='ltr'>εἰπὼν,</span> <span class='ocrx_word' id='word_1_572' title='bbox 1011 2668 1064 2706; x_wconf 80' lang='grc' dir='ltr'><strong>ὅτι</strong></span> <span class='ocrx_word' id='word_1_573' title='bbox 1097 2669 1156 2706; x_wconf 82' lang='grc' dir='ltr'><strong>καὶ</strong></span> <span class='ocrx_word' id='word_1_574' title='bbox 1184 2685 1207 2714; x_wconf 84' lang='lat' dir='ltr'>B</span> <span class='ocrx_word' id='word_1_575' title='bbox 1233 2679 1341 2716; x_wconf 76' lang='lat' dir='ltr'><strong>puero</strong></span> <span class='ocrx_word' id='word_1_576' title='bbox 1361 2663 1446 2701; x_wconf 75' lang='lat' dir='ltr'><strong>dare</strong></span> <span class='ocrx_word' id='word_1_577' title='bbox 1463 2692 1471 2704; x_wconf 78' lang='lat'>.</span> <span class='ocrx_word' id='word_1_578' title='bbox 1505 2660 1788 2698; x_wconf 66' lang='lat' dir='ltr'><strong>zuluiiralmmlus</strong></span> <span class='ocrx_word' id='word_1_579' title='bbox 1819 2660 1911 2698; x_wconf 74' lang='lat' dir='ltr'><strong>dixit</strong></span> <span class='ocrx_word' id='word_1_580' title='bbox 1936 2678 1943 2698; x_wconf 89' lang='lat'>:</span> <span class='ocrx_word' id='word_1_581' title='bbox 1970 2663 2034 2700; x_wconf 76' lang='lat' dir='ltr'><strong>llic</strong></span> <span class='ocrx_word' id='word_1_582' title='bbox 2053 2664 2180 2714; x_wconf 79' lang='lat' dir='ltr'><strong>opinor</strong></span> <span class='ocrx_word' id='word_1_583' title='bbox 2202 2667 2227 2686; x_wconf 92' lang='lat'><strong>¹·</strong></span> <span class='ocrx_word' id='word_1_584' title='bbox 2248 2657 2322 2695; x_wconf 74' lang='lat'><strong>3·9·</strong></span> 
     </span>
    </p>
   </div>
   <div class='ocr_carea' id='block_1_14' title="bbox 137 2723 1160 3393">
    <p class='ocr_par' dir='ltr' id='par_1_18' title="bbox 137 2723 1160 3393">
     <span class='ocr_line' id='line_1_80' title="bbox 139 2723 1160 2783; baseline 0 -17"><span class='ocrx_word' id='word_1_585' title='bbox 139 2731 186 2773; x_wconf 81' lang='grc' dir='ltr'><strong>εἰς</strong></span> <span class='ocrx_word' id='word_1_586' title='bbox 221 2733 290 2782; x_wconf 78' lang='grc' dir='ltr'>πῦρ</span> <span class='ocrx_word' id='word_1_587' title='bbox 322 2723 419 2772; x_wconf 73' lang='grc' dir='ltr'>οῧτος</span> <span class='ocrx_word' id='word_1_588' title='bbox 463 2729 588 2783; x_wconf 74' lang='grc' dir='ltr'>ῥᾳδίως</span> <span class='ocrx_word' id='word_1_589' title='bbox 623 2730 663 2767; x_wconf 82' lang='grc' dir='ltr'><strong>ἂν</strong></span> <span class='ocrx_word' id='word_1_590' title='bbox 705 2730 945 2776; x_wconf 66' lang='grc' dir='ltr'>κυὸιστήσειεν</span> <span class='ocrx_word' id='word_1_591' title='bbox 979 2732 996 2768; x_wconf 83' lang='grc' dir='ltr'>ὁ</span> <span class='ocrx_word' id='word_1_592' title='bbox 1029 2729 1160 2777; x_wconf 87' lang='grc' dir='ltr'>ταύτην</span> 
     </span>
     <span class='ocr_line' id='line_1_81' title="bbox 137 2790 1160 2842; baseline 0.001 -15"><span class='ocrx_word' id='word_1_593' title='bbox 137 2791 317 2840; x_wconf 82' lang='grc' dir='ltr'>τολμήσας</span> <span class='ocrx_word' id='word_1_594' title='bbox 345 2790 402 2828; x_wconf 77' lang='grc' dir='ltr'><strong>διὰ</strong></span> <span class='ocrx_word' id='word_1_595' title='bbox 431 2794 491 2828; x_wconf 84' lang='grc' dir='ltr'><strong>τοῦ</strong></span> <span class='ocrx_word' id='word_1_596' title='bbox 519 2790 715 2842; x_wconf 76' lang='grc' dir='ltr'>φιλήματος</span> <span class='ocrx_word' id='word_1_597' title='bbox 745 2791 876 2842; x_wconf 76' lang='grc' dir='ltr'>ἀνάψαι</span> <span class='ocrx_word' id='word_1_598' title='bbox 896 2792 930 2828; x_wconf 80' lang='grc' dir='ltr'><strong>ἐν</strong></span> <span class='ocrx_word' id='word_1_599' title='bbox 961 2792 1074 2842; x_wconf 78' lang='grc' dir='ltr'>ἑαυτῷ</span> <span class='ocrx_word' id='word_1_600' title='bbox 1099 2790 1160 2828; x_wconf 83' lang='grc' dir='ltr'>κά-</span> 
     </span>
     <span class='ocr_line' id='line_1_82' title="bbox 140 2851 1160 2903; baseline 0 -14"><span class='ocrx_word' id='word_1_601' title='bbox 140 2867 249 2902; x_wconf 87' lang='grc' dir='ltr'>μινον.</span> <span class='ocrx_word' id='word_1_602' title='bbox 269 2851 365 2902; x_wconf 63' lang='grc' dir='ltr'><strong>Ἰῦγὼ</strong></span> <span class='ocrx_word' id='word_1_603' title='bbox 396 2851 431 2889; x_wconf 80' lang='grc' dir='ltr'><strong>δὲ</strong></span> <span class='ocrx_word' id='word_1_604' title='bbox 457 2856 558 2890; x_wconf 78' lang='grc' dir='ltr'>τοῦτο</span> <span class='ocrx_word' id='word_1_605' title='bbox 588 2851 650 2903; x_wconf 84' lang='grc' dir='ltr'><strong>μὲν</strong></span> <span class='ocrx_word' id='word_1_606' title='bbox 681 2855 744 2890; x_wconf 81' lang='grc' dir='ltr'><strong>οὐκ</strong></span> <span class='ocrx_word' id='word_1_607' title='bbox 771 2852 810 2889; x_wconf 84' lang='grc' dir='ltr'><strong>ἂν</strong></span> <span class='ocrx_word' id='word_1_608' title='bbox 842 2851 998 2902; x_wconf 83' lang='grc' dir='ltr'>εἴποιμι,</span> <span class='ocrx_word' id='word_1_609' title='bbox 1017 2852 1069 2889; x_wconf 80' lang='grc' dir='ltr'><strong>ὅτι</strong></span> <span class='ocrx_word' id='word_1_610' title='bbox 1099 2851 1160 2894; x_wconf 82' lang='grc' dir='ltr'><strong>τὰς</strong></span> 
     </span>
     <span class='ocr_line' id='line_1_83' title="bbox 139 2912 1160 2964; baseline 0 -14"><span class='ocrx_word' id='word_1_611' title='bbox 139 2912 362 2955; x_wconf 87' lang='grc' dir='ltr'>συνοικούσας</span> <span class='ocrx_word' id='word_1_612' title='bbox 408 2912 616 2964; x_wconf 74' lang='grc' dir='ltr'>φιλοῦσιν-ἢ</span> <span class='ocrx_word' id='word_1_613' title='bbox 659 2916 882 2962; x_wconf 81' lang='grc' dir='ltr'>ἐπαφῶνται·</span> <span class='ocrx_word' id='word_1_614' title='bbox 920 2915 949 2950; x_wconf 85' lang='grc' dir='ltr'><strong>εἰ</strong></span> <span class='ocrx_word' id='word_1_615' title='bbox 1002 2912 1038 2950; x_wconf 84' lang='grc' dir='ltr'>δέ</span> <span class='ocrx_word' id='word_1_616' title='bbox 1071 2928 1160 2956; x_wconf 89' lang='grc' dir='ltr'>τινες</span> 
     </span>
     <span class='ocr_line' id='line_1_84' title="bbox 138 2973 1158 3026; baseline -0.001 -15"><span class='ocrx_word' id='word_1_617' title='bbox 138 2977 248 3011; x_wconf 76' lang='grc' dir='ltr'>ταῦτα</span> <span class='ocrx_word' id='word_1_618' title='bbox 294 2979 542 3025; x_wconf 81' lang='grc' dir='ltr'>κατηγοροῖεν,</span> <span class='ocrx_word' id='word_1_619' title='bbox 572 2973 679 3018; x_wconf 84' lang='grc' dir='ltr'>δεῖξαι</span> <span class='ocrx_word' id='word_1_620' title='bbox 726 2973 940 3026; x_wconf 88' lang='grc' dir='ltr'>πειράσομαι</span> <span class='ocrx_word' id='word_1_621' title='bbox 987 2975 1060 3018; x_wconf 82' lang='grc' dir='ltr'>ὅτι,</span> <span class='ocrx_word' id='word_1_622' title='bbox 1095 2974 1158 3011; x_wconf 81' lang='grc' dir='ltr'><strong>κᾶν</strong></span> 
     </span>
     <span class='ocr_line' id='line_1_85' title="bbox 140 3034 1157 3087; baseline 0.001 -16"><span class='ocrx_word' id='word_1_623' title='bbox 140 3034 245 3087; x_wconf 79' lang='grc' dir='ltr'>μέχρι</span> <span class='ocrx_word' id='word_1_624' title='bbox 274 3034 394 3072; x_wconf 87' lang='grc' dir='ltr'>τούτου</span> <span class='ocrx_word' id='word_1_625' title='bbox 425 3034 818 3087; x_wconf 77' lang='grc' dir='ltr'>προίωσι,πικροτέραν</span> <span class='ocrx_word' id='word_1_626' title='bbox 847 3035 952 3073; x_wconf 83' lang='grc' dir='ltr'>πάλιν</span> <span class='ocrx_word' id='word_1_627' title='bbox 980 3035 1058 3073; x_wconf 71' lang='grc' dir='ltr'>καθ’</span> <span class='ocrx_word' id='word_1_628' title='bbox 1079 3037 1157 3072; x_wconf 82' lang='grc' dir='ltr'>ἑαυ-</span> 
     </span>
     <span class='ocr_line' id='line_1_86' title="bbox 137 3094 1158 3147; baseline 0.001 -15"><span class='ocrx_word' id='word_1_629' title='bbox 137 3098 205 3132; x_wconf 89' lang='grc' dir='ltr'><strong>τῶν</strong></span> <span class='ocrx_word' id='word_1_630' title='bbox 231 3099 293 3141; x_wconf 71' lang='grc' dir='ltr'><strong>τῆς</strong></span> <span class='ocrx_word' id='word_1_631' title='bbox 314 3094 484 3147; x_wconf 83' lang='grc' dir='ltr'>προτέρας</span> <span class='ocrx_word' id='word_1_632' title='bbox 512 3097 729 3134; x_wconf 84' lang='grc' dir='ltr'>ἐπισπῶνται</span> <span class='ocrx_word' id='word_1_633' title='bbox 753 3097 814 3143; x_wconf 69' lang='grc' dir='ltr'><strong>τὴν</strong></span> <span class='ocrx_word' id='word_1_634' title='bbox 842 3096 1003 3147; x_wconf 76' lang='grc' dir='ltr'>βάσανον.</span> <span class='ocrx_word' id='word_1_635' title='bbox 1029 3097 1069 3133; x_wconf 69' lang='lat' dir='ltr'><strong>Ei</strong></span> <span class='ocrx_word' id='word_1_636' title='bbox 1092 3095 1158 3147; x_wconf 76' lang='grc' dir='ltr'><strong>γὰρ</strong></span> 
     </span>
     <span class='ocr_line' id='line_1_87' title="bbox 139 3157 1156 3209; baseline -0.001 -13"><span class='ocrx_word' id='word_1_637' title='bbox 139 3157 213 3209; x_wconf 79' lang='grc' dir='ltr'>ὄψις</span> <span class='ocrx_word' id='word_1_638' title='bbox 237 3158 323 3209; x_wconf 87' lang='grc' dir='ltr'>μόνη</span> <span class='ocrx_word' id='word_1_639' title='bbox 344 3157 515 3205; x_wconf 87' lang='grc' dir='ltr'>τοσαύτην</span> <span class='ocrx_word' id='word_1_640' title='bbox 535 3158 707 3206; x_wconf 82' lang='grc' dir='ltr'>ἐντίθησιν</span> <span class='ocrx_word' id='word_1_641' title='bbox 736 3160 881 3206; x_wconf 82' lang='grc' dir='ltr'>ὀδύνην,</span> <span class='ocrx_word' id='word_1_642' title='bbox 897 3160 979 3197; x_wconf 80' lang='grc' dir='ltr'>ὅταν</span> <span class='ocrx_word' id='word_1_643' title='bbox 1001 3159 1059 3197; x_wconf 78' lang='grc' dir='ltr'><strong>καὶ</strong></span> <span class='ocrx_word' id='word_1_644' title='bbox 1086 3158 1156 3209; x_wconf 68' lang='grc' dir='ltr'><strong>ἁφὴ</strong></span> 
     </span>
     <span class='ocr_line' id='line_1_88' title="bbox 139 3218 1156 3271; baseline 0 -15"><span class='ocrx_word' id='word_1_645' title='bbox 139 3222 272 3270; x_wconf 76' lang='grc' dir='ltr'>προσῇ,</span> <span class='ocrx_word' id='word_1_646' title='bbox 292 3222 353 3263; x_wconf 70' lang='grc' dir='ltr'><strong>τῆς</strong></span> <span class='ocrx_word' id='word_1_647' title='bbox 379 3218 490 3270; x_wconf 76' lang='grc' dir='ltr'>ὄψεως</span> <span class='ocrx_word' id='word_1_648' title='bbox 518 3219 605 3257; x_wconf 76' lang='grc' dir='ltr'>πολὺ</span> <span class='ocrx_word' id='word_1_649' title='bbox 633 3220 814 3271; x_wconf 69' lang='grc' dir='ltr'>παχυτέρα</span> <span class='ocrx_word' id='word_1_650' title='bbox 844 3220 1050 3266; x_wconf 81' lang='grc' dir='ltr'>ἀπόλαυσις,</span> <span class='ocrx_word' id='word_1_651' title='bbox 1077 3219 1156 3268; x_wconf 83' lang='grc' dir='ltr'>μεί-</span> 
     </span>
     <span class='ocr_line' id='line_1_89' title="bbox 139 3280 1155 3333; baseline -0.001 -15"><span class='ocrx_word' id='word_1_652' title='bbox 139 3282 217 3324; x_wconf 86' lang='grc' dir='ltr'>ζονα</span> <span class='ocrx_word' id='word_1_653' title='bbox 252 3280 340 3333; x_wconf 83' lang='grc' dir='ltr'>αἴρει</span> <span class='ocrx_word' id='word_1_654' title='bbox 371 3280 433 3327; x_wconf 81' lang='grc' dir='ltr'><strong>τὴν</strong></span> <span class='ocrx_word' id='word_1_655' title='bbox 477 3280 607 3332; x_wconf 81' lang='grc' dir='ltr'>φλόγα,</span> <span class='ocrx_word' id='word_1_656' title='bbox 633 3283 691 3319; x_wconf 85' lang='grc' dir='ltr'><strong>καὶ</strong></span> <span class='ocrx_word' id='word_1_657' title='bbox 732 3281 939 3333; x_wconf 80' lang='grc' dir='ltr'>δριμυτέραν</span> <span class='ocrx_word' id='word_1_658' title='bbox 975 3282 1155 3333; x_wconf 78' lang='grc' dir='ltr'>ἐργάζεται</span> 
     </span>
     <span class='ocr_line' id='line_1_90' title="bbox 139 3340 1153 3393; baseline 0 -16"><span class='ocrx_word' id='word_1_659' title='bbox 139 3340 202 3386; x_wconf 76' lang='grc' dir='ltr'><strong>τὴν</strong></span> <span class='ocrx_word' id='word_1_660' title='bbox 239 3341 509 3393; x_wconf 74' lang='grc' dir='ltr'>ἀλγηδόνα,καὶ</span> <span class='ocrx_word' id='word_1_661' title='bbox 547 3341 792 3393; x_wconf 70' lang='grc' dir='ltr'>χαλεπιῖιτερον</span> <span class='ocrx_word' id='word_1_662' title='bbox 831 3349 920 3380; x_wconf 64' lang='grc' dir='ltr'>ποις-ἱ</span> <span class='ocrx_word' id='word_1_663' title='bbox 952 3342 990 3379; x_wconf 75' lang='grc' dir='ltr'><strong>τὸ</strong></span> <span class='ocrx_word' id='word_1_664' title='bbox 1023 3343 1153 3393; x_wconf 76' lang='grc' dir='ltr'>θηρίον.</span> 
     </span>
    </p>
   </div>
   <div class='ocr_carea' id='block_1_15' title="bbox 187 3464 866 3510">
    <p class='ocr_par' dir='ltr' id='par_1_19' title="bbox 187 3464 866 3510">
     <span class='ocr_line' id='line_1_91' title="bbox 187 3464 866 3510; baseline 0.006 -16"><span class='ocrx_word' id='word_1_665' title='bbox 187 3474 197 3487; x_wconf 71' lang='lat'><strong>‘¹</strong></span> <span class='ocrx_word' id='word_1_666' title='bbox 221 3464 322 3496; x_wconf 67' lang='lat' dir='ltr'><strong>sarrit.</strong></span> <span class='ocrx_word' id='word_1_667' title='bbox 342 3472 523 3510; x_wconf 36' lang='lat' dir='ltr'><strong>&amp;nasta-,tuq</strong></span> <span class='ocrx_word' id='word_1_668' title='bbox 538 3465 648 3496; x_wconf 72' lang='lat' dir='ltr'><strong>Mun-t.</strong></span> <span class='ocrx_word' id='word_1_669' title='bbox 670 3472 866 3509; x_wconf 53' lang='grc' dir='ltr'>ἁπηγόρτίτκ</span> 
     </span>
    </p>
   </div>
   <div class='ocr_carea' id='block_1_16' title="bbox 1231 2722 2182 3374">
    <p class='ocr_par' dir='ltr' id='par_1_20' title="bbox 1231 2722 2182 3374">
     <span class='ocr_line' id='line_1_92' title="bbox 1232 2722 2179 2778; baseline -0.01 -16"><span class='ocrx_word' id='word_1_670' title='bbox 1232 2725 1447 2778; x_wconf 54' lang='lat' dir='ltr'><strong>praecipitem</strong></span> <span class='ocrx_word' id='word_1_671' title='bbox 1466 2723 1567 2759; x_wconf 72' lang='lat' dir='ltr'><strong>facile</strong></span> <span class='ocrx_word' id='word_1_672' title='bbox 1582 2736 1617 2759; x_wconf 83' lang='lat' dir='ltr'><strong>sc</strong></span> <span class='ocrx_word' id='word_1_673' title='bbox 1640 2722 1674 2759; x_wconf 90' lang='lat' dir='ltr'><strong>in</strong></span> <span class='ocrx_word' id='word_1_674' title='bbox 1693 2722 1809 2770; x_wconf 73' lang='lat' dir='ltr'><strong>iguem</strong></span> <span class='ocrx_word' id='word_1_675' title='bbox 1830 2722 2008 2772; x_wconf 71' lang='lat' dir='ltr'><strong>injiceret,</strong></span> <span class='ocrx_word' id='word_1_676' title='bbox 2027 2725 2086 2773; x_wconf 75' lang='lat' dir='ltr'><strong>qui</strong></span> <span class='ocrx_word' id='word_1_677' title='bbox 2106 2734 2179 2762; x_wconf 57' lang='lat' dir='ltr'><strong>tau.</strong></span> 
     </span>
     <span class='ocr_line' id='line_1_93' title="bbox 1233 2782 2179 2824; baseline -0.001 0"><span class='ocrx_word' id='word_1_678' title='bbox 1233 2796 1309 2824; x_wconf 81' lang='lat' dir='ltr'><strong>tuni</strong></span> <span class='ocrx_word' id='word_1_679' title='bbox 1328 2787 1360 2823; x_wconf 86' lang='lat' dir='ltr'><strong>in</strong></span> <span class='ocrx_word' id='word_1_680' title='bbox 1381 2800 1416 2822; x_wconf 82' lang='lat' dir='ltr'><strong>se</strong></span> <span class='ocrx_word' id='word_1_681' title='bbox 1436 2785 1612 2820; x_wconf 59' lang='lat' dir='ltr'><strong>itu-naemu</strong></span> <span class='ocrx_word' id='word_1_682' title='bbox 1640 2782 1760 2819; x_wconf 78' lang='lat' dir='ltr'><strong>osculo</strong></span> <span class='ocrx_word' id='word_1_683' title='bbox 1785 2791 1835 2819; x_wconf 75' lang='lat' dir='ltr'><strong>cst</strong></span> <span class='ocrx_word' id='word_1_684' title='bbox 1856 2797 1962 2820; x_wconf 67' lang='lat' dir='ltr'><strong>ausus</strong></span> <span class='ocrx_word' id='word_1_685' title='bbox 1978 2784 2179 2823; x_wconf 73' lang='lat' dir='ltr'><strong>accendere.</strong></span> 
     </span>
     <span class='ocr_line' id='line_1_94' title="bbox 1235 2843 2182 2897; baseline -0.01 -13"><span class='ocrx_word' id='word_1_686' title='bbox 1235 2848 1311 2897; x_wconf 72' lang='lat' dir='ltr'><strong>Ego</strong></span> <span class='ocrx_word' id='word_1_687' title='bbox 1331 2856 1448 2883; x_wconf 66' lang='lat' dir='ltr'><strong>uult-iu</strong></span> <span class='ocrx_word' id='word_1_688' title='bbox 1467 2858 1532 2881; x_wconf 82' lang='lat' dir='ltr'><strong>non</strong></span> <span class='ocrx_word' id='word_1_689' title='bbox 1551 2844 1642 2881; x_wconf 71' lang='lat' dir='ltr'><strong>idem</strong></span> <span class='ocrx_word' id='word_1_690' title='bbox 1655 2843 1830 2886; x_wconf 67' lang='lat' dir='ltr'><strong>dixi-riui,</strong></span> <span class='ocrx_word' id='word_1_691' title='bbox 1847 2844 1940 2893; x_wconf 82' lang='lat' dir='ltr'><strong>quod</strong></span> <span class='ocrx_word' id='word_1_692' title='bbox 1957 2859 2082 2897; x_wconf 70' lang='lat' dir='ltr'><strong>nempe</strong></span> <span class='ocrx_word' id='word_1_693' title='bbox 2098 2861 2182 2884; x_wconf 58' lang='lat'><strong>0011-</strong></span> 
     </span>
     <span class='ocr_line' id='line_1_95' title="bbox 1233 2903 2181 2946; baseline -0.011 0"><span class='ocrx_word' id='word_1_694' title='bbox 1233 2908 1431 2946; x_wconf 60' lang='lat' dir='ltr'><strong>nilion-natvs</strong></span> <span class='ocrx_word' id='word_1_695' title='bbox 1452 2919 1534 2943; x_wconf 71' lang='lat' dir='ltr'><strong>suas</strong></span> <span class='ocrx_word' id='word_1_696' title='bbox 1552 2903 1757 2940; x_wconf 68' lang='lat' dir='ltr'><strong>osculentur</strong></span> <span class='ocrx_word' id='word_1_697' title='bbox 1779 2913 1810 2940; x_wconf 72' lang='lat' dir='ltr'><strong>et</strong></span> <span class='ocrx_word' id='word_1_698' title='bbox 1839 2914 2064 2943; x_wconf 73' lang='lat' dir='ltr'><strong>contrectent,</strong></span> <span class='ocrx_word' id='word_1_699' title='bbox 2090 2911 2133 2945; x_wconf 64' lang='lat' dir='ltr'><strong>At</strong></span> <span class='ocrx_word' id='word_1_700' title='bbox 2152 2908 2181 2944; x_wconf 63' lang='lat'><strong>51</strong></span> 
     </span>
     <span class='ocr_line' id='line_1_96' title="bbox 1231 2965 2182 3022; baseline -0.005 -14"><span class='ocrx_word' id='word_1_701' title='bbox 1231 2971 1291 3022; x_wconf 81' lang='lat' dir='ltr'><strong>qui</strong></span> <span class='ocrx_word' id='word_1_702' title='bbox 1323 2978 1402 3006; x_wconf 69' lang='lat' dir='ltr'><strong>sunt</strong></span> <span class='ocrx_word' id='word_1_703' title='bbox 1434 2971 1493 3016; x_wconf 77' lang='lat' dir='ltr'><strong>qui</strong></span> <span class='ocrx_word' id='word_1_704' title='bbox 1524 2966 1597 3002; x_wconf 66' lang='lat' dir='ltr'><strong>liare</strong></span> <span class='ocrx_word' id='word_1_705' title='bbox 1631 2965 1915 3006; x_wconf 61' lang='lat' dir='ltr'><strong>calonum-ntur.</strong></span> <span class='ocrx_word' id='word_1_706' title='bbox 1940 2966 2182 3006; x_wconf 66' lang='lat' dir='ltr'><strong>drmmistrure</strong></span> 
     </span>
     <span class='ocr_line' id='line_1_97' title="bbox 1234 3026 2182 3079; baseline -0.006 -10"><span class='ocrx_word' id='word_1_707' title='bbox 1234 3032 1375 3070; x_wconf 68' lang='lat' dir='ltr'><strong>tentabo</strong></span> <span class='ocrx_word' id='word_1_708' title='bbox 1396 3027 1505 3079; x_wconf 74' lang='lat'><strong>¹1¹¹⁰¹¹·</strong></span> <span class='ocrx_word' id='word_1_709' title='bbox 1534 3027 1562 3063; x_wconf 68' lang='lat' dir='ltr'><strong>si</strong></span> <span class='ocrx_word' id='word_1_710' title='bbox 1588 3026 1648 3062; x_wconf 79' lang='lat' dir='ltr'><strong>illo</strong></span> <span class='ocrx_word' id='word_1_711' title='bbox 1671 3040 1780 3075; x_wconf 70' lang='lat' dir='ltr'><strong>usque</strong></span> <span class='ocrx_word' id='word_1_712' title='bbox 1803 3027 2028 3077; x_wconf 65' lang='lat' dir='ltr'><strong>perveniant,</strong></span> <span class='ocrx_word' id='word_1_713' title='bbox 2055 3028 2182 3066; x_wconf 72' lang='lat' dir='ltr'><strong>‹lurius</strong></span> 
     </span>
     <span class='ocr_line' id='line_1_98' title="bbox 1232 3087 2180 3142; baseline -0.004 -12"><span class='ocrx_word' id='word_1_714' title='bbox 1232 3093 1299 3130; x_wconf 72' lang='lat' dir='ltr'><strong>sihi</strong></span> <span class='ocrx_word' id='word_1_715' title='bbox 1321 3105 1425 3142; x_wconf 72' lang='lat' dir='ltr'><strong>quain</strong></span> <span class='ocrx_word' id='word_1_716' title='bbox 1448 3089 1545 3140; x_wconf 76' lang='lat' dir='ltr'><strong>prius</strong></span> <span class='ocrx_word' id='word_1_717' title='bbox 1561 3087 1776 3138; x_wconf 68' lang='lat' dir='ltr'><strong>supplicium</strong></span> <span class='ocrx_word' id='word_1_718' title='bbox 1806 3098 1998 3126; x_wconf 69' lang='lat' dir='ltr'><strong>accersant.</strong></span> <span class='ocrx_word' id='word_1_719' title='bbox 2031 3091 2118 3126; x_wconf 68' lang='lat' dir='ltr'><strong>Num</strong></span> <span class='ocrx_word' id='word_1_720' title='bbox 2151 3091 2180 3129; x_wconf 74' lang='lat' dir='ltr'><strong>si</strong></span> 
     </span>
     <span class='ocr_line' id='line_1_99' title="bbox 1231 3148 2182 3205; baseline -0.017 -15"><span class='ocrx_word' id='word_1_721' title='bbox 1231 3163 1392 3205; x_wconf 66' lang='lat' dir='ltr'><strong>aspertus</strong></span> <span class='ocrx_word' id='word_1_722' title='bbox 1428 3151 1522 3187; x_wconf 70' lang='lat' dir='ltr'><strong>solus</strong></span> <span class='ocrx_word' id='word_1_723' title='bbox 1552 3158 1687 3185; x_wconf 68' lang='lat' dir='ltr'><strong>tantum</strong></span> <span class='ocrx_word' id='word_1_724' title='bbox 1708 3149 1809 3184; x_wconf 64' lang='lat' dir='ltr'><strong>iusi-rt</strong></span> <span class='ocrx_word' id='word_1_725' title='bbox 1831 3148 2010 3195; x_wconf 57' lang='lat' dir='ltr'><strong>thilon-m,</strong></span> <span class='ocrx_word' id='word_1_726' title='bbox 2036 3152 2182 3201; x_wconf 51' lang='lat' dir='ltr'><strong>qnando</strong></span> 
     </span>
     <span class='ocr_line' id='line_1_100' title="bbox 1233 3209 2181 3261; baseline -0.009 -9"><span class='ocrx_word' id='word_1_727' title='bbox 1233 3223 1412 3252; x_wconf 61' lang='lat' dir='ltr'><strong>contar-tus</strong></span> <span class='ocrx_word' id='word_1_728' title='bbox 1426 3210 1618 3252; x_wconf 44' lang='lat' dir='ltr'><strong>nereditati</strong></span> <span class='ocrx_word' id='word_1_729' title='bbox 1637 3219 1686 3246; x_wconf 63' lang='lat' dir='ltr'><strong>cst</strong></span> <span class='ocrx_word' id='word_1_730' title='bbox 1708 3209 1872 3261; x_wconf 58' lang='lat' dir='ltr'><strong>roluptais</strong></span> <span class='ocrx_word' id='word_1_731' title='bbox 1889 3211 2001 3248; x_wconf 77' lang='lat' dir='ltr'><strong>inulto</strong></span> <span class='ocrx_word' id='word_1_732' title='bbox 2031 3213 2181 3250; x_wconf 45' lang='lat' dir='ltr'><strong>rius-5501-</strong></span> 
     </span>
     <span class='ocr_line' id='line_1_101' title="bbox 1232 3271 2177 3326; baseline -0.003 -13"><span class='ocrx_word' id='word_1_733' title='bbox 1232 3291 1338 3326; x_wconf 62' lang='lat' dir='ltr'><strong>quain</strong></span> <span class='ocrx_word' id='word_1_734' title='bbox 1370 3282 1551 3325; x_wconf 60' lang='lat' dir='ltr'><strong>aqu-etus,</strong></span> <span class='ocrx_word' id='word_1_735' title='bbox 1577 3271 1622 3307; x_wconf 74' lang='lat' dir='ltr'><strong>ita</strong></span> <span class='ocrx_word' id='word_1_736' title='bbox 1645 3271 1814 3321; x_wconf 65' lang='lat' dir='ltr'><strong>majorem</strong></span> <span class='ocrx_word' id='word_1_737' title='bbox 1842 3272 1946 3308; x_wconf 74' lang='lat' dir='ltr'><strong>struit</strong></span> <span class='ocrx_word' id='word_1_738' title='bbox 1970 3272 2148 3311; x_wconf 62' lang='lat' dir='ltr'><strong>ssaininaui</strong></span> <span class='ocrx_word' id='word_1_739' title='bbox 2168 3304 2177 3317; x_wconf 80' lang='grc'>,</span> 
     </span>
     <span class='ocr_line' id='line_1_102' title="bbox 1231 3332 2179 3374; baseline -0.004 0"><span class='ocrx_word' id='word_1_740' title='bbox 1231 3337 1445 3374; x_wconf 65' lang='grc' dir='ltr'>,αϊιΙιίυιι-ιιι</span> <span class='ocrx_word' id='word_1_741' title='bbox 1461 3333 1566 3371; x_wconf 70' lang='lat' dir='ltr'><strong>eflicit</strong></span> <span class='ocrx_word' id='word_1_742' title='bbox 1581 3332 1795 3372; x_wconf 70' lang='lat' dir='ltr'><strong>dol‹·1·‹·=1=.‹·t</strong></span> <span class='ocrx_word' id='word_1_743' title='bbox 1815 3332 2054 3371; x_wconf 71' lang='lat' dir='ltr'><strong>velwiurutius</strong></span> <span class='ocrx_word' id='word_1_744' title='bbox 2072 3335 2179 3373; x_wconf 65' lang='lat' dir='ltr'><strong>seram</strong></span> 
     </span>
    </p>
   </div>
  </div>
 </body>
</html>
