2549 3825
911 257 966 285 DF.
1003 257 1089 286 NON
1126 256 1353 286 l'l'ERANDO
1388 257 1616 289 CONJUGIO.

249 336 356 379 οὕτως
376 337 433 375 ἐπὶ
456 338 518 384 τὴν
537 337 714 390 ἀριστείαν
746 337 907 390 ἔρχεται·
935 339 991 376 καὶ
1012 342 1029 376 ὁ
1050 339 1200 391 γεωργὸς
1233 338 1266 377 δὲ

247 398 324 450 οὐχὶ
345 398 407 446 τὴν
441 399 560 452 ἄροσιν
596 400 698 450 μόνον
714 430 723 448 ,
752 401 828 438 οὐδὲ
859 400 916 438 τὸν
948 403 980 438 ἐν
1015 403 1065 452 τῷ
1099 401 1266 439 σκάπτειν

245 459 363 506 πόνον,
383 460 473 498 ἀλλὰ
498 461 557 499 καὶ
585 460 647 507 τὴν
669 461 757 508 ἅλω,
778 461 837 499 καὶ
866 460 927 504 τὰς
958 461 1081 507 ληνοὺς
1099 462 1166 513 πρὸ
1196 463 1265 499 τῶν

244 521 433 570 ὀφθαλμῶν
467 521 554 569 θεὶς,
577 522 668 560 οὕτω
702 523 770 560 τῶν
803 521 912 573 ἔργων
938 521 1265 573 ἐφάπτεται.οὕτω

245 579 304 616 καὶ
323 583 424 631 ἡμεῖς
442 588 518 626 ταῖς
545 583 661 621 ἐλπίσι
680 589 756 626 ταῖς
774 588 946 634 χρησταῖς
968 582 1024 620 τὸν
1044 585 1105 629 τῆς
1121 582 1266 635 χηρείας

245 640 375 692 μόχθον
396 642 697 695 ἐπικουφίσωμεν,
719 643 779 681 καὶ
809 644 929 694 πολλῷ
960 645 1091 693 μᾶλλον
1123 647 1224 693 ἡμεῖς
1243 641 1265 687 ἢ

245 702 390 740 ἐκεῖνοι·
408 702 549 747 ἐκείνοις
569 704 631 754 μὲν
661 704 729 755 γὰρ
762 704 877 742 πολλὰ
909 703 1078 746 πολλάκις
1107 707 1174 742 τῶν
1204 705 1267 740 οὐκ

245 763 301 800 ἐπ’
322 764 437 807 αὐτοῖς
456 765 624 814 κειμένων
645 765 708 812 τὴν
729 765 940 816 προσδοκίαν
969 766 1107 816 διέκοψε
1120 794 1130 811 ,
1150 764 1211 807 τὰς
1231 763 1269 802 δὲ

246 824 419 876 ἡμετέρας
450 826 592 868 ἐλπίδας
619 827 727 870 οὐδεὶς
759 830 776 863 ὃ
808 827 1052 878 καταισχύνων
1089 825 1205 872 ἐστὶν,
1229 824 1269 861 ἂν

250 884 298 933 μὴ
332 887 557 936 βουληθῶμεν
590 887 701 924 αὐτοί.
735 887 796 932 Μὴ
832 887 873 933 δὴ
907 889 1134 937 βουληθῶμεν
1149 914 1158 932 ,
1191 888 1268 924 ἀλλ’

247 945 467 992 ἐννοήσαντες
485 949 532 989 ὡς
558 949 596 984 οὖ
615 949 735 999 πολλῷ
760 949 821 992 τ’ἧς
839 948 1010 1000 παρθένου
1029 951 1051 994 ἡ
1073 947 1169 999 χήρα
1190 946 1267 984 λεί-

245 1021 349 1044 πεται
364 1005 456 1053 (ἔστι
485 1006 520 1045 δὲ
542 1007 627 1046 ὅπου
658 1007 764 1055 αὐτὴν
794 1008 853 1046 καὶ
873 1008 1165 1061 ὑπερηκόντισεν,
1185 1007 1266 1046 ὅταν

244 1070 266 1113 ἡ
283 1066 346 1116 μὲν
365 1067 534 1119 παρθένος
551 1068 808 1120 περι-πλέκηται
835 1070 1055 1121 πράγμασιν,
1075 1072 1096 1116 ἡ
1116 1068 1153 1108 δὲ
1173 1070 1268 1122 χήρα

244 1126 335 1165 κατὰ
352 1128 409 1166 τὸν
433 1129 575 1167 Παῦλον
597 1129 828 1180 μεμονωμένη
849 1131 908 1168 καὶ
929 1130 1116 1174 ἐλπίζουσα
1135 1130 1194 1168 ἐπὶ
1209 1131 1268 1168 τὸν

243 1189 335 1227 Θεὸν
350 1193 594 1242 προσκαρτερῇ
615 1197 688 1234 ταῖς
709 1191 848 1238 δεήσεσι
863 1192 1017 1246 καὶιταῖς
1042 1198 1268 1244 προσευχαῖς,

244 1249 303 1288 καὶ
323 1253 391 1289 τῶν
413 1254 587 1303 βιωτικῶν
606 1253 824 1304 πραγμάτων
853 1253 1073 1305 ἀπέχηται),
1090 1252 1267 1298 ἀναδεξώ-

245 1316 334 1362 μεθα
363 1313 420 1351 τὸν
446 1315 566 1364 ἀγῶνα
583 1316 703 1352 τοῦτον
717 1344 726 1362 ,
743 1313 800 1352 ἵνα
821 1317 891 1352 τῶν
918 1317 952 1353 ἐν
973 1316 1066 1366 αὐτῷ
1089 1315 1267 1366 στεφάνων

244 1373 421 1425 τύχωμεν.
441 1376 567 1413 Ταῦτα
593 1376 676 1425 ὑμῖν
696 1378 757 1414 οὐκ
778 1375 932 1427 ἀνάγκης
964 1376 1079 1414 ἕνεκεν
1108 1377 1268 1430 εἴρηται,

244 1435 338 1482 οὐδὲ,
355 1435 440 1488 ὅπερ
461 1437 567 1488 ἔφην,
587 1438 877 1483 καταδικάζοντες
897 1438 959 1482 τὰς
987 1440 1025 1476 οὔ
1057 1438 1269 1489 βουλομένας

242 1496 423 1548 χηρεύειν,
442 1497 500 1534 ἐπὶ
519 1498 650 1546 ταύτην
671 1499 822 1549 ἤλθομεν
841 1498 904 1546 τὴν
925 1499 1131 1551 παραίνεσιν
1146 1529 1157 1547 ,
1178 1499 1268 1538 ἀλλὰ

242 1558 496 1609 προτρέποντες
528 1560 589 1598 καὶ
621 1563 925 1613 παρακαλοῦντες,
943 1562 991 1610 μὴ
1020 1561 1078 1600 ἐπὶ
1105 1565 1267 1600 τοσοῦτον

242 1618 477 1668 προσδεθῆναι
511 1620 554 1669 τῇ
593 1620 638 1670 γῇ
653 1649 663 1665 ,
692 1620 769 1657 ἀλλ’
804 1618 896 1663 ἅπαξ
939 1620 1101 1663 λυθείσας
1151 1620 1266 1669 μένειν

242 1678 440 1728 ἐλευθέρας,
456 1677 515 1715 καὶ
535 1678 593 1716 τὸν
619 1680 761 1730 οὐρανὸν
782 1681 979 1728 ἐπιζητεῖν,
999 1679 1058 1717 καὶ
1077 1679 1139 1726 τὴν
1161 1681 1266 1718 πολι-

242 1737 337 1776 τείαν
358 1739 616 1779 ἐπιδείκνυσθαι
648 1740 711 1787 τὴν
738 1743 830 1788 ἐκεῖ,
858 1741 917 1779 καὶ
950 1733 1184 1794 ἁρμοσθείσας
1215 1744 1265 1794 τῷ

243 1801 388 1853 Χριστῷ
422 1801 529 1846 οὕτως
563 1803 701 1841 ἅπαντα
736 1802 923 1856 πράττειν,
945 1806 991 1846 ὡς
1012 1806 1168 1857 προσῆκε
1203 1802 1266 1847 τὰς

242 1860 300 1899 τὸν
316 1865 468 1901 τοιοῦτον
483 1863 632 1915 ἐχούσας
647 1864 805 1916 νυμφίον,
819 1865 893 1903 ὃὸτι
909 1865 1004 1916 αὐτῷ
1023 1863 1150 1916 πρέπει
1167 1870 1265 1902 πᾶσα

243 1922 344 1971 δόξα,
364 1923 450 1974 τιμὴ
470 1925 530 1962 καὶ
557 1925 811 1977 προσκύνησις,
831 1925 893 1964 σὺν
914 1928 964 1978 τῷ
981 1926 1125 1978 ἀνάρχῳ
1146 1926 1265 1978 Πατρὶ

243 1984 302 2021 καὶ
335 1987 384 2036 τῷ
404 1988 562 2038 ζωοποιῶ
589 1986 649 2024 καὶ
672 1986 760 2039 ἁγίῳ
780 1987 882 2025 αὐτοῦ
906 1986 1090 2038 Πνεύματι
1103 2018 1112 2035 ,
1128 1991 1186 2025 νῦν
1205 1987 1263 2025 καὶ

244 2045 310 2095 ἀεὶ,
319 2046 377 2085 καὶ
396 2048 443 2092 εἷς
459 2046 537 2091 τοὺς
557 2050 686 2091 αἰῶνας
705 2051 771 2087 τῶν
791 2048 937 2087 αἰώνων.
953 2049 1073 2099 Ἀμήν.

2197 250 2291 311 439

1339 339 1441 377 nobis
1463 340 1655 388 videntur,
1677 355 1757 379 cum
1778 340 1922 379 sudores
1945 351 1977 379 et
1997 356 2188 392 aerumnas,
2208 358 2287 395 quac¹

1291 413 1314 442 c
1337 400 1531 439 subeundae
1549 411 1654 451 sunt,
1667 402 1807 440 assidue
1820 402 1939 440 animo
1956 417 2139 442 versamus
2151 435 2160 453 ,
2175 419 2287 456 neque

1338 463 1518 512 proposita
1550 463 1622 501 illis
1652 463 1796 515 praemia
1823 463 2154 503 animadvertimus.
2179 466 2284 514 Quod

1337 521 1484 560 minime
1502 523 1704 561 faciendum
1723 533 1774 561 est
1791 555 1799 571 ‚
1817 524 1877 562 sed
1893 524 2159 577 circumspectis
2177 527 2284 565 simul

2346 465 2408 494 Una
2425 477 2489 494 etun

2340 508 2490 535 laboribus

2372 552 2487 586 przeniia

1336 580 1519 620 laboribus
1537 597 1577 620 ac
1596 584 1753 635 praemiis
1770 598 1908 622 summa
1927 585 2184 635 subducenda3
2201 597 2284 627 tunc
2299 600 2415 627 quffliuc
2428 600 2493 627 ΞΓΘ-

1337 651 1475 690 autem,
1498 653 1536 681 ut
1554 658 1637 682 vere
1653 654 1735 682 sunt
1750 675 1759 693 ,
1782 645 1830 682 ita
1849 660 1869 682 a
1888 646 1991 683 nobis
2010 647 2127 685 facilia
2145 648 2284 700 judica-

1337 702 1484 740 buntur.
1502 705 1594 742 Nam
1608 705 1670 755 qui
1689 707 1722 742 in
1739 706 1832 744 bello
1848 707 2018 758 praeclare
2037 722 2072 745 sc
2087 710 2198 760 gerit,
2217 724 2286 748 uon

1340 763 1488 801 vulnera
1514 764 1721 810 dumtaxat,
1741 780 1841 804 casus
1865 781 1904 804 ac
1921 777 2087 817 mortem,
2105 769 2166 806 sed
2181 771 2287 808 etiam

1340 832 1485 875 tropaea,
1508 825 1673 863 victorias
1696 835 1908 876 caeterosque
1924 828 2074 865 honores
2103 843 2224 867 omnes
2236 844 2287 867 re-

1339 894 1467 936 putans
1486 885 1523 922 in
1545 886 1655 923 aciem
1674 886 1812 924 sortiter
1832 887 2011 925 descendit
2032 905 2040 925 :
2064 888 2113 926 sic
2133 891 2288 940 agricola

1339 958 1408 983 non
1443 946 1558 984 solum
1586 946 1765 994 laborem,
1786 947 1848 997 qui
1881 948 2013 986 arando
2051 963 2090 987 ac
2120 950 2287 989 fodiendo

1337 1006 1533 1045 sumendus
1547 1016 1622 1056 est,
1639 1007 1698 1045 sed
1715 1008 1820 1045 etiam
1840 1023 1957 1046 aream
1975 1024 2014 1047 ac
2034 1011 2224 1049 torcularia
2244 1013 2288 1050 ol)

1290 1091 1315 1120 D
1337 1067 1457 1106 oculos
1470 1082 1687 1120 proponens,
1705 1069 1871 1107 alacriter
1885 1084 1991 1122 opera
2011 1085 2072 1109 sua
2096 1081 2208 1124 urget.
2226 1073 2290 1110 Iti-

1337 1127 1419 1166 dem
1436 1129 1548 1180 igitur
1570 1138 1603 1167 et
1621 1143 1684 1167 nos
1703 1144 1765 1182 spe
1780 1131 1872 1168 bona
1893 1145 2086 1170 aerumnam
2104 1133 2289 1171 viduitati,-

1337 1189 1452 1228 levem
1473 1190 1677 1240 reddamus,
1695 1201 1800 1243 atque
1818 1206 1858 1229 eo
1879 1193 1993 1244 magis
2014 1208 2076 1231 nos
2097 1209 2202 1245 quam
2221 1195 2290 1241 illi,

1339 1251 1435 1302 quod
1450 1251 1522 1290 illis
1538 1252 1683 1303 quidem
1698 1253 1811 1290 multa
1821 1267 1914 1306 saepe
1934 1269 1976 1292 ex
1994 1255 2048 1302 iis,
2065 1270 2144 1306 quae
2156 1257 2191 1294 in
2204 1257 2289 1308 ipsis

1337 1311 1403 1350 sita
1441 1325 1510 1350 non
1541 1322 1640 1351 erant
1656 1343 1666 1361 ‚
1701 1314 2002 1365 exspectationem
2034 1315 2289 1366 praeciderunt:

1338 1382 1475 1411 nostras
1500 1382 1618 1411 autem
1635 1388 1714 1426 spes
1731 1388 1833 1412 nemo
1853 1376 1977 1426 estqui
1996 1377 2185 1414 confundat
2200 1408 2209 1425 ,
2225 1378 2291 1415 nisi

1338 1434 1503 1472 voluntas
1523 1443 1640 1472 nostra
1660 1435 1856 1474 accesserit.
1881 1437 1971 1483 Quae
1991 1437 2125 1474 utinam
2143 1451 2212 1475 non
2232 1453 2292 1476 ac-

1336 1497 1455 1545 cedat,
1471 1497 1534 1536 sed
1560 1497 1652 1536 illud
1679 1499 1866 1537 nobiscum
1893 1500 2088 1551 cogitantes
2104 1501 2252 1539 viduam
2271 1516 2289 1539 a

1334 1558 1474 1609 virgine
1485 1572 1554 1596 non
1569 1559 1695 1611 procul
1714 1559 1854 1608 abesse,
1865 1569 1972 1610 atque
1988 1561 2094 1598 etiam
2110 1561 2290 1600 interdum

1337 1618 1437 1656 illam
1457 1620 1681 1665 antecellere,
1702 1620 1874 1658 nimirum
1888 1653 1898 1671 ,
1919 1635 2000 1658 cum
2021 1623 2122 1674 virgo
2142 1624 2290 1675 negotiis

1290 1701 1316 1732 E
1337 1693 1373 1717 se
1392 1680 1587 1733 implicarit
1607 1696 1614 1717 :
1636 1682 1767 1718 Vidua
1785 1691 1905 1719 autem
1924 1697 1969 1720 cx
1988 1683 2089 1721 Pauli
2118 1686 2286 1722 sententia
2310 1707 2316 1725 ι

2301 634 2415 660 εῐαιιιΙΛ.

2326 1719 2331 1725 .
2353 1700 2429 1727 ΤΛἮ.
2460 1698 2490 1726 s>

1336 1742 1515 1779 desolata
1543 1751 1581 1780 et
1606 1745 1649 1779 in
1677 1744 1762 1780 Deo
1795 1757 1899 1794 spem
1929 1758 2075 1794 ponens
2108 1748 2287 1784 institerit
2306 1740 2334 1768 5.

1337 1805 1666 1841 obsecrationibus
1681 1812 1715 1841 et
1731 1807 1971 1843 orationibus
1985 1836 1994 1851 ,
2005 1815 2110 1856 atque
2124 1807 2168 1844 ab
2183 1808 2289 1859 hujus

1336 1863 1420 1903 vitae
1435 1865 1585 1915 negotiis
1601 1864 1822 1902 abstinuerit.
1834 1866 1876 1903 In
1890 1880 2032 1904 arenam
2044 1867 2288 1907 hanedescen-

1335 1923 1478 1976 damus,
1498 1935 1535 1964 ut
1554 1940 1631 1976 quae
1652 1925 1736 1964 inde
1753 1940 1816 1964 nos
1832 1937 1978 1965 manent
1998 1929 2143 1979 praemia
2163 1943 2288 1968 conse-

1335 2000 1500 2037 quamur.
1523 1986 1608 2024 Haec
1621 2018 1630 2035 ,
1650 2001 1719 2025 non
1740 2002 1810 2037 quo
1829 1988 2289 2040 necessariajudicaremus.

1337 2047 1541 2094 attulimus,
1560 2057 1622 2085 aut
1640 2062 1711 2099 quo
1722 2048 1814 2095 illas,
1827 2062 1906 2099 quae
1919 2048 1953 2086 in
1967 2049 2289 2102 viduitatcperma-

1334 2121 1416 2146 nere
1444 2108 1601 2156 nolunt,
1625 2108 1962 2156 condemnaremus,
1988 2110 2049 2149 sed
2082 2111 2149 2150 hoc
2177 2126 2288 2151 unum

1334 2169 1577 2208 cohortatione
1597 2169 1906 2222 admonitioneque
1923 2180 2042 2210 nostra
2062 2182 2203 2224 agentes
2221 2204 2229 2221 ‚
2251 2186 2287 2212 ut

1332 2244 1374 2267 nc
1395 2239 1494 2268 tcrrae
1515 2239 1686 2283 perpetuo
1706 2231 1823 2270 affixa:
1846 2232 1978 2272 haerere
1997 2235 2130 2279 velint,
2153 2235 2213 2273 scd
2236 2251 2285 2274 sc-

1332 2291 1400 2328 mel
1413 2291 1536 2329 solutae
1555 2293 1589 2329 in
1606 2292 1768 2330 libertate
1782 2303 1968 2343 maneant,
1987 2295 2031 2333 ad
2048 2296 2175 2334 caelnm
2192 2298 2284 2349 aspi-

1331 2362 1428 2396 rent,
1448 2352 1619 2391 caelestem
1651 2352 1797 2390 vivendi
1818 2354 1990 2392 rationein
2011 2355 2201 2394 adhibeant
2215 2388 2223 2400 ,
2244 2372 2283 2395 ac

1327 2413 1460 2464 juncta*
1480 2413 1622 2451 Clu-isto
1643 2427 1681 2451 ea
1702 2416 1818 2452 omnia
1839 2425 2026 2466 prarstcnt,
2041 2431 2118 2467 qua·
2140 2418 2182 2454 iis
2202 2432 2284 2456 con-

1334 2473 1479 2510 veniunt
1499 2504 1506 2514 .
1528 2487 1607 2523 quae
1646 2483 1782 2511 tantuin
1823 2484 1930 2512 nacta:
1971 2485 2050 2513 sunt
2083 2491 2252 2528 sponsum
2275 2495 2280 2514 :

1334 2534 1500 2584 quoniam
1536 2535 1652 2586 ipsum
1683 2535 1784 2573 dccet
1808 2536 1921 2573 omnis
1945 2536 2060 2587 gloria
2078 2567 2085 2579 .
2109 2538 2222 2576 honor
2251 2550 2281 2577 ct

1333 2595 1492 2633 adoratio
1513 2610 1580 2632 una
1602 2610 1682 2633 cuin
1701 2606 1845 2648 experto
1865 2597 2031 2648 principii
2054 2599 2156 2636 Patre
2171 2613 2210 2635 ac
2227 2614 2239 2636 x
2253 2601 2283 2635 i-

1335 2671 1347 2693 x
1360 2656 1440 2693 ilico
1456 2664 1645 2705 sanctoque
1663 2655 1772 2707 ipsius
1793 2656 1946 2707 Spiritu,
1971 2670 2063 2694 nunc
2079 2668 2111 2696 et
2133 2672 2280 2711 semper,

1333 2726 1364 2754 ct
1387 2717 1420 2754 in
1441 2717 1569 2754 saw-ula
1587 2717 1811 2757 saeculoruin.
1844 2721 1968 2754 Anu-n.

285 2853 297 2866 ·“
322 2846 367 2877 ὅτι
385 2847 463 2886 αὐτῷ
479 2845 582 2886 πρέπει
597 2850 662 2875 etc.
689 2843 764 2875 llaec
784 2841 914 2882 vulgata
933 2841 1102 2874 conclusio
1122 2841 1211 2873 «loesi
1231 2841 1264 2873 in
1279 2840 1391 2877 Coun,
1411 2849 1522 2884 estque
1543 2839 1960 2872 fortum-:1d.li1.·=m·mmn
1982 2840 2117 2872 mmm..

1094 3100 1409 3122 -1-000-
