2513 3871
284 292 378 338 836
718 305 754 333 s.

80 401 112 426 Ε·
124 400 174 426 rla'.
193 405 220 426 ⁸-
236 405 262 426 ι-
281 386 600 443 Scriptura?Fili,
612 388 645 424 si
655 385 808 424 accedis
822 386 1034 423 serviturus
1044 382 1234 429 Domino,

77 455 116 462 ““
131 441 159 469 ⁵·
278 463 458 504 praepara
477 449 650 486 animam
669 454 776 484 tuam
796 446 851 483 acl
869 446 1121 483 tentationem
1140 458 1152 479 .-
1173 444 1237 481 dn·-

280 516 361 565 rige
378 524 443 549 cor
461 517 570 547 tuum
582 539 590 550 .
607 516 643 545 et
659 507 830 559 perdura
842 508 912 546 :in
928 507 1061 543 morbo
1077 517 1125 542 ac
1141 518 1240 556 pau-

277 579 429 624 pertate
447 573 486 607 in
503 569 574 607 illo
588 569 715 619 fidens
735 576 826 606 esto.
843 568 949 605 Sicut
971 569 1073 605 enim
1093 569 1136 604 in
1157 568 1240 620 igni

276 635 467 684 probatur·
496 644 635 669 aurum
652 661 662 677 ‚
691 633 746 669 sic
778 631 892 668 homo
917 630 963 680 sit
990 637 1171 680 acceptus
1197 632 1240 666 in

276 697 433 732 camino
461 692 759 731 humanationis.
789 691 828 730 Si
860 700 899 729 tu
930 690 1105 728 famulum
1135 699 1240 728 tuum

278 754 400 806 flagris
433 754 600 792 cecideris
615 783 626 801 ,
643 763 677 791 et
701 753 782 800 ille,
803 752 950 803 triginta
978 761 1039 790 aut
1067 752 1240 803 qninqua-

279 816 376 866 ginta
399 815 515 868 plagis
534 815 705 867 acceptis,
722 814 819 852 illico
839 822 1009 866 provocet
1027 812 1073 851 ad
1094 812 1239 851 liberta-

279 886 349 915 tem
363 906 373 924 ,
393 886 455 914 aut
483 876 620 914 deserat
650 885 751 913 tuum
779 874 1003 921 dominium,
1023 884 1057 913 et
1077 874 1124 913 ad
1152 874 1240 912 alios

280 938 470 990 quospiam
497 952 572 976 sese
600 938 776 981 conserat,
797 937 859 988 qui
881 945 914 974 te
931 935 1088 979 oderint,
1112 949 1240 987 eosque

281 999 316 1037 in
340 1008 373 1037 te
393 999 564 1037 concitet:
581 997 643 1036 dic
662 998 772 1046 mibi,
791 1011 876 1035 num
904 998 934 1035 is
948 997 1014 1035 abs
1037 1006 1070 1034 te
1099 997 1240 1034 veniam

281 1061 537 1113 impetraturus
558 1060 632 1098 sit?
656 1073 701 1096 an
734 1058 921 1110 quisquam
943 1073 1008 1110 pro
1029 1057 1091 1095 illo
1113 1058 1240 1110 poterit

278 1135 354 1159 esse
382 1121 580 1173 patronus?
610 1121 856 1171 Nequaquam.
887 1120 962 1157 Cur
994 1119 1039 1156 ita
1071 1118 1240 1156 tandem?

279 1182 460 1228 Quoniam
487 1181 646 1220 officium
676 1190 726 1219 est
760 1180 859 1225 heri,
891 1180 1018 1231 punire
1047 1179 1236 1217 famulum.

280 1243 358 1279 Non
379 1241 426 1278 ob
445 1241 480 1278 id
501 1251 657 1289 tantum,
676 1255 801 1279 verum
821 1241 927 1278 etiam
947 1241 994 1278 ob
1015 1241 1102 1289 boc,
1126 1240 1237 1291 quod,

278 1303 306 1341 si
323 1300 532 1351 fugiendum
546 1311 634 1350 erat,
649 1315 717 1339 non
732 1301 777 1339 ad
792 1302 910 1340 hostes
922 1311 954 1340 et
968 1315 1086 1340 osores
1099 1300 1236 1339 domini

279 1362 408 1416 prioris
424 1363 609 1413 oportebat
629 1363 761 1413 sugere,
777 1361 835 1400 sed
852 1361 897 1400 ad
914 1363 1046 1400 amicos
1061 1371 1094 1400 et
1109 1375 1237 1414 cogna-

72 1442 244 1469 sanctorum
279 1434 344 1462 tos.
368 1423 522 1461 Proinde
546 1433 580 1461 tu
610 1437 773 1475 quoque,
800 1424 829 1461 si
854 1423 990 1462 videris
1010 1432 1044 1461 te
1063 1423 1183 1475 puniri
1213 1438 1231 1461 a

75 1483 238 1530 ,ΜΜῊΨ
281 1489 355 1526 Deo
371 1514 380 1530 ‚
401 1497 443 1521 ne
463 1485 646 1536 profugias
667 1485 711 1522 ad
732 1485 808 1537 ejus
830 1484 992 1523 inimicos
1012 1484 1175 1531 Judaeos,
1195 1498 1238 1522 ue

72 1531 263 1593 :ganuae—1
281 1550 394 1601 magis
408 1550 513 1588 etiam
528 1548 630 1586 illum
648 1547 681 1584 in
699 1555 732 1584 tc
750 1560 921 1599 provoces
940 1564 949 1585 ε
968 1547 1029 1585 sed
1043 1546 1090 1584 ad
1105 1546 1237 1585 amicos

281 1608 402 1659 illius,
425 1619 599 1662 martyres
618 1622 658 1646 ac
675 1617 835 1655 sanctos,
849 1608 910 1659 qui
932 1608 986 1646 illi
1008 1609 1233 1660 placuerunt,

281 1671 414 1723 quique
428 1671 576 1709 multam
593 1668 689 1722 apud
706 1669 809 1707 illum
824 1669 953 1708 habent
968 1669 1232 1708 auctoritatem.

279 1732 348 1770 Sed
371 1732 457 1783 quid
475 1732 602 1782 loquor
620 1730 664 1768 de
681 1730 824 1768 famulis
840 1739 873 1768 et
891 1730 1012 1769 beris?
1032 1730 1146 1768 Filius
1167 1744 1236 1768 non

278 1793 409 1845 poterit
432 1793 497 1830 boc
515 1792 648 1841 facere,
667 1791 860 1842 castigatus
876 1806 894 1829 a
914 1802 1030 1844 patre,
1047 1806 1109 1830 nec
1129 1792 1238 1831 abne-

278 1867 362 1902 gare
379 1853 628 1904 cognationem
657 1866 767 1903 quam
788 1853 894 1890 habet
913 1867 994 1891 cum
1015 1862 1126 1906 patre.
1147 1855 1236 1892 Nam

277 1924 312 1953 et
329 1924 462 1953 naturae
478 1915 586 1966 leges,
603 1923 636 1952 et
650 1913 742 1965 leges
756 1914 802 1951 ab
821 1914 1029 1953 bominibus
1051 1914 1237 1964 institutae,

278 1977 414 2014 etiamsi
435 1976 558 2024 flagris
574 1974 685 2013 caedat
701 1985 813 2028 pater,
836 1978 863 2013 si
885 1991 903 2014 a
926 1990 1043 2014 mensa
1064 1975 1235 2029 depellat,

281 2037 308 2074 si
329 2037 469 2075 aedibus
493 2037 635 2086 exigat,
655 2036 682 2074 si
704 2051 931 2088 quocumque
957 2037 1062 2075 modo
1093 2039 1236 2090 puniat,

274 2098 402 2149 jubent
436 2097 554 2135 omnia
588 2097 726 2134 sortiter
757 2098 913 2149 perpeti,
943 2112 1006 2136 nec
1039 2098 1149 2137 ullam
1184 2099 1237 2137 illi

281 2158 420 2197 veniam
454 2157 670 2199 concedunt.
703 2157 739 2195 ni
775 2160 934 2210 paruerit
969 2159 1236 2211 pertuleritque.

279 2220 378 2267 Quin
394 2220 499 2258 etiam
512 2220 538 2256 si
553 2220 650 2256 lilius
662 2233 770 2256 caesus
783 2219 985 2257 innumeras
999 2220 1240 2270 querimonias

281 2281 473 2334 deplorans
488 2281 655 2333 proferat,
668 2279 743 2317 baec
754 2279 861 2318 verba
877 2280 978 2318 audit
990 2281 1036 2319 ab
1049 2281 1238 2320 omnibus:

281 2342 383 2380 Pater
403 2351 453 2379 est
480 2341 541 2392 qui
563 2339 690 2378 eccidit
714 2355 755 2378 ac
774 2340 956 2386 dominus,
978 2341 1156 2393 habetque
1176 2357 1241 2395 po·

282 2411 442 2441 testatem
475 2403 509 2440 iu
542 2411 575 2439 te
601 2401 697 2452 quod
729 2402 807 2439 vult
843 2402 1012 2451 faciendi,
1040 2413 1075 2441 et
1103 2413 1242 2456 oportet

278 2464 396 2502 omnia
420 2462 558 2515 placide
577 2463 680 2500 serre.
702 2462 798 2514 Ergo
819 2463 944 2501 famuli
963 2464 1107 2514 quidem
1123 2466 1239 2503 serunt

278 2524 463 2570 dominos,
497 2524 562 2562 lilii
597 2532 779 2576 parenteS,
813 2524 1016 2574 frequenter
1045 2534 1077 2563 et
1112 2536 1239 2578 praeter

280 2599 419 2636 mquutn
437 2584 643 2637 punientes;
662 2594 698 2621 tu
721 2598 804 2621 vero
818 2599 886 2622 nou
905 2586 1056 2624 sustines
1074 2589 1188 2625 Deum
1208 2597 1240 2625 te

278 2646 544 2699 corripientem,
561 2645 621 2696 qui
645 2645 726 2697 plus
747 2645 850 2682 babet
872 2646 905 2683 iu
931 2655 965 2683 te
981 2647 1073 2698 juris
1087 2678 1095 2693 ,
1118 2658 1240 2700 utpote

281 2720 362 2745 vere
382 2707 577 2752 Dominus;
598 2707 658 2757 qui
688 2706 769 2758 plus
798 2716 831 2744 te
855 2706 978 2756 diligit
995 2723 1101 2759 quam
1123 2719 1236 2761 pater,

281 2767 414 2818 quique
434 2767 522 2805 nihil
545 2780 607 2818 per
626 2766 870 2812 iracundiam,
884 2768 945 2805 sed
960 2770 1078 2807 onmia
1099 2771 1183 2809 facit
1203 2771 1238 2809 in

282 2836 379 2865 tuam
411 2827 630 2865 utilitatem?
667 2828 726 2864 scd
759 2827 788 2864 si
816 2828 904 2866 levis
933 2829 1064 2880 aliquis
1094 2832 1240 2870 morbus

283 2888 473 2936 acciderit,
489 2888 585 2926 illico
608 2889 769 2926 resiliens
799 2889 845 2926 ab
874 2890 971 2928 illius
990 2890 1170 2938 dominio,
1192 2894 1237 2932 ad

283 2948 459 2987 daemones
475 2951 644 2998 accurris,
663 2949 754 2987 etad
773 2963 973 3003 synagogas
988 2955 1176 3006 confugis?
1193 2957 1239 2994 lit

283 3023 388 3058 quam
411 3009 548 3047 tandem
586 3010 724 3048 veniam
749 3012 1001 3063 consequeris?
1036 3030 1107 3065 quo
1138 3026 1241 3068 pacto

287 3070 423 3107 valebis
453 3072 554 3108 illum
586 3072 703 3109 denuo
738 3072 802 3109 tibi
838 3074 1035 3125 propitium
1070 3076 1244 3116 reddere?

286 3130 381 3175 Quin
406 3132 523 3182 potius
538 3131 620 3181 quis
635 3133 726 3170 alius
756 3147 820 3185 pro
839 3142 870 3171 te
896 3135 1079 3187 deprecari
1100 3139 1241 3189 poterit,
1267 3144 1289 3173 Ε

285 3189 419 3226 etiamsi
441 3199 576 3228 tautum
595 3192 706 3229 valent
726 3194 952 3241 auctoritate,
967 3207 1139 3247 quantum
1159 3201 1239 3237 Mo-

286 3248 363 3283 ses?
380 3249 453 3285 Non
465 3259 514 3287 est
528 3251 589 3300 qui
605 3253 671 3288 hoc:
688 3253 800 3289 sacer(-
817 3255 940 3305 pussit.
953 3258 1029 3295 Non
1041 3258 1241 3311 audisquid

291 3307 384 3343 Deus
405 3308 566 3359 loquatur
586 3310 629 3347 ad
651 3313 840 3351 jeremiam
861 3314 905 3352 de
925 3317 1087 3356 ,lutlzeisi'
1103 3321 1162 3358 Νι·
1175 3323 1240 3358 de-

82 3363 200 3393 ,ta-jn.
218 3373 248 3402 7-
288 3372 448 3416 pre-ceti»
473 3384 542 3418 pro
560 3372 697 3421 populu
713 3378 799 3421 isto,
813 3379 997 3425 qnoniam
1013 3382 1046 3416 si
1064 3386 1239 3420 steterint

86 3407 270 3440 16,rtt.'·.t.

334 3493 349 3514 Ι·
374 3492 523 3529 Quat-tor
542 3491 616 3522 Mn.

794 303 841 332 JO
854 302 978 332 &NMS
1014 300 1256 330 CHRYSOST.

1296 299 1487 330 Ancum?
1497 319 1505 328 .
1545 298 1629 329 CON
1637 298 1886 330 S'rAN'rtNoe
1895 319 1904 328 .

1311 382 1396 434 πυρὶ
1414 382 1642 433 δοκιμάζεται
1660 381 1823 434 χρυσίον,
1842 380 1950 423 οὕτως
1970 380 2151 432 ἄνθρωπος
2169 380 2287 425 δεκτὸς
2306 381 2343 420 ἐν

1312 443 1452 496 καμίνῳ
1475 442 1730 487 ταπεινώσεως.
1756 441 1819 482 Ἂν
1847 441 1889 480 σὺ
1916 442 1975 480 τὸν
2001 442 2140 488 οἰκέτην
2172 441 2343 493 μαστίξῃς

1312 505 1370 543 τὸν
1390 506 1450 544 σὸν
1463 535 1473 552 ,
1489 498 1564 543 εἶτα
1583 506 1712 548 ἐκεῖνος
1731 504 1922 557 τριάκοντα
1941 503 1964 549 ἢ
1984 503 2204 550 πεντήκοντα
2221 502 2342 541 λαὸὼν

1312 567 1475 617 πληγὰς,
1502 566 1627 609 εὐθέως
1652 565 1848 618 ἐλευθερίαν
1881 564 2062 616 ἀναὸοήσῃ
2077 593 2088 614 ,
2110 564 2135 610 ἢ
2162 563 2343 615 καταλίπῃ

1314 642 1374 666 σου
1390 627 1452 674 τὴν
1477 627 1704 670 δεσποτείαν,
1726 630 1786 665 καὶ
1809 626 1896 680 πρὸς
1921 626 2057 680 ἑτέρους
2085 625 2184 669 τινὰς
2208 624 2343 677 ἀπέλθῃ

1313 691 1384 726 τῶν
1421 688 1616 740 μισούντων
1649 704 1706 735 σε,
1739 689 1798 727 καὶ
1827 687 2003 740 παροξύνῃ
2021 702 2028 709 ·
2052 682 2122 739 ἆρα
2157 686 2344 733 δυνήσεται

1313 750 1525 802 συγγνώμης
1550 757 1669 803 τυχεῖν
1684 779 1694 797 ,
1713 750 1789 789 εἰπέ
1820 765 1899 800 μοι;
1921 745 1989 802 ἆρα
2029 749 2214 794 δυνήσεται
2249 749 2342 786 ἀπο-

1313 812 1531 863 λογήσασθαί
1558 828 1610 856 τις
1633 811 1722 863 ὓπὲρ
1752 812 1879 856 uba-033
1899 811 2087 860 Οὐδαμῶς.
2110 808 2159 848 Τί
2192 809 2344 856 δήποτες

1316 872 1403 911 Ὅτι
1434 875 1612 921 προσῆκον
1642 871 1794 924 δεσπότῃ
1825 872 1984 916 κολάζειν
2021 870 2173 918 οἰκέτην.
2198 871 2252 909 Οὗ
2287 870 2344 909 διὰ

1317 936 1419 971 τοῦτο
1445 933 1480 972 δὲ
1504 934 1606 984 μόνον
1621 964 1630 981 ,
1650 935 1727 971 ἀλλ’
1742 933 1796 971 ὅτι
1810 963 1819 981 ,
1841 935 1871 970 εἶ
1891 937 2104 985 καταφυγεῖν
2122 933 2246 984 ἐχρῆν,
2264 931 2344 984 οὐχὶ

1318 994 1404 1045 πρὸς
1421 994 1500 1038 τοὺς
1525 994 1666 1047 ἐχθροὺς
1679 1025 1689 1039 ,
1710 995 1786 1034 οὐδὲ
1815 994 1901 1047 πρὸς
1921 993 1999 1037 τοὺς
2025 997 2232 1043 μισοῦντας,
2253 991 2344 1031 ἀλλὰ

1317 1056 1402 1106 πρὸς
1426 1050 1504 1099 τοῦς
1524 1056 1641 1107 φίλους
1663 1055 1742 1099 τοὺς
1761 1055 1923 1106 γνησίους
1951 1054 2032 1093 ἔδει.
2053 1053 2124 1092 Καὶ
2146 1052 2188 1092 σὺ
2205 1052 2319 1092 τοίνυν
2335 1083 2346 1100 ,

1331 1114 1398 1153 ’ταν
1413 1117 1487 1167 ἴδῃς
1496 1116 1554 1154 τὸν
1571 1117 1663 1155 Θεόν
1677 1133 1715 1155 σε
1729 1116 1932 1163 κολάζοντα,
1943 1115 1991 1166 μὴ
2010 1115 2096 1168 πρὸς
2108 1114 2186 1158 τοὺς
2200 1112 2345 1166 ἐχθροὺς

1317 1177 1423 1216 αὐτοῦ
1441 1179 1646 1229 καταφύγῃς
1665 1178 1742 1221 τοὺς
1762 1178 1963 1224 Ἰουδαίους,
1982 1177 2039 1215 ἵνα
2059 1177 2109 1227 μὴ
2130 1178 2264 1226 μᾶλλον
2280 1179 2343 1214 αύ-

1315 1238 1374 1275 τὸν
1385 1238 1592 1290 παροξύν-ης,
1604 1239 1694 1277 ἀλλὰ
1709 1239 1794 1291 πρὸς
1808 1239 1886 1282 τοὺς
1902 1239 2020 1290 φίλους
2040 1238 2246 1285 αὖτοῦ,τοῦς
2259 1237 2344 1289 μάρ·

1315 1315 1434 1350 τυρας,
1455 1299 1532 1342 τοὺς
1549 1300 1681 1350 ἁγίους,
1698 1300 1756 1338 καὶ
1771 1299 2049 1351 εὖηρεστηκότας
2065 1300 2172 1351 αὐτῷ,
2188 1299 2247 1338 καὶ
2260 1301 2344 1338 πολ·

1318 1359 1384 1404 λὴν
1400 1359 1543 1411 ἔχοντας
1559 1360 1644 1412 πρὸς
1665 1361 1767 1398 αὐτὸν
1784 1361 2001 1413 παρρησίαν.
2023 1359 2092 1398 Καὶ
2105 1359 2140 1396 τί
2156 1359 2249 1410 λέγω
2264 1360 2344 1412 περὶ

1316 1421 1461 1458 οἰκετῶν
1480 1420 1540 1458 καὶ
1556 1422 1756 1468 δεσποτῶν;
1772 1422 1843 1465 υἱὸς
1863 1423 1902 1459 οὐ
1920 1422 2103 1469 δυνήσεται
2121 1425 2223 1460 τοῦτο
2244 1423 2346 1467 ποιῆ-

1279 1516 1286 1525 ,
1314 1496 1374 1519 σαι
1395 1481 1452 1521 διὰ
1472 1482 1534 1526 τὰς
1560 1483 1658 1535 παρὰ
1683 1487 1744 1521 τοῦ
1763 1484 1895 1536 πατρὸς
1921 1482 2117 1535 μάστιγας,
2136 1482 2213 1522 οὐδὲ
2236 1483 2345 1535 ἀρνή-

1314 1547 1441 1582 σασθαι
1457 1543 1520 1591 τὴν
1535 1544 1621 1596 πρὸς
1635 1547 1764 1583 ἐκεῖνον
1779 1545 1995 1597 συγγένειαν.
2007 1545 2074 1584 Καὶ
2084 1544 2152 1597 γὰρ
2166 1546 2198 1584 οἱ
2209 1547 2272 1591 τῆς
2280 1544 2344 1597 φύ-

1313 1621 1400 1649 σεως
1414 1607 1474 1644 καὶ
1491 1609 1522 1645 οἱ
1551 1607 1648 1659 παρὰ
1667 1609 1737 1645 τῶν
1761 1607 1954 1659 ἀνθρώπων
1974 1607 2126 1651 τεθέντες
2145 1605 2265 1657 νόμοι,
2278 1605 2344 1644 κᾶν

1314 1668 1480 1720 μαστίζῃ,
1496 1667 1560 1705 κᾶν
1577 1668 1752 1720 τραπέζης
1771 1669 1883 1721 εἴργῃ,
1895 1668 1958 1707 κᾶν
1975 1668 2130 1719 ε’κὸάλλῃ
2145 1670 2207 1714 τῆς
2221 1668 2345 1714 οἰκίας,

1312 1728 1377 1766 κᾶν
1398 1730 1502 1767 παντὶ
1523 1730 1654 1782 κολάζῃ
1671 1730 1814 1783 τρόπῳ,
1839 1730 2039 1769 κελεύουσιν
2068 1730 2206 1768 ἅπαντα
2226 1728 2343 1782 φέρειν

1313 1789 1491 1841 γενναίως,
1509 1790 1574 1827 κᾶν
1596 1790 1645 1840 μὴ
1664 1791 1829 1837 πείθηται
1856 1791 1946 1841 μηδὲ
1967 1791 2139 1843 ἀνέχηται
2151 1820 2161 1837 ,
2175 1790 2341 1840 οὐδεμίαν

1312 1851 1422 1895 οὐδεὶς
1439 1854 1532 1904 αὐτῷ
1549 1851 1670 1890 δίδωσι
1692 1851 1913 1904 συγγνώμην·
1927 1852 2017 1890 ἀλλὰ
2035 1852 2099 1889 κᾶν
2122 1851 2230 1903 μυρία
2249 1853 2342 1890 ἀπο-

1313 1913 1461 1965 δύρηται
1490 1914 1695 1967 μαστιχΟεὶς
1715 1918 1732 1953 ὁ
1746 1920 1850 1963 παῖς,
1872 1918 1984 1953 ταῦτα
2003 1914 2088 1966 πρὸς
2107 1914 2208 1952 αὐτὸν
2229 1914 2343 1952 ἅπαν·

1313 1991 1367 2018 τες
1387 1975 1527 2026 λέγουσι
1549 1975 1593 2013 τὰ
1615 1979 1755 2028 ῥήματα
1771 2004 1780 2021 ,
1797 1975 1850 2013 ὅτι
1877 1975 1996 2027 πατήρ
2023 1977 2117 2014 ἐστιν
2133 1978 2151 2014 ὁ
2172 1974 2345 2026 μαστίξας

1314 2036 1375 2075 καὶ
1391 2037 1527 2088 κύριος,
1556 2039 1614 2075 καὶ
1643 2037 1797 2082 ἐξουσίαν
1827 2037 1917 2090 ἔχων
1947 2043 2017 2076 πᾶν
2045 2040 2158 2076 ὁτιοῦν
2187 2037 2344 2090 ἐργάσα-

1314 2101 1394 2137 σθαι
1414 2099 1472 2136 καὶ
1492 2102 1657 2146 ποιῆσαι,
1673 2099 1732 2136 καὶ
1749 2100 1799 2137 δεῖ
1818 2100 1936 2137 πάντα
1960 2098 2082 2151 πράως
2108 2099 2238 2151 φέρειν.
2257 2093 2346 2137 Εἶτα

1314 2159 1449 2198 οἰκέται
1469 2159 1530 2209 μὲν
1555 2159 1739 2211 ἀνέχονται
1766 2161 1958 2206 δεσποτῶν,
1980 2161 2040 2198 καὶ
2068 2161 2133 2198 υἱοὶ
2162 2159 2347 2212 πατέρων,

1316 2220 1486 2263 πολλάκις
1507 2221 1584 2258 οὐδὲ
1617 2221 1764 2264 δεόντως
1791 2221 2007 2265 κολαζόντων
2033 2220 2155 2264 αὐτοὺς
2183 2221 2345 2260 ἐκείνων·

1317 2282 1358 2320 σὺ
1379 2281 1415 2320 δὲ
1438 2283 1500 2320 οὐκ
1521 2281 1624 2335 ἀνέξῃ
1649 2287 1710 2321 τοῦ
1735 2284 1828 2321 Θεοῦ
1859 2282 2083 2326 παιδεύοντός
2116 2298 2173 2328 σε,
2193 2285 2253 2321 τοῦ
2286 2283 2347 2321 καὶ

1317 2345 1494 2383 δεσποτῶν
1515 2344 1612 2387 ὄντος
1632 2344 1842 2397 κυριωτέρου
1855 2374 1864 2391 ,
1881 2344 1941 2382 καὶ
1966 2344 2128 2396 πατέρων
2155 2344 2288 2395 μᾶλλόν
2307 2360 2347 2384 σε

1317 2408 1516 2458 φιλοῦντος,
1536 2406 1597 2444 καὶ
1620 2406 1705 2458 πρὸς
1721 2406 1828 2459 ὀργὴν
1857 2405 1919 2456 μὲν
1939 2405 2051 2454 οὐδὲν,
2070 2405 2185 2444 πάντα
2205 2405 2241 2443 δὲ
2261 2405 2348 2458 πρὸς

1316 2467 1356 2505 τὸ
1374 2467 1549 2520 συμφέρον
1575 2468 1911 2519 πραγματευομένου
1945 2467 2004 2505 καὶ
2033 2471 2235 2514 ποιοῦντος;
2267 2468 2346 2505 ἀλλ’

1318 2528 1359 2565 ἂν
1380 2531 1491 2581 μικρά
1511 2545 1564 2572 τις
1580 2529 1724 2580 γένηται
1744 2528 1862 2575 νόσος,
1885 2528 2008 2573 εὐθέως
2028 2529 2213 2581 ἀποπηδᾷς
2241 2530 2346 2566 αὐτοῦ

1316 2593 1379 2636 τ’ἧς
1399 2590 1619 2635 δεσποτείας,
1641 2590 1701 2628 καὶ
1720 2589 1778 2628 ἐπὶ
1798 2588 1876 2632 τοὺς
1908 2589 2075 2639 δαίμονας
2109 2589 2264 2640 τρέχεις,
2285 2589 2346 2627 καὶ

1317 2650 1402 2703 πρὸς
1434 2650 1497 2695 τὰς
1530 2650 1736 2702 συναγωγὰς
1768 2651 1993 2700 αὐτομολείς;
2020 2649 2089 2688 Καὶ
2117 2649 2219 2691 ποίας
2244 2648 2343 2700 τεύξῃ

1317 2711 1528 2763 συγγνώμης
1559 2712 1702 2750 λοιπόν;
1723 2713 1798 2753 πῶς
1825 2710 1860 2749 δὲ
1889 2710 2021 2762 δυνήσῃ
2048 2710 2150 2747 αὐτὸν
2181 2724 2342 2762 παρακα-

1317 2772 1416 2810 λέσαι
1450 2773 1578 2819 πάλιν;
1595 2771 1609 2791 ¹⁸
1620 2774 1765 2810 Μᾶλλον
1789 2770 1824 2810 δὲ
1850 2771 1902 2814 τίς
1928 2772 2063 2822 ἕτερος,
2084 2771 2147 2808 κᾶν
2170 2771 2236 2817 τὴν
2256 2773 2342 2809 Μω-

1317 2833 1404 2876 σέως
1426 2836 1495 2885 σχῇ
1527 2832 1726 2884 παῤῥησίαν
1739 2861 1748 2877 ,
1771 2833 1955 2879 δυνήσεται
1975 2832 2055 2884 περὶ
2075 2836 2136 2870 σοῦ
2153 2833 2344 2880 δεηῆἦναι;

1318 2897 1395 2933 Οὐκ
1417 2895 1509 2932 ἔστιν
1530 2894 1649 2937 οὐδείς.
1665 2892 1714 2932 ἸΙ
1743 2895 1806 2932 οὐκ
1836 2894 1990 2941 ἀκούεις,
2010 2895 2043 2932 τί
2065 2894 2146 2946 περὶ
2165 2893 2343 2933 Ἰουδαίων

1317 2959 1335 2994 ὁ
1350 2955 1441 2998 Θεός
1462 2971 1546 3008 φησι
1571 2956 1657 3007 πρὸς
1673 2955 1730 2992 τὸν
1748 2954 1922 3007 Ἱερεμίαν
1938 2970 1946 2998 ;
1971 2955 2030 3002 Μὴ
2051 2954 2247 3008 προσεύχου
2262 2956 2343 3009 περὶ

1316 3022 1376 3056 τοῦ
1395 3019 1480 3056 λαοῦ
1500 3017 1620 3055 τούτου
1633 3047 1642 3063 ,
1657 3017 1711 3055 ὅτι
1737 3016 1776 3054 ἂν
1800 3020 1865 3068 στῇ
1893 3019 2046 3063 Μωῦσῆς
2072 3017 2131 3055 καὶ
2151 3016 2322 3068 Σαμουὴλ
2335 3046 2346 3065 ,

1318 3080 1380 3117 οὐκ
1407 3078 1658 3128 εἶσακούσομαι
1679 3079 1805 3116 αὐτῶν.
1826 3077 1948 3120 uduo:
1979 3078 2072 3116 ἐστὶν
2100 3077 2344 3130 ἁμαρτήματά

1316 3155 1394 3178 τινα
1416 3147 1532 3179 πᾶσαν
1550 3138 1806 3191 ὓπερόαίνοντα
1826 3140 2050 3190 συγγνώμην,
2062 3139 2121 3177 καὶ
2140 3141 2179 3178 οὐ
2195 3138 2342 3190 δυνάμι-

1317 3217 1359 3239 να
1375 3201 1566 3253 ἀπολογίας
1583 3205 1713 3253 τυχεῖν.
1738 3200 1796 3247 Μὴ
1816 3200 1930 3238 τοίνυν
1949 3199 2122 3247 τοσαύτην
2140 3198 2343 3239 immund»-

1317 3267 1406 3312 μεΟα
1426 3265 1503 3302 καθ’
1524 3265 1656 3301 ἑαυτῶν
1681 3263 1801 3313 ὀργήν.
1828 3262 1900 3300 Κᾶν
1936 3262 2004 3315 γὰρ
2029 3261 2153 3306 δόξωσι
2181 3276 2344 3314 παραμυ-

1317 3328 1451 3363 ῡεῖσΟαι
1479 3325 1538 3362 τὸν
1561 3324 1708 3376 πυρετὸν
1732 3329 1809 3366 ταῖς
1829 3324 1978 3374 ἐπῳδαῖς
1991 3353 2000 3369 ,
2020 3325 2058 3361 οὗ
2075 3322 2143 3374 γὰρ
2161 3322 2204 3369 δὴ
2223 3338 2342 3375 παρα-

1317 3389 1505 3435 μυθοῦνται
1522 3416 1530 3430 ,
1555 3385 1645 3423 ἀλλὰ
1663 3385 1909 3437 χαλεπώτερον
1930 3383 2046 3434 ἕτερον
2066 3386 2113 3426 εἰς
2133 3384 2173 3422 τὸ
2190 3384 2342 3427 συνειδὸς

636 3499 751 3531 μῡὶιον
769 3499 796 3529 ist
816 3506 857 3533 ri.-
876 3503 985 3542 Ιτιρος.
1000 3501 1012 3542 f
1029 3502 1146 3535 Montl'.
1168 3522 1202 3546 μ.
1224 3510 1250 3539 Ξ.
1272 3511 1503 3549 metietur-,0511

2503 2024 2505 2026 .
2494 1870 2513 1996 *aq—.-
