2513 3871
118 359 229 389 ΒΙηΙΙΙι.
275 357 293 388 8
300 379 306 385 .

115 403 164 430 31.
181 410 245 438 qu·

125 1813 213 1883 Dein.
231 1812 310 1843 ⁵34.

138 2557 226 2585 Πανί.
237 2553 317 2585 133.

309 247 401 307 730

753 255 794 285 S.
831 250 1020 284 JOANMS
1055 249 1299 281 cmwsosw.

323 342 463 395 expetis
481 341 500 380 ‚⁹
528 341 619 378 Cum
645 337 784 376 abirent
805 337 841 374 in
873 348 998 387 porcos
1028 334 1163 373 Christi
1195 347 1277 386 per-

324 404 435 442 missu
459 402 650 446 daemonoe,
668 409 745 436 tum
762 399 798 436 in
815 410 913 435 mare
930 396 1012 434 illos
1029 394 1150 433 statim
1177 408 1275 447 prae-

321 464 516 517 cipitarunt
532 477 540 498 :
558 470 593 499 et
626 459 814 498 bominum
850 456 1062 511 corporibus
1091 464 1238 509 parcent
1256 456 1274 494 Ξ)

321 529 435 576 Atque
457 524 593 561 utinam
612 535 681 560 non
697 519 915 565 occiderent,
937 518 1073 556 utinam
1092 530 1163 555 non
1184 516 1273 555 insi—

317 586 518 624 diarentur.
536 583 724 635 Ejecerant
742 596 788 621 ex
807 579 1130 634 paradiso,bonore
1141 578 1273 617 caelesti

317 646 489 685 orbarunt
502 674 512 691 ,
529 653 564 683 et
582 658 712 696 corpus
731 642 937 682 curabunt?
964 639 1132 679 Ridicula
1152 639 1228 678 baec
1239 648 1274 678 et

317 706 461 746 fabulae.
473 707 658 744 Daemones
675 703 836 742 insidiari
855 703 972 741 sciunt
990 716 1030 740 ac
1051 714 1190 750 nocere,
1204 714 1272 738 non

318 766 451 806 mederi
471 782 480 804 ε
496 765 625 804 animm
640 779 707 804 non
723 774 892 818 parcunt,
910 772 945 802 et
963 762 1174 815 corporibus
1190 775 1275 814 par-

317 828 427 868 cent?
442 842 462 867 e
490 841 598 879 regno
628 827 756 879 ejicere
781 834 955 865 conantur
972 854 983 872 ,
1002 833 1036 862 et
1065 823 1200 862 morbis
1219 823 1275 862 le-

319 903 405 928 vare
424 903 488 928 nos
501 888 672 941 cupient?
692 889 771 927 Non
790 886 895 925 audis
908 886 1120 939 prophetam
1135 884 1272 931 dicere,

319 960 426 1002 atque
447 950 565 1002 ipsum
585 949 703 1002 potius
725 950 839 987 Deum
860 962 923 1000 per
942 946 1151 1000 proplietam
1164 976 1174 991 ,
1196 945 1276 984 illos

321 1024 435 1062 neque
452 1011 542 1049 bene
556 1024 667 1061 neque
679 1009 771 1048 male
787 1023 887 1061 posse
898 1009 1014 1046 facere
1024 1009 1041 1044 ,⁹
1057 1007 1178 1058 Atqui,
1193 1006 1275 1044 licet

321 1071 456 1111 mederi
478 1071 590 1110 velint
609 1084 649 1108 ac
669 1070 804 1123 possint
826 1068 937 1121 (quod
958 1069 1035 1107 sieri
1059 1067 1209 1119 nequit),
1228 1067 1276 1106 ob

323 1132 496 1170 lucellum
515 1131 638 1182 exigui
654 1131 824 1184 temporis
842 1130 1043 1183 periculum
1062 1138 1276 1167 :eternarum

321 1205 507 1245 poenarum
529 1190 625 1229 haud
641 1190 866 1229 subeundum
883 1199 946 1228 est.
960 1192 1099 1241 Corpus
1118 1189 1276 1237 curabis,

323 1262 361 1291 ut
372 1253 528 1290 animam
545 1251 701 1304 perdas?
715 1252 794 1289 Non
815 1250 985 1304 praeclara
1000 1258 1051 1288 est
1067 1248 1278 1287 nundinatio

321 1323 382 1352 tua
405 1329 414 1351 ε
435 1312 595 1366 corporis
615 1312 840 1351 conditorem
870 1311 1061 1351 exacerbas
1082 1312 1199 1349 Deum
1216 1339 1226 1357 ,
1244 1318 1278 1348 et

322 1373 542 1413 insidiatoris
575 1373 628 1412 tui
657 1373 837 1411 auxilium
857 1372 1039 1425 imploras.
1062 1374 1188 1409 Annon
1210 1370 1279 1409 hac

322 1436 458 1474 ratione
473 1444 618 1488 propter
638 1434 823 1473 medicinae
843 1434 1027 1472 scientiam
1048 1432 1147 1470 nullo
1174 1445 1281 1483 nego—

323 1498 374 1536 tio
396 1496 517 1548 quivis
534 1496 802 1549 superstitiosus
817 1495 924 1533 homo
935 1509 976 1533 eo
989 1503 1022 1532 te
1039 1492 1252 1547 pertraxerit
1268 1523 1278 1541 ‚

324 1557 484 1609 gentium
516 1556 601 1595 deos
624 1566 663 1595 ut
689 1556 845 1595 adores?
873 1557 966 1595 Nam
989 1554 1121 1594 ethnici
1141 1567 1283 1606 quoque

326 1619 454 1658 horum
472 1629 547 1658 arte
569 1619 714 1658 morbos
732 1633 829 1671 soepe
849 1625 1020 1657 curarunt
1039 1646 1049 1662 ,
1078 1625 1113 1655 et
1131 1624 1282 1667 aegrotos

325 1680 467 1719 sanitati
484 1681 726 1720 restituerunt.
738 1681 868 1719 ldeone
881 1678 1076 1732 impietatis
1090 1676 1284 1730 participes

1341 250 1363 280 A
1373 250 1549 281 RCHREP.
1588 249 1760 280 coxsTA
1768 248 1950 280 ΝΤΙΝΟΡ.

1345 337 1481 381 ζητεῑς;
1504 333 1595 372 “Οτε
1627 335 1675 377 είς
1700 333 1840 387 χοίρους
1869 334 2036 371 εἰσελθεῖν
2063 330 2186 374 αὐτοὺς
2208 331 2367 384 συνεχώ-

1348 398 1440 446 ρειὸ
1465 394 1636 447 Χριστὸς,
1663 394 1743 433 τότε
1773 396 1822 438 εἰς
1851 394 2004 445 πέλαγος
2036 393 2162 436 εὐθέως
2195 393 2367 431 κατεπόν-

1344 470 1446 494 τισαν
1469 470 1478 479 ·
1509 455 1733 508 ἀνθρωπείων
1764 455 1800 494 δὲ
1839 454 2018 507 φείσονται
2055 453 2259 503 σωμάτων;
2286 453 2369 492 Εἴθε

1345 517 1409 568 μὲν
1437 510 1496 556 οὖν
1520 517 1570 567 μὴ
1598 517 1845 562 ἀπεκτίννυον,
1867 516 1938 554 εἴθε
1965 515 2015 567 μὴ
2037 514 2279 554 ἐπεὸούλευον.
2297 514 2371 552 Τοῦ

1343 578 1558 630 παραδείσου
1589 577 1772 626 ἐξὲὅαλον,
1806 581 1869 624 τῆς
1894 579 2001 627 τιμῆς
2029 575 2273 626 ἀπεστέρησαν
2308 576 2371 620 τῆς

1344 640 1495 689 ἄνωθεν,
1526 640 1586 679 καὶ
1619 640 1661 678 τὸ
1692 643 1798 690 σῶμα
1829 639 2104 691 θεραπεύσουσι;
2134 637 2251 680 rim<
2279 639 2371 675 ταῦ-

1343 717 1389 740 τα
1411 702 1470 740 καὶ
1503 705 1617 752 μῦθοι.
1643 700 1908 740 Ἐπιὸουλεύειν
1930 700 1990 738 καὶ
2019 698 2308 743 καταῧλᾶπτειν,
2330 699 2370 736 οὐ

1345 762 1546 816 θεραπεύειν
1579 763 1694 802 ἴσασιν
1721 765 1753 802 οἱ
1782 762 1955 813 δαίμονες.
1982 763 2060 806 Τῆς
2091 762 2207 812 ψωχῆς
2231 760 2270 798 οὗ
2297 758 2372 810 φεί-

1346 827 1490 872 δονται,
1523 825 1584 863 καὶ
1612 826 1682 862 τῶν
1716 823 1917 874 σωμάτιον,
1947 822 2026 861 εἶπέ
2058 837 2138 872 μοι,
2170 820 2371 873 φείσονταις

1300 895 1325 926 C
1347 891 1409 934 τῆς
1444 886 1624 938 βασιλείας
1663 888 1901 937 ἐπιχειροῦσιν
1945 884 2128 930 excelsu,
2167 882 2227 921 καὶ
2263 897 2372 928 νοση-

1348 949 1468 998 μάτων
1501 947 1740 986 ἀπαλλάττειν
1772 946 1995 997 αἱρήσονταις
2024 945 2102 983 Οὐκ
2129 944 2282 990 ἤκουσας
2311 945 2373 981 τοῦ

1346 1008 1524 1060 προφήτου
1542 1008 1700 1058 λέγοντος
1711 1037 1720 1053 ,
1739 1009 1872 1057 μᾶλλον
1889 1006 1922 1045 δὲ
1943 1010 2004 1044 τοῦ
2022 1009 2115 1045 Θεοῦ
2133 1003 2191 1043 διὰ
2209 1007 2270 1042 τοῦ
2290 1017 2372 1055 προ-

1345 1071 1455 1121 φήτου
1470 1098 1479 1115 ,
1499 1069 1553 1108 ὅτι
1574 1069 1650 1108 οὐδὲ
1668 1072 1945 1120 ἀγαθοποιῆσαι,
1961 1069 2037 1106 οὐδὲ
2058 1068 2293 1112 κακοποιῆσαι
2313 1065 2373 1103 δύ-

1346 1145 1468 1168 νανται
1488 1145 1497 1175 ;
1519 1130 1564 1169 Ei
1595 1131 1629 1168 δὲ
1659 1131 1718 1168 καὶ
1745 1131 1916 1176 ἠδύναντο
1943 1129 2167 1181 θεραπεύειν,
2186 1127 2247 1166 καὶ
2268 1127 2371 1166 ἐδού-

1347 1193 1472 1234 λοντο,
1502 1190 1588 1243 ὅπερ
1621 1191 1816 1236 ἀδύνατον,
1856 1191 1948 1228 ἀλλὰ
1981 1191 2032 1228 δεῖ
2069 1205 2108 1228 σε
2146 1190 2196 1239 μὴ
2232 1187 2372 1241 κέρδοικ

1349 1255 1474 1304 μικροῦ
1497 1252 1557 1290 καὶ
1573 1253 1800 1303 φθειρομένου
1836 1252 1966 1302 ζημίαν
1990 1252 2165 1303 ἄφθαρτον
2195 1252 2255 1290 καὶ
2281 1251 2371 1290 αἰώ-

1347 1327 1419 1350 νιον
1445 1312 1739 1357 ἀνταλλάξασθαι.
1755 1314 1868 1363 Σῶμα
1884 1318 1898 1334 “
1911 1312 2137 1364 θεραπεύσεις
2148 1341 2159 1359 ,
2181 1312 2239 1350 ἵνα
2255 1313 2374 1365 ψυχὴν

1349 1373 1547 1426 ἀπολέσῃς;
1576 1375 1630 1412 Οὐ
1660 1373 1752 1421 καλή
1789 1389 1850 1412 σου
1877 1377 1900 1421 ἡ
1931 1373 2108 1425 ἐμπορία·
2134 1374 2195 1412 τὸν
2225 1374 2375 1419 ποιητὴν

1349 1438 1410 1472 τοῦ
1441 1433 1605 1484 σώματος
1633 1433 1855 1485 παροργίζεις
1886 1434 2002 1478 Θεὸν,
2037 1433 2096 1471 καὶ
2116 1433 2175 1472 τὸν
2202 1431 2264 1471 σὸν
2294 1432 2375 1471 ἐπί-

1351 1495 1475 1533 ὂουλον
1515 1496 1563 1538 εἷς
1595 1495 1780 1547 θεραπείαν
1821 1496 1998 1546 ἐπικαλῆ;
2042 1494 2111 1532 Καὶ
2143 1496 2219 1538 πῶς
2251 1493 2291 1532 σε’
2325 1509 2378 1537 τις

1353 1557 1397 1594 δι’
1414 1558 1520 1602 αὐτῆς
1547 1558 1609 1601 τῆς
1639 1557 1798 1606 ἰατρικῆς
1830 1556 2030 1606 ἐπιστήμης
2055 1555 2282 1605 δεισιδαίμων
2312 1555 2379 1593 ἄν·

1353 1621 1490 1669 θρωπος
1526 1615 1707 1663 Ἑλλήνων
1745 1619 1834 1660 θεοῖς
1868 1619 1933 1669 οὐχ
1969 1616 2110 1656 ἑλκύσει
2137 1619 2380 1668 προσκυνῆσαι

1355 1678 1504 1731 ῥαδίως,
1538 1677 1607 1716 Καὶ
1635 1678 1703 1729 γὰρ
1725 1680 1850 1717 ἐκεῖνοι
1881 1678 1996 1717 πολλὰ
2030 1678 2200 1722 πολλάκις
2230 1678 2287 1716 διὰ
2316 1680 2378 1724 τῆς

326 1743 485 1781 erimus?
500 1743 620 1782 Absit.
640 1742 734 1780 Audi
750 1741 838 1793 quid
853 1742 999 1794 Moyses
1012 1739 1150 1779 Judaeis
1162 1738 1280 1777 dicat:
1308 1759 1333 1789 ῃ
1357 1742 1469 1778 αὐτῶν
1485 1739 1611 1790 τέχνης
1629 1739 1813 1790 νοσήματα
1835 1740 2042 1786 ἀπήλασαν,
2060 1739 2119 1777 καὶ
2143 1739 2228 1792 πρὸς
2243 1739 2377 1790 ὑγίειαν

326 1805 369 1843 Si
398 1808 606 1843 surrexerit
616 1806 660 1841 in
681 1804 806 1841 medio
829 1806 887 1841 tui
896 1803 1086 1853 propheta
1104 1830 1114 1847 ,
1134 1808 1203 1838 aut
1225 1814 1285 1838 soa-

330 1869 484 1904 mm'ans
505 1878 700 1904 somnium
719 1894 729 1911 ,
751 1874 784 1902 et
803 1864 952 1902 dederit
973 1864 1040 1900 libi
1051 1864 1203 1914 signum
1219 1861 1288 1899 vel

324 1936 544 1978 portentum
565 1944 578 1973 ;
602 1929 844 1981 eveneritque
876 1929 1029 1978 signum
1047 1924 1116 1962 vel
1135 1932 1286 1975 porten-

329 1999 411 2028 tum
440 1990 546 2041 quod
575 1989 759 2039 loquutus
788 1996 868 2036 ese,
888 1996 923 2025 et
958 1987 1100 2025 dixerit
1132 1986 1187 2024 ad
1219 1994 1282 2023 te:

329 2052 479 2089 Eamus
510 2059 546 2089 et
566 2053 776 2088 serviamus
808 2050 883 2087 diis
903 2049 1065 2094 alienis,
1082 2061 1178 2099 quos
1207 2060 1286 2084 non

329 2120 509 2150 noi-erunt
523 2120 653 2163 patres
674 2113 795 2149 nostri
810 2126 823 2150 .·
843 2125 921 2147 non
949 2110 1132 2147 obedietis
1155 2110 1285 2147 verbis

329 2174 541 2225 prophetie,
555 2181 622 2210 aut
639 2174 886 2211 somniatoris
899 2174 910 2208 i
916 2171 1017 2208 llius,
1033 2172 1195 2218 Quorum
1207 2183 1286 2208 vcr-

332 2234 460 2272 borum
476 2233 549 2271 haec
559 2242 611 2271 est
629 2232 802 2271 sententia
817 2248 825 2268 ε
839 2231 877 2270 Si
899 2231 1070 2283 propheta
1089 2230 1283 2283 quispiam,

333 2294 462 2345 inquit,
483 2296 692 2339 surrexerit,
715 2302 747 2331 et
766 2295 909 2344 signum
925 2291 1091 2338 ediderit,
1108 2291 1165 2330 vel
1186 2306 1285 2330 mor-

334 2365 435 2393 tuum
458 2355 624 2394 excitarit
642 2386 651 2401 ‚
674 2355 729 2394 vel
751 2355 930 2407 leprosum
960 2354 1210 2401 inundaverit,
1230 2355 1287 2392 vel

332 2416 488 2456 debilem
509 2417 642 2456 sanarit
658 2447 667 2465 ‚
686 2417 859 2470 signoque
876 2415 972 2455 edito
991 2415 1037 2454 ad
1069 2416 1287 2468 impietatem

335 2488 368 2517 te
384 2479 546 2517 invitarit
566 2495 575 2518 ς
598 2493 640 2517 ne
658 2488 802 2531 propter
820 2478 912 2529 signi
933 2487 1100 2516 eventum
1125 2477 1286 2518 obedias.

336 2541 486 2589 Quare?
510 2542 650 2579 Tentat
668 2545 770 2578 enim
786 2549 823 2578 te
842 2541 1036 2578 Dominus
1051 2540 1158 2577 Deus
1178 2548 1286 2589 tuus,

335 2612 375 2640 ut
394 2603 602 2648 videat,an
619 2602 762 2653 diligas
776 2605 901 2654 ipsum
917 2616 965 2640 ex
985 2610 1059 2638 1010
1079 2601 1193 2639 corde
1210 2609 1289 2648 tuo,

335 2672 371 2702 et
386 2678 434 2701 ex
453 2673 533 2702 tota
551 2666 687 2702 anima
704 2672 787 2701 tua.
811 2662 918 2701 Unde
949 2671 1086 2701 constat
1111 2661 1290 2700 daemones

338 2739 404 2762 non
420 2724 569 2762 mederi.
583 2723 690 2772 Quod
704 2723 747 2771 si,
757 2725 831 2762 Deo
845 2723 1085 2776 permittente,
1098 2722 1292 2774 aliquando

339 2784 559 2830 medeantur,
576 2784 878 2836 quemadmodum
900 2784 1061 2823 homines
1076 2812 1086 2832 ‚
1107 2784 1293 2836 permissio

340 2845 405 2882 ista
425 2847 463 2883 tit
495 2845 539 2884 ad
561 2846 611 2883 tui
647 2846 927 2898 explorationem
943 2875 953 2893 ,
974 2860 1042 2884 non
1073 2844 1170 2897 quod
1198 2847 1294 2884 Deus

342 2906 472 2944 nesciat
489 2937 498 2953 ‚
518 2906 579 2945 sed
600 2917 638 2945 ut
670 2907 788 2946 discas
819 2921 878 2946 eos
897 2907 1005 2945 etiam
1036 2907 1163 2946 missos
1181 2908 1294 2945 facere

341 2965 522 3005 (liemon-'ts
542 2997 552 3013 ,
571 2968 631 3018 qui
646 2968 842 3006 medentur.
861 2970 912 3006 Ac
940 2967 1029 3019 quid
1049 2967 1094 3006 de
1117 2967 1292 3009 medicina

1306 3013 1354 3038 59⁹

1355 1800 1433 1844 τοὺς
1453 1801 1650 1849 κάμνοντας
1674 1801 1909 1852 ἐπανήγαγον.
1925 1800 1973 1839 Τί
1993 1795 2054 1839 οὖν
2068 1830 2077 1848 ,
2095 1802 2307 1845 κοινωνῆσαι
2327 1801 2378 1838 δεῖ

1355 1865 1418 1909 τῆς
1439 1862 1600 1906 ἀσεὸείας
1634 1862 1692 1902 διὰ
1723 1868 1844 1909 τοῦτο;
1867 1863 1928 1909 Μὴ
1963 1863 2109 1915 γένοιτο.
2138 1862 2312 1902 Ἄκουσον
2345 1863 2379 1901 τί

1356 1940 1460 1977 φησιν
1482 1924 1661 1967 Ἰουδαίοις
1686 1927 1704 1962 ὁ
1730 1926 1900 1970 Μωῦσῆς·
1919 1924 2006 1963 Ἐὰν
2029 1927 2164 1974 ἀναστῇ
2198 1924 2381 1976 προφήτης

1355 1987 1391 2024 ἐν
1410 1988 1492 2036 ὑμῖν
1509 2013 1518 2032 ,
1539 1986 1825 2035 ἐνυπνιαζόμενος
1849 1985 2026 2032 ἐνύπνιον,
2046 1986 2106 2024 καὶ
2121 1986 2171 2037 δῷ
2189 1991 2336 2035 σημεῖον
2355 1985 2379 2030 ἢ

1356 2047 1472 2099 τέρας,
1487 2047 1547 2086 καὶ
1566 2046 1649 2098 ἔλθῃ
1669 2048 1709 2086 τὸ
1725 2052 1870 2097 σημεῖον
1888 2046 1910 2093 ἢ
1928 2047 1968 2085 τὸ
1983 2047 2085 2100 τέρας
2102 2047 2121 2085 ὃ
2138 2048 2301 2094 ἐλάλησε,
2317 2049 2377 2087 καὶ

1356 2108 1438 2160 εἴπῃ
1458 2109 1544 2159 πρὸς
1571 2107 1630 2154 σὲ,
1650 2108 1759 2160 λέγων
1773 2123 1781 2131 ·
1801 2111 2025 2160 πορευθῶμεν
2046 2108 2105 2146 καὶ
2130 2108 2378 2160 λατρεύσωμεν

1357 2173 1444 2214 θεοῖς
1471 2169 1599 2221 ἑτέροις
1625 2163 1674 2214 οἷς
1700 2171 1761 2208 οὐκ
1788 2169 1931 2220 ᾔδεισαν
1961 2173 1992 2208 οἱ
2010 2170 2157 2221 πατέρες
2173 2172 2275 2220 ἡμῶν
2293 2172 2379 2209 ·οὗκ

1358 2231 1546 2271 ἀκούσεσθε
1565 2234 1628 2278 τῆς
1649 2233 1767 2283 φωνῆς
1790 2235 1850 2270 τοῦ
1870 2231 2050 2284 προφήτου
2063 2262 2073 2279 ,
2094 2231 2116 2278 ἢ
2136 2235 2197 2270 τοῦ
2214 2233 2381 2270 ἐνυπνια-

1357 2292 1502 2344 ζομένου
1522 2293 1562 2331 τὸ
1576 2293 1745 2332 ἐνύπνιον.
1762 2292 1812 2332 ‘¹0
1833 2292 1868 2330 δὲ
1887 2292 2004 2344 λέγει,
2020 2293 2176 2331 τοιοῦτόν
2191 2294 2307 2332 ἐστιν·
2323 2295 2384 2333 ἐάν

1358 2371 1410 2399 τις
1430 2357 1564 2406 ἀναστῇ
1591 2354 1789 2406 προφήτης,
1809 2353 1915 2406 φησὶ,
1937 2354 1997 2392 καὶ
2015 2354 2146 2406 ποιήσῃ
2174 2360 2319 2404 σημεῖον
2333 2382 2344 2400 ,
2362 2355 2385 2400 ἢ

1312 2430 1338 2461 Ε
1359 2417 1480 2467 νεκρὸν
1510 2416 1624 2468 ἐγείρῃ
1639 2446 1650 2462 ,
1672 2416 1838 2468 ἢλεπρὸν
1871 2415 2028 2468 καθάρῃ,
2049 2415 2198 2467 ἢπηρὸν
2221 2416 2386 2464 ἰάσηται,

1361 2478 1421 2516 καὶ
1437 2477 1528 2528 μετὰ
1548 2478 1589 2516 τὸ
1606 2479 1753 2523 ποιῆσαι
1777 2479 1817 2516 τὸ
1836 2483 2000 2527 σημεῖον,
2030 2476 2164 2529 καλέσῃ
2183 2493 2222 2516 σε
2243 2478 2290 2521 εἷς
2310 2479 2388 2518 ἀπ’·

1362 2539 1483 2586 θειαν,
1513 2538 1563 2588 μὴ
1595 2541 1739 2590 πεισθῇς
1773 2537 1832 2576 διὰ
1868 2537 1931 2584 τὴν
1962 2537 2105 2577 ἔκόασιν
2140 2542 2202 2576 τοῦ
2226 2538 2385 2589 σημείου.

1362 2601 1431 2640 Διὰ
1468 2600 1521 2646 τίς
1552 2601 1718 2651 Πειράζει
1745 2600 1813 2652 γάρ
1841 2615 1880 2638 σε
1904 2599 2031 2652 Κύριος
2050 2600 2174 2644 ὁΘεός
2195 2615 2257 2639 σου
2283 2600 2386 2646 ἰδεῖν,

1362 2664 1391 2700 εἰ
1418 2663 1557 2714 ἀγαπᾷς
1586 2661 1690 2699 αὐτὸν
1726 2661 1761 2706 ἐξ
1791 2662 1874 2707 ὅλης
1904 2665 1966 2707 τῆς
1993 2661 2139 2713 καρδίας
2163 2676 2245 2709 σου,
2263 2663 2325 2701 καὶ
2354 2663 2388 2708 ἐξ

1362 2723 1446 2770 ὅλης
1471 2725 1533 2768 τῆς
1563 2725 1680 2774 ψυχῆς
1698 2737 1773 2760 σου.
1799 2720 1908 2760 αΟθεν
1929 2722 2032 2766 δῆλον
2047 2751 2056 2769 ,
2081 2721 2134 2760 ὃτι
2158 2722 2321 2773 δαίμονες
2350 2726 2389 2763 οὗ

1365 2783 1624 2838 θεραπεύουσιν.
1668 2784 1710 2822 lii
1743 2783 1779 2821 δέ
1811 2797 1894 2821 ποτε
1935 2782 1994 2820 καὶ
2026 2787 2289 2835 συγχωροῦντος
2328 2787 2389 2824 τοῦ

1365 2847 1460 2885 Θεοῦ
1493 2844 1691 2896 ἐπιτύχοιέν
1722 2858 1812 2887 τινος
1841 2843 2045 2895 θεραπείας,
2069 2844 2228 2898 καθάπερ
2253 2845 2390 2899 ἄνθρω-

1366 2922 1452 2956 ποι,
1478 2908 1526 2950 εἰς
1557 2905 1705 2956 δοκιμὴν
1734 2905 1798 2952 τὴν
1825 2905 1890 2951 σὴν
1923 2908 1946 2951 ἠ
1979 2905 2205 2958 συγχώρησις
2234 2907 2390 2959 γίνεται,

1368 2971 1429 3008 οὐκ
1458 2967 1579 3014 ἐπειδὴ
1617 2967 1707 3011 Θεὸς
1739 2969 1876 3019 ἀγνοεῖ.
1909 2968 1986 3006 ἀλλ’
2015 2967 2071 3005 ἵνα
2105 2967 2147 3007 σὺ
2177 2969 2390 3021 παιδευθῇς,

344 3029 502 3080 eorporis
518 3029 670 3080 loquor?
685 3030 723 3067 Si
740 3029 821 3080 quis
838 3029 1034 3079 geliennam
1049 3028 1293 3078 mineturtibi‚
1319 3049 1344 3079 Α
1369 3029 1458 3081 μηδὲ
1487 3028 1747 3082 θεραπευόντων
1778 3028 1965 3080 ἀνέχεσθαι
1997 3031 2065 3067 τῶν
2100 3029 2289 3080 δαιμόνων.
2321 3031 2392 3069 Καὶ

347 3087 412 3125 nisi
432 3089 615 3127 Christum
637 3090 789 3140 abneges
803 3119 812 3135 ,
834 3105 920 3129 num
942 3105 1022 3129 eum
1040 3089 1207 3129 admittes
1226 3090 1244 3128 ?
1264 3090 1293 3128 si

347 3149 426 3196 quis
441 3163 587 3199 regnum
604 3152 799 3201 promittat,
816 3161 853 3189 ut
863 3151 909 3189 ab
921 3151 1104 3201 unigenito
1122 3151 1214 3189 Filio
1227 3151 1292 3190 Dei

349 3207 490 3246 deficias
504 3240 513 3255 ,
534 3211 634 3248 illum
667 3222 846 3250 aversator
865 3212 1018 3263 odioque
1036 3213 1261 3265 prosequitur
1281 3242 1292 3258 ,

350 3277 381 3304 et
400 3269 497 3306 Pauli
511 3270 708 3323 discipulus
723 3283 811 3320 esto;
825 3288 953 3325 casque
970 3288 1073 3314 voces
1091 3274 1293 3321 annotator,

401 3409 411 3419 ·
435 3398 566 3439 Aliquot
582 3401 655 3432 bh».
673 3407 854 3445 ‘up-miiaiin
868 3422 899 3438 a
913 3413 1006 3446 φύγῃ-ι
1020 3410 1166 3450 ἀπολίπῃς
1184 3420 1192 3445 ’,
1209 3411 1246 3443 ὡς
1263 3410 1351 3443 καὶὴ.

357 3449 445 3482 lustu
476 3450 600 3492 ιιΙίιμιυι
618 3452 646 3482 ‚u
654 3465 691 3483 aa.

712 3462 756 3486 tui
776 3466 833 3493 πῶς
863 3469 890 3488 σι
915 3472 955 3493 τις
973 3460 1008 3489 δι’
1038 3468 1124 3495 αιτῆς
1142 3467 1192 3495 τί..-
1219 3464 1354 3504 turpini„-

1368 3091 1402 3129 τί
1439 3090 1530 3142 λέγω
1560 3089 1747 3143 θεραπείαν
1781 3089 1964 3138 σώματοςς
1987 3089 2032 3128 lit
2064 3089 2117 3134 τίς
2157 3105 2212 3129 σοι
2244 3090 2387 3142 γέενναν

1369 3154 1527 3199 ἀπειλεῖ,
1555 3150 1647 3189 ὥστε
1678 3150 1896 3203 ἀρνήσασθαι
1923 3150 1980 3188 τὸν
2002 3150 2174 3202 Χριστὸν,
2192 3151 2241 3202 μὴ
2276 3167 2390 3190 κατα-

1369 3213 1447 3266 δέξῃ
1461 3227 1469 3235 ·
1495 3213 1528 3252 εί
1544 3229 1595 3255 τις
1622 3211 1802 3263 βασιλείαν
1820 3212 2093 3263 ίπαγγέλλοιτο,
2114 3211 2205 3252 ὥστε
2230 3214 2391 3260 ἀποστῆ-

1370 3291 1424 3313 ναι
1447 3274 1518 3313 ἀπὸ
1536 3278 1597 3313 τοῦ
1616 3275 1819 3324 μονογενοῦς
1837 3273 1920 3311 Υίοῦ
1939 3277 1999 3311 τοῦ
2017 3276 2127 3318 Θεοῦ,
2147 3272 2393 3326 ἀποστράφηθι

1387 3411 1550 3447 Initum-125
1567 3408 1753 3446 ὖιισιῖαίμων
1770 3402 1916 3442 filatim
1931 3409 2002 3440 own.-
2021 3409 2072 3446 οᾶχ
2090 3408 2213 3438 litun«.
2229 3403 2391 3449 1111·ngss-

1389 3466 1452 3489 tur·
1471 3472 1491 3491 π
1525 3465 1555 3490 π’
1571 3473 1610 3494 τις
1627 3466 1675 3495 τῆς
1698 3464 1780 3501 (2¹72.
1802 3462 1847 3491 in.
1869 3461 1957 3494 αὐτῆς
1974 3461 2058 3491 tutu
2076 3457 2129 3497 ὀ-]
