2513 3871
742 213 780 243 S.
818 212 1006 243 JOANMS
1041 212 1283 243 cnnt'sosr.
1325 213 1349 242 A

333 202 425 262 274

328 306 365 335 et
395 295 495 346 longi
523 301 604 332 sunt
621 301 656 331 et
675 292 890 331 insanabiles
908 308 918 330 ε
938 293 1068 332 borum
1087 306 1171 332 vero
1191 302 1287 332 uter-

331 370 401 408 quc
425 368 516 406 quos
543 353 772 405 occupaverit
787 382 798 402 ,
822 353 898 391 suis
917 353 1071 392 urbibus
1098 353 1256 392 eliminat
1275 382 1285 401 ,

333 429 448 467 neque
472 413 606 453 lavacri
625 427 706 463 eos,
740 427 856 465 neque
880 414 948 453 sori
964 444 976 464 ,
1010 428 1124 466 neque
1141 414 1289 454 alterius

334 475 533 527 cujuspiam
549 473 640 512 intra
652 473 759 526 positi
775 474 844 513 loci
859 475 1051 529 participes
1064 475 1145 514 ficri
1157 476 1213 515 sas
1224 485 1288 515 est.

336 536 457 585 Neque
484 533 580 573 istud
607 534 725 573 solum
747 535 914 574 acerbum
933 544 987 574 est
1001 565 1013 585 ,
1035 549 1163 575 verum
1181 536 1289 576 etiam
1313 561 1336 592 Β

336 595 431 647 quod
448 609 563 646 neque
581 594 762 635 confidere
781 606 943 648 possunt,
964 598 1161 637 necessaria
1179 598 1290 638 victui

335 657 405 695 sibi
423 670 491 695 non
505 655 683 695 defutura.
700 657 800 704 Quid
815 671 899 696 vero
912 657 993 696 illos
1007 671 1213 708 memorem,
1229 660 1289 711 qui

337 717 468 756 frustra
487 717 618 770 saepius
634 730 675 755 ac
694 717 770 755 sine
784 731 890 756 causa
904 718 952 756 ad
970 719 1112 758 metalla
1131 718 1290 759 damnati

336 776 448 814 sunt?
478 776 614 828 Nempe
632 775 690 814 isti
715 789 837 814 omnes
854 775 968 815 multo
986 776 1151 828 graviore
1168 776 1294 817 dolore

337 836 557 884 cruciantur,
574 849 683 887 quam
697 837 756 887 qui
774 850 794 875 a
807 837 970 877 daemone
984 837 1241 890 corripiuntur.
1253 839 1292 878 Si

336 911 422 936 vero
444 910 514 936 nou
533 896 663 947 eredis,
684 896 777 936 nihil
803 898 936 937 mirum
955 907 1023 938 ωε.
1047 900 1177 939 Nostra
1197 900 1292 939 enim

337 971 407 996 non
427 956 550 996 eadem
567 957 755 1006 sententia,
773 972 844 1010 qua
860 959 975 998 aliena
993 959 1220 1000 incommoda
1235 961 1294 1013 ju·

335 1017 458 1057 dicare
475 1018 748 1058 consuevimus:
763 1033 843 1059 cum
864 1020 926 1059 illa
944 1021 1091 1072 quidem
1106 1022 1217 1061 verbo
1238 1036 1295 1060 so-

335 1077 624 1131 lumetaspectu,
642 1087 759 1117 nostra
774 1093 859 1119 vero
872 1081 1116 1132 experimento
1125 1095 1168 1120 ac
1177 1095 1295 1130 sensu,

335 1151 418 1176 cum
435 1139 546 1178 nostri
563 1138 723 1192 ipsorum
740 1140 965 1180 miseratione
977 1142 1180 1194 conjuncta,
1196 1142 1294 1182 didi-

334 1197 501 1236 cerimus.
516 1201 631 1249 Atque
643 1197 780 1236 idcirco
796 1199 863 1236 ista
879 1199 1044 1248 graviora
1055 1214 1143 1247 esse,
1160 1201 1292 1239 minus·
1304 1207 1352 1232 ²²³

333 1271 404 1309 que
431 1258 630 1297 tolerabilia
649 1287 662 1306 ,
696 1272 807 1310 quam
835 1259 898 1297 illa
920 1273 1104 1299 censemus
1119 1290 1130 1307 ‚
1156 1263 1293 1301 tametsi
1316 1244 1339 1272 A

334 1315 439 1356 valde
455 1316 547 1355 levia
561 1325 644 1355 sunt
659 1326 693 1356 et
712 1317 924 1356 tolerabilia.
951 1319 991 1356 Si
1009 1332 1095 1358 vero
1115 1321 1293 1373 quispiam

332 1377 379 1415 ab
402 1377 570 1416 omnibus
599 1377 691 1416 liber
721 1377 868 1416 illorum
891 1387 1055 1418 naturam
1082 1379 1293 1432 diligentius

333 1435 546 1482 consideret,
567 1445 603 1476 et
618 1451 679 1476 eos
694 1438 757 1488 qui
775 1437 810 1475 in
831 1437 893 1476 illa
907 1437 1110 1478 inciderunt
1124 1441 1291 1480 animad-

333 1505 461 1546 vertat,
478 1496 538 1536 hic
553 1497 710 1550 profecto
730 1497 831 1537 nobis
851 1497 896 1537 dc
913 1498 1120 1551 hujusmodi
1135 1501 1222 1540 seret
1237 1502 1291 1541 in-

332 1564 538 1609 corruptam
553 1557 778 1596 sententiam.
800 1557 870 1598 Sed
888 1559 1037 1598 sortasse
1056 1559 1220 1600 dictums
1238 1575 1290 1610 es,

335 1631 456 1656 omnes
474 1617 554 1656 illos
572 1618 716 1657 morbos
735 1618 829 1658 circa
850 1633 982 1672 corpus
1000 1621 1136 1660 versari
1157 1622 1288 1668 solum,

333 1678 426 1717 lianc
438 1687 557 1717 autem
571 1688 702 1732 pestem
714 1681 828 1733 ipsam
843 1680 1000 1719 animam
1008 1682 1182 1734 attingere
1189 1683 1291 1732 ,illis-

330 1754 400 1791 que
418 1740 586 1779 omnibus
603 1754 678 1780 esse
693 1741 876 1781 diriorem.
897 1743 1036 1795 Nempe
1055 1742 1124 1782 hoc
1141 1743 1221 1796 ipso
1240 1745 1293 1782 in-

332 1801 459 1852 primis
473 1815 551 1840 eam
567 1801 791 1842 inveniemus
807 1802 880 1841 illis
900 1803 1068 1842 omnibus
1085 1818 1160 1843 esse
1178 1805 1290 1844 levio-

331 1875 418 1899 rem.
436 1863 557 1913 Ncque
574 1862 669 1901 enim
690 1863 767 1901 haec
783 1871 821 1900 ut
842 1863 898 1901 illi
918 1877 1048 1916 corpus
1076 1866 1287 1918 corrumpit,

330 1921 392 1960 sed
411 1922 528 1961 solum
546 1922 703 1961 animam
722 1922 825 1961 brevi
846 1932 1003 1976 tempore
1021 1926 1200 1976 exagitat:
1219 1940 1287 1965 οω-

332 1993 448 2022 terum
464 1983 518 2022 illi
536 1983 604 2036 ipsi
620 1983 752 2030 morbi,
773 1999 863 2035 quos
881 1984 988 2023 modo
1003 1987 1285 2036 numeravimus,

332 2058 414 2082 curn
443 2044 479 2083 in
510 2058 615 2083 carne
635 2045 846 2097 gignantur,
881 2060 958 2084 cam
987 2060 1130 2086 omnem
1151 2058 1287 2101 pestem

331 2118 402 2144 non
415 2113 559 2144 catenus
572 2105 715 2156 sistunt,
734 2120 859 2145 verum
871 2106 918 2145 ad
933 2107 1089 2146 animam
1105 2110 1289 2158 emittunt,

330 2174 533 2217 torquentes
549 2166 647 2205 illam
657 2167 808 2219 jugiter,
828 2177 862 2206 et
879 2182 943 2220 per
957 2168 1093 2208 doloris
1106 2184 1147 2208 ac
1161 2185 1288 2211 moero-

1313 1908 1334 1937 B

285 2247 315 2276 r,
331 2226 380 2265 ris
398 2226 539 2265 aculcos
557 2237 833 2280 corrumpentes.
859 2230 911 2267 Ut
930 2231 1032 2268 enim
1045 2259 1055 2279 ,
1075 2231 1207 2283 inquit,
1227 2234 1288 2272 ul-

329 2291 407 2327 ceri
427 2297 577 2326 acetum
598 2290 756 2327 minime
781 2293 977 2337 convenit,
1001 2293 1058 2329 ita
1076 2301 1111 2330 ee
1131 2296 1287 2333 morbus

329 2352 370 2386 in
389 2362 524 2401 corpus
554 2352 727 2388 invectus
743 2352 946 2402 perturbat
967 2365 1046 2390 cor.
1076 2354 1154 2392 Nou
1176 2354 1288 2407 igitui-

330 2407 364 2446 id
390 2409 506 2447 solum
528 2409 679 2459 dixeris,
697 2410 763 2448 hos
778 2419 916 2449 tantum
933 2413 1032 2465 gigni
1048 2427 1093 2452 ex
1110 2428 1257 2469 corpore
1271 2447 1282 2463 ,

327 2469 391 2508 scd
423 2469 513 2508 illud
550 2470 670 2523 potius
704 2471 850 2510 ostende
862 2503 872 2521 ‚
904 2488 976 2524 quo
1009 2484 1112 2527 pacto
1152 2486 1285 2529 pestem

328 2545 469 2570 omnem
486 2541 519 2570 ct
530 2531 796 2585 corruptionem
811 2532 858 2571 ad
873 2533 1029 2574 animam
1047 2550 1116 2575 non
1132 2539 1286 2578 mittant.

328 2593 474 2646 Quippe
493 2602 526 2633 ct
551 2593 658 2646 pestis
677 2608 759 2633 cum
783 2609 850 2634 non
874 2596 1044 2648 gignatur
1061 2613 1106 2637 ex
1127 2601 1286 2653 corpori—

327 2653 411 2704 bus,
433 2654 633 2707 corrumpit
652 2663 686 2693 ct
705 2655 823 2708 perdit
841 2671 1002 2710 corpora,
1023 2658 1194 2711 virusque
1213 2676 1285 2700 scr·

328 2724 490 2767 pentum,
505 2730 586 2754 cuin
601 2730 645 2755 ex
659 2716 710 2755 eis
725 2716 885 2769 prodeat,
900 2719 1017 2770 perdit
1031 2719 1114 2758 item
1131 2735 1196 2759 nos
1213 2737 1221 2758 ε
1239 2721 1285 2760 ita

328 2777 407 2815 etin
426 2776 481 2815 liis
493 2777 628 2816 morbis
643 2777 869 2817 sentiendum
884 2788 948 2825 cst,
961 2780 1024 2832 qui
1040 2795 1122 2820 cum
1138 2782 1287 2834 gignan—
1308 2787 1332 2817 C

329 2847 385 2875 tur
404 2851 449 2876 cx
468 2852 636 2889 corpore.
659 2838 804 2877 malitia:
822 2853 895 2878 sum
915 2854 1049 2880 venena
1075 2842 1109 2881 in
1129 2843 1285 2883 animam

329 2906 483 2937 nostram
500 2898 768 2938 transfundunt.
787 2900 895 2939 Omni
915 2915 1067 2954 namque
1085 2904 1287 2944 obsessione

327 2958 504 2998 diabolica
537 2960 713 3013 potentior
739 2969 791 2999 cst
818 2961 863 3000 ad
894 2963 1091 3003 nocendum
1125 2966 1286 3005 moeroris

329 3019 552 3070 magnitudo.
576 3023 738 3072 Namque
753 3031 786 3060 et
804 3021 943 3061 daemon
964 3038 1209 3078 quoscumque
1227 3041 1287 3066 su·

330 3091 424 3131 pei-at
443 3111 451 3126 ,
484 3096 544 3133 per
572 3096 757 3122 moerorem
778 3093 922 3135 superat
937 3099 945 3121 ε
962 3099 1042 3124 cum
1063 3087 1091 3124 si
1117 3088 1257 3127 aiiseras
1274 3118 1283 3133 .

330 3140 418 3178 niliil
436 3156 454 3177 a
473 3141 633 3180 ‹la-mone
648 3142 836 3195 quisquam
855 3143 936 3183 laetli
956 3146 1102 3198 poterit.
1127 3148 1173 3187 Et
1190 3162 1283 3200 quo·

330 3199 450 3247 modo,
473 3202 628 3253 inquies,
649 3202 724 3242 ficri
747 3213 884 3256 potest,
907 3214 946 3244 ut
967 3220 1117 3247 moerore
1136 3209 1285 3248 vacem?

332 3259 408 3309 Ego
424 3270 546 3298 eontra
571 3270 602 3297 tc
619 3262 858 3315 interrog-ibo,
877 3265 962 3315 quid
981 3281 1095 3306 caus-'e
1110 3279 1160 3307 ost
1179 3270 1276 3321 quod

374 3391 389 3414 Ι)
413 3391 538 3423 sav-1⁴⁴
558 3395 651 3426 wirot.-
669 3407 704 3430 μ.
724 3397 747 3421 ἦ.
771 3409 804 3425 ν,

810 3403 865 3428 τοῖς
886 3400 962 3428 ἐστι,

1358 214 1514 246 Remu?
1523 234 1533 244 .
1572 215 1934 248 CONSTANTmov.

1361 295 1545 350 ἀμφότερα
1572 297 1618 338 τὰ
1638 298 1822 349 νοσήματα
1841 300 1961 351 μακρά
1992 299 2030 339 τέ
2055 302 2130 340 ἐστι
2159 301 2220 339 καὶ
2239 300 2386 341 ἀνίατα·

1361 361 1503 415 θάτερον
1534 362 1572 403 δε
1604 365 1718 403 αὐτῶν
1752 365 1812 404 καὶ
1843 369 1907 412 τῆς
1927 366 2064 412 πόλεως
2085 368 2274 407 ἀπελαύνει
2309 367 2389 412 τοὺς

1362 429 1521 481 ἔχοντας,
1547 430 1608 470 καὶ
1626 430 1704 470 οὔτε
1722 433 1885 483 λουτροῦ,
1908 431 1987 471 οὔτε
2008 435 2150 485 ἀγορᾶς,
2175 434 2253 474 οὔτε
2279 434 2388 473 ἄλλου

1363 496 1454 540 τινὸς
1471 499 1541 536 τῶν
1568 496 1690 536 ιἔνδον
1716 499 1833 541 αὐτοῖς
1854 505 2044 550 μετασχεῖν
2064 499 2163 550 θέμις
2182 500 2289 539 ἐστίν.
2319 502 2389 541 Καὶ

1365 565 1405 602 οὗ
1426 567 1527 603 τοῦτο
1558 564 1663 615 μόνον
1694 566 1734 604 τὸ
1764 565 1890 610 δεινὸν,
1923 566 2001 604 ἀλλ’
2028 564 2082 604 ὅτι
2103 567 2182 606 οὐδὲ
2208 567 2297 620 ὓπὶρ
2323 571 2389 616 τῆς

1361 630 1431 667 τῶν
1448 631 1648 683 ἀναγκαίων
1666 631 1805 683 ἔχουσιν
1826 630 1990 683 ἀφθονίας
2005 634 2158 685 θαῤῥεῖν.
2172 631 2222 672 Τί
2239 632 2276 672 δὲ
2292 635 2325 671 οἱ
2343 632 2388 671 τὰ

1361 694 1521 745 μέταλλα
1542 699 1712 742 πολλάκις
1744 699 1819 749 εἰκῇ
1848 698 1907 736 καὶ
1937 698 2053 748 μάτην
2075 700 2389 745 καταδικασθέντες

1361 764 1467 801 οἰκεῖν
1481 779 1491 811 5
1506 757 1616 803 Οἷτοι
1634 765 1702 817 γὰρ
1721 767 1872 808 ἅπαντες
1887 765 2008 816 πολλῷ
2029 766 2170 816 μείζονα
2183 767 2253 805 τῶν
2270 767 2391 820 δαιμο·

1364 828 1503 868 νώντων
1528 831 1592 877 τὴν
1618 831 1742 878 ὀδύνην
1770 831 1927 883 ἔχουσιν.
1953 833 1998 871 Εἰ
2029 831 2065 870 δὲ
2088 833 2261 880 ἀπιστεῖς,
2294 834 2392 874 οὐδὲν

1364 897 1579 947 θαυμαστόν.
1602 900 1657 937 Οὐ
1674 899 1742 951 γὰρ
1761 900 1804 950 τῇ
1826 901 1914 951 αὐτῇ
1938 898 2062 951 γνώμῃ
2081 899 2127 939 τά
2145 915 2184 938 τε
2202 901 2316 940 οἰκεῖα
2333 902 2395 941 καὶ

1362 963 1406 1002 τὰ
1427 964 1594 1017 ἀλλότρια
1613 966 1743 1019 κρίνειν
1763 966 1937 1017 εἰώθαμεν
1966 966 2075 1013 κακὰ,
2089 967 2168 1005 ἀλλ’
2187 967 2305 1006 ἐκεῖνα
2330 966 2395 1019 μὲν

1362 1033 1456 1086 λόγῳ
1483 1033 1545 1071 καὶ
1576 1034 1653 1086 ὄψει
1675 1033 1779 1085 μόνον
1809 1034 1997 1085 μαθόντες,
2017 1038 2128 1072 ταῦτα
2159 1032 2196 1071 δε
2218 1037 2263 1086 τῇ
2286 1033 2393 1087 πείρα

1362 1100 1423 1138 καὶ
1444 1102 1488 1152 τῇ
1506 1102 1664 1148 αἰσθήσει
1702 1101 1761 1140 καὶ
1782 1101 1873 1152 μετὰ
1891 1104 1954 1148 τῆς
1973 1100 2193 1152 συμπαθείας
2222 1102 2286 1147 τῆς
2310 1102 2392 1140 tau·

1362 1169 1450 1204 τῶν·
1472 1166 1592 1219 διόπερ
1613 1168 1701 1207 αὐτὰ
1729 1168 1969 1220 ἆφορητότερα
1988 1162 2076 1206 εἶναι
2095 1167 2236 1206 ἐκείνοιν
2252 1166 2393 1219 νομίζο-

1363 1250 1441 1284 μεν,
1463 1235 1528 1272 κᾶν
1546 1235 1626 1274 λίαν
1644 1230 1667 1288 ’ᾗ
1689 1240 1800 1287 κοῦφα
1822 1235 1882 1273 καὶ
1902 1234 2051 1287 φορητά.
2070 1234 2112 1273 Εἰ
2128 1233 2166 1271 δέ
2185 1248 2237 1278 τις
2255 1233 2384 1273 τούτων

1360 1300 1502 1340 πάντων
1523 1302 1740 1354 ἀπαλλαγεὶς
1765 1302 1829 1349 τήν
1855 1318 1894 1341 τε
1919 1301 2021 1353 φύσιν
2043 1301 2156 1339 αὐτῶν
2175 1288 2388 1351 καταμάθοι,

1358 1368 1438 1413 τούς
1464 1385 1501 1407 τε
1532 1369 1748 1420 ἐμπεσόντας
1775 1372 1892 1412 αὐτοῖς
1923 1369 2166 1420 διασκέψαιτο,
2188 1361 2287 1411 οὗτος
2308 1368 2388 1408 ἀδέ-

1358 1451 1487 1474 καστον
1501 1435 1590 1488 ὑπὲρ
1605 1436 1736 1475 τούτων
1756 1436 1842 1475 οἴσει
1861 1436 1924 1483 τὴν
1944 1437 2060 1488 ψῆφον
2079 1439 2181 1486 ἡμῖν.
2199 1435 2291 1474 Ἀλλ’
2306 1435 2388 1481 ἴσως

1359 1505 1470 1542 ἐκεῖνο
1493 1505 1597 1555 ἐρεῖς,
1614 1503 1668 1543 ὅτι
1692 1504 1809 1543 πάντα
1832 1503 1894 1555 μὲν
1917 1505 2031 1542 ἐκεῖνα
2050 1502 2095 1542 τὰ
2115 1502 2212 1550 πάθη
2241 1502 2322 1556 περὶ
2347 1505 2389 1543 τὸ

1358 1571 1463 1621 σῶμα
1481 1570 1668 1623 στρέφεται
1687 1571 1804 1623 μόνον,
1822 1571 1910 1618 αὕτη
1932 1570 1969 1609 δὲ
1985 1573 2048 1617 τῆς
2063 1572 2180 1622 ψυχῆς
2198 1570 2348 1610 ἅπτεται
2363 1574 2385 1618 ἡ

1358 1637 1470 1685 νόσος,
1498 1638 1558 1676 καὶ
1582 1638 1714 1677 τούτων
1742 1638 1883 1677 πάντων
1916 1638 1990 1678 ἐστὶ
2022 1638 2267 1692 χαλεπωτέρα.
2282 1640 2387 1692 Αὐτῷ

1360 1704 1424 1754 μὲν
1457 1698 1514 1742 οἶν
1541 1703 1655 1756 τούτῳ
1688 1704 1844 1755 μάλιστα
1883 1704 1991 1752 αὐτὴν
2022 1705 2213 1756 εὑρήσομεν
2243 1705 2384 1745 ἐκείνων

1359 1771 1570 1824 κουφοτέραν
1588 1771 1843 1824 τυγχάνουσαν.
1855 1771 1950 1818 Αὕτη
1968 1772 2031 1822 μὲν
2046 1769 2115 1824 γὰρ
2129 1771 2207 1811 οὐδὲ
2221 1772 2263 1810 τὸ
2279 1773 2383 1822 σῶμα

1359 1838 1561 1890 διαφθείρει,
1583 1839 1741 1890 καθάπερ
1761 1841 1906 1882 ἐκεῖναι.
1928 1838 1987 1876 καὶ
2007 1840 2050 1890 τῇ
2075 1840 2172 1890 ψυχῇ
2191 1838 2278 1891 πρὸς
2297 1840 2385 1891 βρα-

1357 1904 1423 1958 χὺν
1460 1907 1597 1957 ἐνοχλεῖ
1637 1905 1760 1958 χρόνον
1777 1922 1784 1930 ·
1822 1906 1861 1950 ἃς
1888 1905 1924 1944 δὲ
1954 1905 2280 1958 ἀπηριθμησάμεθα
2313 1909 2384 1950 νῦν,

1357 1972 1499 2025 φύονται
1522 1973 1585 2024 μὲν
1612 1975 1647 2012 ἐν
1669 1975 1712 2026 τῇ
1733 1973 1852 2026 σαρκὶ,
1872 1972 1937 2020 τὴν
1965 1973 2000 2011 δὲ
2027 1972 2144 2023 λύμην
2174 1973 2317 2012 ἅπασαν
2345 1972 2383 2012 ού

1358 2040 1483 2093 μέχρις
1512 2041 1646 2087 ἐκείνης
1674 2044 1842 2093 ἱστῶσιν,
1875 2041 1967 2081 ἀλλὰ
1996 2041 2056 2080 καὶ
2086 2041 2144 2080 ἐπὶ
2175 2040 2238 2088 τὴν
2266 2039 2384 2094 ψυχὴν

1357 2107 1651 2159 παραπέμπουσι,
1672 2108 1903 2161 στρείλοῧσαι
1923 2107 2032 2155 αὐτὴν
2053 2111 2207 2161 συνεχῶς
2224 2108 2285 2147 καὶ
2306 2108 2384 2147 δια-

1356 2175 1556 2228 φθείρουσαι
1574 2174 1631 2213 διὰ
1650 2177 1712 2221 τῆς
1729 2175 1852 2223 ὀδύνης
1868 2175 1927 2214 καὶ
1944 2178 2007 2222 τ’ἧς
2034 2174 2182 2225 ἀθυμίας
2209 2179 2271 2223 τῆς
2300 2176 2384 2214 πολ-

1356 2243 1431 2289 λῆς.
1449 2241 1592 2294 Ὥσπερ
1609 2242 1692 2295 γὰρ,
1709 2242 1828 2295 φησὶν,
1848 2241 1922 2287 ὄξος
1936 2242 2030 2281 ἕλκει
2060 2241 2274 2295 ἀσύμφορον,
2288 2241 2382 2281 οὕτω

1356 2310 1554 2363 προσπεσὸν
1568 2311 1678 2355 πάθος
1700 2312 1736 2348 ἐν
1753 2309 1893 2361 σώματι
1922 2309 2068 2362 καρδίαν
2089 2311 2203 2348 λυπεῖ.
2226 2308 2288 2355 Μὴ
2313 2308 2382 2347 τοί·

1355 2394 1412 2417 νυν
1427 2377 1480 2417 ὅτι
1497 2379 1567 2418 ἀπὸ
1581 2381 1641 2417 τοῦ
1661 2376 1825 2428 σώματος
1842 2380 1945 2417 τοῦτο
1971 2376 2129 2415 τίκτεται
2152 2373 2233 2427 λέγε
2258 2375 2381 2427 μόνον,

1355 2444 1434 2483 ἀλλ’
1453 2445 1482 2483 εἰ
1514 2445 1563 2496 μὴ
1588 2445 1822 2498 παραπέμπει
1847 2443 1912 2491 τὴν
1930 2443 2046 2495 λύμην
2075 2443 2218 2482 ἅπασαν
2235 2441 2296 2481 καὶ
2316 2441 2381 2489 τὴν

1353 2511 1482 2564 φθορὰν
1501 2515 1544 2564 τῇ
1566 2515 1677 2564 ψυχῇ,
1691 2516 1793 2550 τοζτο
1812 2510 1995 2556 ἐπίδειξον.
2019 2509 2124 2549 Ἐπεὶ
2145 2509 2206 2548 καὶ
2220 2511 2240 2548 ὁ
2258 2508 2379 2559 λοιμὸς

1354 2578 1416 2615 οὗκ
1432 2577 1502 2616 ἀπὸ
1517 2579 1584 2615 τῶν
1602 2577 1776 2627 σωμάτων
1793 2575 1996 2627 τικτόμενος
2013 2574 2144 2628 φθείρει
2157 2573 2201 2613 τὰ
2216 2572 2380 2623 σώματα,

1352 2643 1448 2683 καὶὸ
1476 2646 1546 2682 τῶν
1569 2646 1724 2695 ἑρπετῶν
1754 2643 1803 2686 ἰὸς
1830 2641 1968 2694 πρόεισι
1994 2641 2057 2692 μὲν
2078 2640 2113 2686 ἐξ
2143 2639 2298 2687 ε’κείνων,
2316 2641 2379 2678 λυ-

1355 2709 1519 2761 μαίνεται
1538 2709 1574 2749 δὲ
1588 2714 1601 2730 ‘¹
1613 2711 1707 2759 ἡμᾶς
1721 2724 1727 2730 ·
1747 2707 1839 2745 οὕτω
1855 2707 1915 2746 καὶ
1933 2708 1990 2746 ἐπὶ
2006 2707 2135 2746 τούτων
2157 2709 2224 2746 τῶν
2241 2709 2375 2745 παθῶν·

1354 2777 1508 2817 τίκτεται
1526 2776 1590 2828 μὲν
1605 2775 1747 2814 ἀπὸτοῦ
1767 2773 1942 2826 σώματος.
1964 2774 2023 2812 τὸν
2038 2774 2073 2813 δὲ
2096 2774 2144 2813 ἰὸν
2163 2776 2224 2820 τῆς
2251 2773 2380 2816 οἰκείας

1355 2842 1480 2886 κακίας
1508 2843 1555 2885 εἷς
1585 2840 1647 2888 τὴν
1673 2839 1788 2892 ψυχὴν
1816 2837 1879 2885 τὴν
1909 2837 2085 2891 ἡμετέραν
2120 2839 2229 2890 ἐκχεῖ.
2258 2836 2384 2883 Πάσης

1354 2904 1421 2956 γὰρ
1441 2903 1647 2954 δαιμονικῆς
1674 2898 1846 2953 ἐνεργείας
1867 2899 2131 2951 βλαῦεριῖιτερον
2157 2902 2180 2946 ἡ
2208 2901 2270 2946 τῆς
2289 2900 2379 2937 ἀθυ-

1355 2965 1439 3016 μίας
1466 2963 1643 3016 ὓπερὸολή
1665 2978 1672 2986 ·
1697 2961 1774 3001 ἐπεὶ
1794 2961 1854 2999 καὶ
1880 2963 1898 2998 ὁ
1918 2960 2052 3012 δαίμων
2074 2962 2108 2999 ἑν
2127 2954 2176 3005 οἷς
2193 2959 2232 2999 ἂν
2255 2960 2382 3012 κρατῇ,

1354 3027 1410 3066 διὰ
1428 3026 1559 3074 ταύτης
1581 3029 1725 3077 κρατεῖ·
1746 3023 1811 3062 κᾶν
1831 3021 1961 3068 ταύτην
1993 3022 2134 3074 ἀφέλῃς,
2163 3020 2261 3060 οὗδὶν
2289 3022 2375 3070 παρ’

1353 3088 1483 3127 ἐκείνου
1511 3084 1669 3126 πείσεταί
1687 3101 1738 3129 τις
1757 3083 1879 3122 δεινόν.
1901 3084 1970 3122 Καὶ
1992 3085 2064 3127 πῶς
2082 3083 2131 3122 ἔνι
2149 3082 2199 3134 μὴ
2220 3085 2379 3134 ἀθυμεῖν,

1355 3149 1476 3203 φησίν,
1507 3147 1605 3199 Ἰἰγὼ
1639 3145 1677 3185 δέ
1712 3161 1750 3185 σε
1785 3145 1954 3198 ἐρήσομαι
1983 3175 1992 3190 ,
2032 3148 2106 3188 πῶς
2146 3145 2208 3183 οὐκ
2240 3142 2291 3182 lvi
2329 3143 2379 3195 μὴ

1354 3212 1520 3262 αὈυμεῖνς
1543 3211 1584 3250 lii
1606 3209 1668 3259 μὲν
1696 3208 1765 3260 γὰρ
1787 3207 1928 3258 μοιχεία
1957 3208 2014 3244 καὶ
2048 3206 2159 3259 φόνος,
2186 3204 2210 3252 ἢ
2237 3205 2322 3244 ἄλλο
2347 3205 2382 3242 τί

1355 3287 1408 3310 σοι
1426 3275 1579 3310 τοιοῦτον
1600 3268 1810 3319 τετόλμηται
1837 3271 1905 3303 τοῖιν
1927 3267 2151 3305 ἐκκλειόντων
2180 3268 2242 3312 τῆς
2274 3267 2379 3315 βασι-

1418 3410 1428 3423 ¹
1454 3399 1568 3432 Morvl.
1591 3406 1668 3442 ἡμὴ,
1688 3398 1740 3430 ulli
1758 3404 1848 3440 ἡμῧς.
