2549 3825
894 271 949 298 1)ιί
989 272 1007 299 S
1017 273 1036 299 ,Χ
1045 272 1067 300 C
1076 271 1125 300 [ill
1134 271 1263 300 DOTtO
1274 291 1281 299 .

166 356 228 404 ψαι
250 354 421 404 ουνάμενα
442 355 587 403 μᾶλλον
599 352 657 391 διὰ
670 352 801 390 τούτων
820 368 896 395 τους
914 354 947 390 ἐν
965 359 1034 396 τοῖς
1050 354 1184 405 κρότοις

165 415 326 467 θορύῧους
347 414 552 465 ὠνούμενος.
573 413 837 490 Ἀμφοτέρωθεν
861 417 918 451 οὖν
940 415 1081 467 ἰσχυρὸν
1097 419 1183 453 εἰναι

164 475 221 514 τὸν
242 476 383 527 ἄριστον
401 476 554 527 ἅργοντα
570 476 636 523 δεῖ,
653 475 709 512 ι’να
727 474 775 524 μὴ
793 474 926 526 θατέρι)
944 476 1119 526 θάτερον
1101 491 1184 513 ανα·

164 537 348 588 τρέπηται.
384 537 495 575 Οταν
527 537 595 588 γὰρ
628 536 780 579 ἀναστὰς
812 537 847 573 ἓν
877 552 926 573 τι)
956 536 1077 589 μέσῳ,
1096 537 1182 588 λέγῃ

164 599 208 636 τὰ
238 614 314 641 τους
335 598 497 650 ῥαθύμως
517 601 647 643 ζωντας
678 596 906 648 ἐπιστύψαι
887 611 1085 647 ουναμενα,
1110 601 1184 635 εἶτα

164 659 366 711 προσπταίῃ
399 660 459 697 καὶ
485 659 739 706 διακόπτη,ται
762 659 821 696 καὶ
857 659 924 696 ὑπὸ
959 662 1021 705 τῆς
1055 658 1185 700 ἐνδείας

164 720 324 772 ἐρυθριᾷν
352 721 612 770 ἀναγκάζηται,
634 719 774 772 διερρύη
809 720 848 757 τὸ
872 719 991 771 κέρδος
1023 721 1092 756 τῶν
1122 721 1185 756 λε-

165 780 318 832 χθέντων
350 781 486 824 εὐθέως.
526 784 573 819 Οἱ
601 780 667 833 γὰρ
701 781 965 830 ἐπιτιμηθέντες
1001 782 1185 830 ἀλγοῦντες

164 848 233 885 τοῖς
254 842 467 895 εἰρημένοις,
487 842 545 879 καὶ
575 843 636 879 οὐκ
665 841 802 892 ἔχοντες
824 842 925 879 αὐτὸν
946 840 1072 890 ἑτέρως
1092 839 1184 889 ἀμύ-

163 906 300 951 νασθαι,
319 909 389 945 τοῖς
404 906 466 948 τῆς
485 902 635 951 ἀμαθίας
656 902 756 939 αὐτὸν
786 902 954 952 βάλλουσι
973 900 1184 951 σκώμμασι,

162 966 294 1010 τούτοις
324 966 473 1016 οἰόμενοι
495 965 539 1003 τὰ
569 968 700 1003 ἑαυτῶν
737 965 934 1009 συσκιάζειν
966 966 1093 1012 ὀνείδη.
1122 965 1186 1003 Διὸ

162 1027 429 1079 χρὴ,καθάπερ
457 1026 535 1064 τινὰ
564 1025 704 1077 ἡνίοχον
735 1026 897 1077 ἄριστον,
920 1028 968 1068 εἷς
1002 1027 1184 1078 ἀκρίὸειαν

163 1088 292 1126 τούτων
312 1094 326 1109 ⁰
339 1087 543 1140 ἀμφοτέρων
562 1087 658 1134 ἥκειν
678 1090 747 1125 τῶν
768 1089 907 1134 καλῶν,
925 1087 981 1125 ἵνα
1001 1087 1185 1139 ἀμφότερα

162 1150 248 1200 πρὸς
267 1150 305 1188 τὸ
333 1150 408 1187 δέον
429 1151 523 1200 αὐτῷ
544 1148 799 1200 μεταχειρίζειν
821 1147 894 1200 ἐξῇ.
920 1149 988 1186 Καὶ
1001 1149 1084 1223 γὰρ
1101 1149 1183 1188 ὅταν

164 1210 266 1254 αὐτὸς
298 1210 532 1256 ἀνεπίληπτος
560 1209 671 1247 ἅπασι
702 1225 866 1260 γενηται,
885 1209 964 1248 τότε
998 1210 1184 1257 δυνήσεται

163 1287 206 1321 με
195 1271 240 1309 -0’
259 1271 342 1319 ὅσης
364 1271 572 1322 βούλεταιέξ
576 1269 692 1314 ουσίας
707 1269 767 1307 καὶ
785 1269 870 1308 κολ
851 1272 942 1314 αζειν
963 1271 1022 1308 καὶ
1053 1271 1184 1310 ἀνιέναι

163 1349 243 1375 τους
262 1332 321 1371 ὑπ’
344 1335 437 1370 αὐτι)
460 1347 692 1382 ταττομένους
711 1332 888 1374 ἅπαντας·
917 1333 986 1384 πρὸ
1005 1333 1039 1370 δε
1062 1333 1183 1370 τούτου

163 1396 226 1432 οὐκ
246 1393 394 1446 εὐμαρὲς
413 1397 524 1432 ταῦτα
550 1399 672 1431 ποιεῖν.
698 1392 774 1439 Τὴν
796 1393 830 1431 δὲ
865 1394 1125 1446 μεγαλοψυχίαν
1146 1395 1183 1432 οὐ

165 1454 271 1506 μέχρι
289 1457 352 1500 τῆς
369 1457 438 1493 τῶν
472 1454 624 1492 ἐπαίνων
647 1453 838 1505 ὑπεροψίας
867 1453 1091 1492 desi-muctam
1113 1454 1182 1506 χρὴ

165 1516 266 1565 μόνον
280 1547 289 1563 ,
312 1517 400 1554 ἀλλὰ
416 1516 476 1554 καὶ
495 1515 694 1567 περαιτέρω
712 1515 879 1566 προάγειν
893 1544 902 1562 ,
925 1515 982 1554 ἵνα
1007 1515 1056 1566 μὴ
1077 1517 1183 1554 πάλιν

162 1576 281 1620 ἀτελὲς
301 1571 324 1628 ᾖ
341 1578 380 1616 τὸ
399 1577 529 1629 κέρδος.

213 1761 317 1806 Τίνος
347 1754 405 1798 οὖν
439 1762 549 1799 δεῖται
582 1761 641 1798 καὶ
675 1764 712 1799 ἑτ
700 1760 793 1814 έρου
826 1767 1083 1815 καταφρονεῖν;
1106 1763 1183 1801 Βα-

161 1822 304 1866 σκανίας
334 1822 393 1860 καὶ
425 1822 558 1874 φθόνου.
593 1822 668 1865 Ιὰς
703 1821 738 1860 δὲ
771 1822 940 1875 ἀκαίρους
970 1823 1183 1874 κατηγορίας

159 1883 246 1926 (καὶ
276 1883 344 1935 γὰρ
365 1883 499 1935 ἀνάγκη
521 1884 578 1923 τὸν
598 1899 804 1937 προεστωτα
826 1885 1008 1936 μέμψεις
996 1885 1182 1935 υπομένειν

161 1945 307 1996 ἀλόγους
327 1945 432 1994 )οὔτε
454 1945 615 1997 ἀμέτρως
631 1945 821 1984 δεδοικέναι
843 1961 903 1983 και
924 1946 1081 1998 τρέμειν,
1105 1945 1182 1984 οὔτε

156 2006 276 2050 ἅπλῶς
295 2012 452 2059 παρορᾷν
473 2006 601 2044 καλόν·
624 2007 716 2045 ἀλλὰ
734 2006 804 2059 χρὴ
817 2037 826 2055 ,
846 2023 911 2044 καν
939 2008 1076 2059 ψευοεῖς
1095 2023 1181 2058 τυγ-

156 2067 310 2119 γάνωσιν
333 2071 456 2113 οὖσαι,
477 2068 540 2106 κᾶν
567 2068 663 2120 παρὰ
684 2071 754 2106 τῶν
786 2068 961 2120 τυχόντων
980 2071 1066 2119 ἡμῖν
1093 2068 1181 2106 εποί-

156 2143 304 2178 γωνται,
323 2133 511 2182 πειρασθαι
543 2129 723 2168 σὸεννύναι
754 2129 890 2181 ταχέως
921 2129 1038 2172 αὐτας.
1069 2129 1179 2168 Οὐοεν

155 2188 221 2240 γὰρ
239 2188 346 2234 οὕτως
375 2189 467 2234 αὔξει
486 2190 606 2242 φήμην
626 2190 781 2243 πονηράν
807 2207 846 2228 τε
874 2191 933 2228 καὶ
956 2190 1089 2242 ἀγαθὴν
1103 2221 1112 2238 ,
1134 2193 1180 2234 ὡς

156 2250 196 2288 τὸ
213 2253 344 2298 πλῆθος
364 2251 404 2290 τὸ
424 2251 571 2290 ἄτακτον
583 2265 591 2273 ·
616 2252 859 2294 ἀῧασανίστως
878 2253 946 2303 γὰρ
962 2253 1025 2289 καὶ
1043 2253 1179 2291 ἀκούειν

157 2311 216 2349 καὶ
234 2313 414 2351 θέκλαλεῖν
432 2314 549 2358 εἰωθὸς
563 2343 574 2362 ,
597 2315 716 2357 ἁπλῶς
731 2314 771 2351 τὸ
791 2314 934 2351 ἐπελθὸν
962 2313 1054 2351 ἅπαν
1073 2315 1176 2366 φθέγ-

156 2388 273 2424 γεται,
292 2376 356 2420 τῆς
388 2374 551 2420 ἀληθείας
583 2374 704 2412 οὐδένα
727 2373 932 2424 ποιούμενον
964 2374 1080 2424 λόγον.
1110 2375 1178 2413 Διὰ

155 2440 264 2473 ταῦτα
284 2437 321 2474 οὗ
343 2437 393 2473 δεῖ
418 2437 487 2472 τῶν
515 2437 654 2473 πολλῶν
684 2441 933 2488 καταφρονεῖν,
953 2435 1044 2473 ἀλλὰ
1065 2438 1177 2487 ἀρχο-

156 2496 260 2545 μένας
288 2496 409 2540 εὗθέως
439 2496 621 2534 ἐκκόπτειν
655 2495 716 2539 τὰς
737 2495 886 2547 ὑποψίας
913 2495 973 2538 τὰς
1004 2497 1176 2547 πονηρὰς,

153 2556 317 2595 πείθοντα
334 2557 412 2601 τοὺς
431 2559 683 2609 ἐγκαλοῦντας,
710 2556 774 2594 κᾶν
797 2556 1014 2607 ἀλογώτατοι
1034 2557 1175 2596 πάντων

153 2612 239 2666 εἶεν,
258 2618 317 2657 καὶ
338 2617 446 2668 μηδὲν
465 2618 553 2661 ὅλως
586 2618 755 2657 ἐλλείπειν
775 2620 844 2656 τῶν
877 2618 1045 2671 ἀφανίσαι
1075 2620 1176 2657 δυνα-

153 2677 266 2726 μένων
286 2677 386 2722 δόξαν
406 2679 492 2716 ῡούκ
523 2678 675 2729 ἀγαθήν’
698 2676 740 2724 ἢν
765 2677 800 2716 δὲ
816 2706 825 2723 ,
844 2677 961 2716 πάντα
987 2677 1174 2716 ποιούντων

152 2740 270 2788 ἡμῶν,
292 2738 340 2789 μὴ
361 2738 507 2777 θέλωσιν
523 2740 554 2776 οἱ
575 2738 793 2791 μεμφόμενοι
810 2738 1011 2785 πείθεσθαι,
1029 2738 1069 2776 τὸ
1084 2755 1179 2785 τηνι-

153 2802 266 2837 καῧτα
285 2807 529 2852 καταφρονεῖν.
554 2799 621 2844 Ὡς
641 2801 700 2839 ἐὰν
719 2801 834 2852 φθάσῃ
856 2817 908 2844 τις
928 2804 1177 2839 ταπεινοῦσθαι

152 2865 223 2904 τοῖς
243 2860 485 2912 συμπτώμασι
504 2861 648 2906 τούτοις,
665 2863 702 2900 οὗ
722 2861 908 2908 δυνήσεταί
921 2877 1005 2900 ποτε
1024 2862 1177 2914 γενναῖόν

151 2936 184 2959 τι
206 2921 266 2960 καὶ
285 2922 483 2973 θαυμαστὸν
515 2925 696 2962 ἀποτεκεῖν
711 2937 718 2945 ·
742 2927 763 2970 ἡ
795 2923 862 2975 γὰρ
883 2923 1014 2974 ἀθυμία
1044 2924 1103 2962 καὶ
1141 2925 1176 2961 αἱ

151 2990 306 3035 συνεχεῖς
329 2985 504 3036 φροντίδες
525 2985 633 3023 δειναὶ
649 2984 860 3022 καταὸαλεῐν
875 2987 990 3038 ψυχῆς
1007 2985 1151 3033 δύναμιν
1164 3014 1172 3029 ,

150 3044 208 3081 καὶΙ
230 3046 277 3086 εἷς
309 3044 489 3084 ἀσθένειαν
510 3051 722 3097 καταγαγεῖν
757 3045 818 3092 τὴν
849 3046 1015 3098 ἐσχάτην.
1051 3046 1176 3089 Οὕτως

151 3098 208 3142 οὗν
228 3104 296 3156 χρὴ
314 3106 372 3143 τὸν
400 3106 494 3158 ἱερέα
514 3107 708 3144 διακεῖσθαι
729 3107 813 3158 πρὸς
833 3106 911 3150 τοὺς
933 3107 1148 3159 ἀρχομένους
1162 3139 1171 3154 ,

149 3164 268 3216 ὥσπερ
293 3165 334 3204 ἂν
366 3165 396 3203 εἴ
420 3182 470 3209 τις
507 3166 623 3218 πατὴρ
649 3167 732 3218 πρὸς
760 3169 888 3210 παῖδας
911 3168 998 3214 ἄγαν
1024 3167 1169 3214 νηπίους

152 3225 321 3264 διακέοιτο
333 3240 340 3248 ·
362 3226 420 3265 καὶ
435 3226 593 3280 καθάπερ
608 3227 748 3266 ἐκείνων
765 3228 841 3266 οὔτε
854 3228 1077 3279 ὓὸριζόντιιιν,
1090 3229 1166 3266 οὔτε

229 3364 370 3396 Servilius
387 3373 418 3397 et
437 3366 558 3408 aliquot
580 3368 793 3410 Manium-ripn
816 3374 994 3413 ἀμφοτέρων
1011 3372 1150 3406 ἐληλακέ-

150 3431 192 3447 ναι
213 3427 270 3449 τὼν
287 3423 394 3450 καλιὴν.

191 3468 204 3486 ·’
229 3469 289 3499 Alii
305 3472 524 3503 bruhta-ammi.
542 3470 629 3502 lustu
646 3470 698 3502 ulii
715 3474 753 3504 :121
767 3476 811 3502 mi
825 3475 938 3516 hisnu.
960 3471 1058 3502 l'wtlo
1077 3480 1148 3514 pust

1322 273 1409 300 ΗΒ.
1453 272 1495 300 v,
2118 257 2207 319 509

1257 352 1302 391 ad
1322 354 1503 392 meliorem
1524 356 1664 407 frugem
1678 354 1845 393 reducere
1863 354 1989 408 possit,
2003 356 2141 394 mavult
2157 364 2209 393 ta·

1256 428 1336 452 men
1361 414 1585 453 delectabilia
1613 416 1796 467 proferre,
1829 415 1916 454 dum
1948 416 2141 468 populares
2172 417 2208 453 in

1208 484 1231 514 C
1256 475 1460 527 plaudendo
1477 477 1652 514 tumultus
1667 476 1838 514 lucretur.
1851 477 1886 514 Is
1908 477 2028 527 itaque
2043 477 2103 528 qui
2119 477 2210 529 opti-

1256 550 1336 573 mus
1352 537 1474 588 populi
1493 537 1621 575 ductor
1635 539 1777 575 futurus
1792 539 1850 586 sit,
1867 548 2057 589 utrumque
2071 539 2210 576 fortiter

1256 606 1371 634 teneat
1393 607 1552 665 oportet,
1581 608 1619 635 ut
1648 613 1691 636 ne
1709 599 1859 636 alterum
1882 600 1993 637 altero
2013 609 2204 637 evertatur.

1257 657 1349 694 Cum
1372 658 1466 695 enim
1494 658 1530 696 in
1558 659 1675 696 medio
1702 674 1850 711 surgens
1874 674 1913 697 ea
1938 660 2097 707 dixerit,
2129 675 2208 711 quae

1256 717 1403 768 ignavos
1426 719 1660 770 perstringere
1687 720 1842 771 possint,
1862 721 1890 758 si
1917 720 2048 758 deinde
2067 721 2210 759 labatur

1256 787 1288 815 et
1308 777 1463 826 decidat,
1479 794 1520 816 ac
1534 794 1605 831 prae
1622 779 1767 818 dicendi
1788 781 1908 832 inopia
1929 781 2135 819 erubescere
2151 796 2209 820 co-

1257 848 1373 890 gatur,
1389 841 1464 892 jam
1482 840 1662 877 dictorum
1679 841 1820 879 lucrum
1838 844 1957 880 statim
1973 842 2100 879 effluit.
2118 843 2209 879 Nam

1256 901 1318 950 qui
1343 901 1606 953 corripiuntur,
1623 901 1712 939 dum
1735 902 1780 940 de
1804 903 1910 940 dictis
1929 902 2051 940 dolent
2065 931 2074 947 ‚
2094 917 2157 940 nec
2175 917 2211 940 se

1257 961 1327 999 alio
1347 961 1454 1000 modo
1476 962 1600 1000 ulcisci
1620 972 1782 1014 possunt,
1802 963 2039 1015 ignorantiam
2061 963 2128 1016 ipsi
2149 978 2212 1002 ex·

1256 1023 1441 1075 probrant,
1455 1023 1521 1062 hac
1538 1034 1701 1076 putantes
1715 1039 1751 1062 se
1765 1026 1901 1062 ratione
1915 1025 2108 1077 opprobria
2123 1034 2214 1076 tege-

1257 1098 1294 1121 re
1321 1098 1399 1122 sua.
1424 1085 1669 1130 Quamobrem
1689 1095 1829 1138 oportet
1851 1100 1930 1123 eum
1962 1100 2023 1123 ceu
2049 1085 2213 1137 aurigam

1257 1142 1434 1194 optimum
1455 1143 1547 1181 inter
1569 1144 1632 1182 has
1654 1145 1806 1183 virtutes
1826 1155 1990 1182 accurate
2008 1145 2212 1197 procedere,

1209 1212 1234 1240 D
1257 1212 1296 1240 ut
1319 1213 1506 1254 utramque
1531 1205 1599 1242 rite
1627 1215 1775 1243 tractare
1801 1207 1926 1258 possit.
1956 1206 2100 1244 Etenim
2129 1221 2211 1244 cum

1257 1264 1318 1301 ille
1333 1278 1369 1302 se
1389 1265 1486 1316 apud
1506 1280 1627 1303 omnes
1649 1267 1874 1318 inculpatum
1895 1267 2109 1318 praestiterit,
2126 1276 2211 1305 tune

1257 1335 1388 1374 quanta
1412 1335 1583 1378 potestate
1602 1327 1778 1377 voluerit,
1803 1328 1966 1365 subditos
1990 1342 2071 1365 suos
2090 1342 2210 1366 omnes

1256 1400 1322 1437 pro
1344 1387 1458 1425 lubitu
1480 1388 1535 1425 vel
1561 1389 1754 1440 castigare,
1778 1389 1835 1426 vel
1856 1388 2039 1426 remissius
2059 1397 2211 1427 tractare

1256 1447 1398 1498 polerit.
1416 1450 1491 1487 Hoc
1508 1449 1575 1487 nisi
1596 1450 1697 1501 prius
1713 1458 1853 1501 agatur,
1875 1449 1972 1486 haud
1987 1450 2082 1487 factu
2098 1450 2134 1487 id
2150 1451 2209 1487 sa-

1256 1508 1322 1545 cile
1347 1510 1463 1547 suerit.
1493 1511 1611 1547 Animi
1638 1524 1744 1562 porro
1773 1510 2056 1559 magnitudinem
2080 1524 2149 1548 non
2173 1511 2209 1548 in

1254 1568 1405 1608 laudum
1426 1580 1604 1609 contemtu
1626 1580 1766 1608 tantum
1788 1571 1957 1608 exhihere
1976 1586 2040 1623 par
2063 1581 2127 1619 est,
2148 1571 2210 1609 sed

1255 1632 1404 1670 ulterius
1421 1632 1735 1684 progrediendum,
1751 1646 1794 1669 ne
1805 1632 2050 1683 imperfectum
2069 1632 2207 1670 lucrum

1254 1693 1412 1734 accedat.

1306 1754 1500 1803 Quodnam
1531 1755 1643 1807 igitur
1673 1755 1774 1793 aliud
1798 1755 2094 1792 contemnendum
2121 1756 2206 1793 est?

1254 1815 1367 1854 Livor
1388 1826 1421 1854 et
1442 1816 1592 1855 invidia.
1618 1817 1889 1870 Intempestivas
1913 1826 2032 1854 autem
2057 1831 2206 1855 accusa-

1253 1877 1365 1915 tiones
1393 1883 1556 1926 (neeesse
1583 1878 1718 1930 quippe
1740 1887 1792 1915 est
1813 1877 2006 1914 antistitem
2033 1877 2206 1916 absurdas

1253 1939 1359 1976 ctiam
1393 1940 1682 1992 reprehensiones
1710 1940 1907 1986 sustinere)
1940 1953 2053 1989 neque
2078 1939 2204 1978 admo-

1253 1999 1338 2038 dum
1359 2001 1482 2038 timere
1500 2001 1775 2052 formidareque,
1794 2014 1905 2050 neque
1920 2014 2064 2052 prorsus
2086 2000 2207 2051 negli-

1205 2082 1229 2112 Ε
1253 2075 1334 2113 gere
1349 2063 1516 2100 convenit
1533 2062 1613 2100 :sed
1627 2062 1765 2100 etiamsi
1777 2061 1847 2099 illae
1862 2061 1959 2098 falsae
1973 2061 2056 2107 sint,
2070 2061 2207 2099 etiamsi

1251 2137 1269 2160 a
1290 2123 1439 2174 plebeiis
1450 2125 1659 2168 offerantur,
1678 2124 1798 2162 statim
1818 2137 1876 2160 eas
1895 2123 2122 2174 exstinguere
2142 2137 2207 2161 co-

1251 2183 1408 2221 nandum
1428 2194 1492 2223 est.
1518 2184 1617 2223 Nihil
1641 2185 1736 2222 enim
1760 2184 1809 2221 ita
1829 2184 1960 2221 famam
1981 2197 2041 2221 scu
2058 2183 2205 2229 bonam,

1249 2259 1309 2282 seu
1324 2246 1451 2282 malam
1469 2255 1589 2296 auget,
1608 2255 1645 2283 ut
1662 2244 1936 2296 incompositum
1955 2244 2086 2296 vulgus
2103 2260 2111 2281 ε
2126 2259 2206 2283 cum

1250 2306 1344 2343 enim
1366 2306 1440 2343 sine
1468 2307 1632 2344 examine
1655 2315 1690 2343 et
1708 2305 1836 2343 audire
1858 2314 1891 2342 et
1913 2307 2050 2355 garrire
2069 2306 2203 2351 soleat,

1249 2376 1378 2404 temere
1393 2367 1571 2418 quidquid
1585 2367 1740 2404 occurrit
1756 2366 1930 2416 loquitur,
1946 2366 2044 2403 nulla
2059 2380 2205 2418 prorsus

1249 2428 1326 2466 veri
1356 2428 1492 2466 ratione
1524 2428 1659 2466 habita.
1697 2427 1940 2473 Quamobrem
1971 2440 2039 2464 uon
2067 2436 2204 2478 oportet

1249 2489 1382 2540 vulgus
1394 2498 1630 2534 contemnere,
1641 2488 1700 2526 sed
1715 2502 1842 2540 pravas
1853 2487 2072 2539 suspiciones
2085 2488 2204 2526 statim

1192 2540 1294 2605 ‘fab
1321 2551 1421 2588 initio
1447 2550 1678 2597 exscindere,
1707 2559 1926 2587 recusatores
1955 2548 2000 2586 de
2024 2549 2204 2586 contrario

1248 2611 1516 2663 persuadendo,
1543 2611 1682 2648 etiamsi
1707 2610 1759 2648 illi
1790 2624 1808 2646 a
1832 2610 1966 2647 ratione
1993 2609 2203 2648 alienissimi

1252 2673 1321 2710 sint
1344 2689 1350 2709 :
1374 2673 1518 2710 demum
1546 2671 1636 2709 nihil
1660 2680 1753 2708 retro
1782 2670 1982 2721 relinquere
2010 2671 2199 2719 convenit,

1249 2734 1344 2784 quod
1366 2748 1511 2786 prawam
1529 2733 1732 2784 opinionem
1748 2731 1865 2768 delere
1881 2731 1988 2782 possit
2011 2747 2018 2767 :
2034 2731 2087 2768 siu
2105 2745 2202 2777 vero,

1249 2805 1434 2848 postquami
1454 2794 1571 2832 omnia
1592 2793 1875 2845 praestiterimus,
1893 2792 2006 2829 nuliut
2021 2802 2202 2830 accusato-

1248 2872 1303 2894 res
1331 2871 1462 2894 morem
1496 2870 1634 2906 gerere,
1667 2864 1749 2891 tuuc
1789 2863 1968 2891 contemtu
1999 2867 2090 2905 opus
2116 2863 2198 2892 erit.

1248 2915 1549 2968 Quandoquidem
1565 2916 1591 2953 si
1607 2915 1686 2966 quis
1700 2914 1841 2951 easilms
1855 2913 2062 2964 hujusmodi
2080 2914 2200 2952 animo

1246 2978 1447 3029 dejiciatur,
1460 2978 1488 3014 is
1501 2990 1694 3026 numquam
1707 2975 1831 3027 poterit
1843 2974 2028 3026 quidpiam
2040 2976 2199 3024 generosi

1247 3039 1301 3077 vel
1316 3038 1518 3075 admirandi
1537 3045 1712 3088 pra-stare.
1735 3037 1822 3072 Nam
1842 3049 1972 3072 niu-ror
1987 3035 2097 3072 animi
2113 3035 2200 3072 axsi-

1245 3099 1397 3150 duaeque
1428 3097 1686 3136 sollicitudines
1722 3096 1830 3133 animi
1867 3097 1940 3133 vim
1981 3106 2200 3147 prosternere

1246 3170 1403 3212 possunt,
1431 3170 1464 3198 et
1493 3159 1526 3196 iu
1547 3168 1742 3196 extreumm
1770 3157 2049 3195 imbecillitatem
2077 3157 2195 3195 dmin-

1241 3242 1330 3265 eere.
1352 3229 1412 3264 Sue
1430 3226 1538 3275 igitur
1551 3233 1687 3277 oportet
1706 3223 1920 3261 sacerdotem
1935 3238 2018 3274 erga
2035 3222 2197 3262 subditos

1188 3367 1241 3399 alni
1258 3375 1293 3400 ἀ,-
1482 3382 1607 3411 ·⁴1''¹s¹<⁴·'·

1231 3427 1239 3437 ¹
1268 3419 1326 3451 Alli
1344 3423 1487 3461 lyr-‹hw-

1232 3484 1242 3495 *t
1276 3471 1327 3502 &lii
1344 3476 1373 3503 ο)

1308 3375 1396 3411 ιῖ,,’.ο.ι.’
1412 3383 1477 3399 ιιι,
1627 3378 1707 3398 tutus
1726 3381 1850 3409 ⁸·¹¹‘⁰*'.⁴)
1869 3382 1912 3402 ag,

1383 3488 1389 3497 ··
1410 3478 1515 3508 ςὶλιζθη.

2225 487 2256 516 3.
2266 487 2415 515 Utrolibet

2225 530 2400 561 deficiente.

2225 571 2340 598 inutilis
2361 580 2414 607 po-

2225 614 2294 651 pulo
2311 615 2378 641 erit.

2281 1782 2312 1823 4.
2331 1787 2412 1816 Imi-

2243 1826 2320 1854 diam
2343 1838 2413 1854 con-

2303 1875 2413 1896 {emunt

2222 1916 2349 1947 oportet.
