2549 3825
815 246 1107 277 companatio
1146 246 1271 277 REGIS
1307 247 1362 277 ET

177 330 339 383 φανέντες
372 328 505 371 οὐδενὸς
531 326 746 379 ὀφθαλμοὺς,
764 325 785 372 ἢ
819 327 947 378 κομιδῇ
976 342 1016 377 γε
1046 327 1170 377 ὀλίγων
1188 357 1198 375 ,

176 392 261 443 πρὸς
276 389 415 432 ἑαυτοὺς
431 386 662 427 ἕλκουσι.Καὶ
677 386 806 425 τούτων
832 389 893 437 μὲν
920 388 1028 430 οὐδεὶς
1056 387 1095 424 ἂν
1114 390 1196 426 ἐπιᾖ

177 451 341 502 θυμήσειε
354 449 513 501 γενέσθαι
529 448 646 499 ὅμοιος
663 478 671 492 ,
700 447 837 485 ἐκείνων
866 447 901 486 δὲ
919 447 1068 491 ἅπαντες
1082 461 1090 468 ·
1115 447 1194 485 καί·

175 528 229 551 τοι
249 528 287 563 γε
310 510 510 550 δυναστείαν
540 508 601 560 μὲν
621 509 836 556 κτήσασθαι,
856 509 915 546 καὶ
949 508 1063 560 ἀρχὴν
1084 508 1197 552 ἔθνους

175 573 309 617 λαὸεῖν,
328 570 483 624 χαλεπόν
508 586 545 609 τε
563 570 623 608 καὶ
655 575 726 612 τοῖς
754 571 894 613 πολλοῖς
927 569 1095 608 ἀδύνατον
1108 599 1117 617 ,
1136 569 1197 607 καὶ

176 635 314 673 πολλῶν
337 633 376 670 ἂν
394 634 542 679 δεηθεῖεν
565 631 759 683 χρημάτων
779 633 811 668 οἱ
826 632 888 676 τῆς
906 633 1017 682 ἀρχῆς
1040 630 1196 683 ἐρασταί·

175 695 214 733 τὸ
231 694 266 732 δὲ
283 694 417 746 μονήρη
440 693 513 744 βίον
533 693 685 740 ἑλέσθαι,
704 692 763 730 καὶ
781 695 824 744 τῇ
854 696 912 731 τοῦ
934 695 1025 731 Θεοῦ
1051 693 1198 746 λατρεία

177 757 294 806 συζῆν,
307 762 413 793 πᾶσιν
424 754 551 804 ὁμοίως
562 752 705 806 εὔπορόν
717 768 754 790 τε
766 753 826 790 καὶ
840 752 967 804 ῥᾴδιον.
981 753 1050 790 Καὶ
1061 756 1124 799 τῆς
1134 753 1197 803 μὲν

177 819 289 867 ἀρχῆς
306 819 328 862 ἡ
345 818 466 861 κτῆσις
480 818 529 867 τῷ
554 814 617 866 βίῳ
635 814 746 865 τούτῳ
772 814 1084 865 συνδιαφθείρεται,
1103 815 1198 865 μᾶλ-

175 879 234 914 λον
255 876 289 915 δὲ
312 876 370 914 καὶ
390 878 521 920 ζῶντας
537 875 776 925 ἀπολιμπάνει
791 874 870 918 τοὺς
889 875 1197 928 ἑαυτῆςὲραστὰς,

1400 248 1619 279 monem.
2137 240 2220 296 143

1271 328 1474 366 institutum
1493 329 1724 382 delegerunt,
1755 329 1984 383 despicabilis
2015 342 2067 371 est
2087 349 2096 370 ε
2119 342 2228 385 atque

1272 388 1322 425 illi
1343 389 1487 439 quidem
1505 391 1593 428 dum
1613 391 1704 429 foras
1732 392 1933 444 prodeunt,
1965 393 2010 432 ad
2043 409 2118 433 sese
2136 409 2228 433 con-

1271 448 1419 486 tuendos
1438 451 1613 501 populum
1636 452 1755 503 ipsum
1787 463 1997 492 convertunt
2015 472 2022 492 :
2044 455 2084 494 hi
2110 465 2228 494 autem

1270 508 1385 546 sicubi
1416 511 1668 561 apparuerint,
1700 513 1833 551 nullius
1864 516 2013 562 oculos,
2045 525 2105 553 aut
2134 526 2229 555 certe

1220 575 1245 604 D
1271 583 1546 621 perpaucorum,
1574 571 1621 609 ad
1646 573 1701 609 sui
1729 576 1969 624 spectaculum
1998 576 2170 615 trahunt:
2194 587 2228 616 et

1271 639 1438 682 praeterea
1456 631 1584 669 horum
1603 633 1723 670 nullus
1740 634 1867 672 similis
1886 649 1959 673 esse
1982 638 2224 689 concupiscat,

1271 692 1417 729 illorum
1453 706 1535 730 vero
1566 707 1698 731 omnes.
1730 697 1959 746 Quamquam
1985 699 2227 749 principatum

1273 767 1444 803 quaerere,
1457 755 1569 804 gentis
1588 756 1740 807 alicujus
1762 756 1912 808 imperio
1931 758 2052 808 potiri,
2072 759 2226 798 arduum

1272 828 1354 852 sane
1385 829 1426 852 ac
1453 829 1559 867 supra
1592 817 1799 868 vulgarium
1831 817 2020 856 hominum
2055 820 2166 868 vires,
2187 835 2227 858 ac

1271 890 1424 926 quorum
1442 877 1580 915 animos
1596 878 1735 930 imperii
1755 893 1856 917 amor
1872 881 2025 928 incessit,
2039 881 2083 918 iis
2098 895 2227 932 magna

176 937 243 984 ἤδη
259 937 296 976 δέ
309 952 403 980 τινας
418 937 478 975 καὶ
490 939 537 980 εἷς
548 936 702 973 κίνδυνον
718 935 860 987 με’γανῆ
874 935 1010 979 ἀδοξίαν
1026 935 1257 985 κατέστη-,Π
1272 937 1419 988 pecunia
1439 951 1546 990 opus:
1568 940 1799 977 monasticam
1819 955 1907 980 vero
1938 942 2048 979 vitam
2070 942 2200 994 eligere
2214 972 2226 991 ,

176 1012 246 1036 σεν·
266 1002 284 1037 6
303 999 339 1036 δὲ
361 999 515 1048 μονήρης
536 998 609 1049 βίος
637 1001 693 1035 νῦν
717 1013 754 1035 τε
772 998 912 1035 πολλῶν
933 998 1071 1048 ἀγαθῶν
1107 999 1198 1035 ἀνα-

176 1059 356 1109 πίμπλησι
370 1058 446 1102 τοὺς
464 1059 627 1106 δικαίους,
646 1059 706 1096 καὶ
725 1058 814 1108 μετὰ
833 1058 895 1105 τὴν
913 1062 972 1097 τοῦ
993 1058 1068 1109 βίου
1082 1060 1200 1097 τελευ-

175 1120 238 1167 τὴν
270 1119 453 1171 λαμπροὺς
485 1119 545 1158 καὶ
577 1119 768 1171 χαίροντας
807 1119 864 1157 ἐπὶ
902 1119 942 1157 τὸ
973 1119 1198 1172 δικαστήριον

176 1183 252 1232 ἄγει
273 1185 331 1219 τοῦ
351 1186 366 1202 ⁵¹
387 1183 479 1219 Θεοῦ
507 1181 567 1219 καὶ
590 1180 747 1232 Πατρὸς,
781 1180 837 1218 ὅτε
867 1184 936 1218 τῶν
966 1180 1143 1232 ἀρξάντων
1166 1183 1197 1219 οἱ

175 1242 313 1286 πλείους
334 1243 488 1294 μεγάλην
509 1242 720 1294 ὀφθήσονται
740 1242 890 1286 διδόντες
918 1245 988 1279 τῶν
1020 1242 1198 1293 βεὸιωμέ-

175 1319 242 1342 νων
267 1304 329 1350 τὴν
351 1304 462 1351 δίκην.
491 1303 587 1354 Φέρε
615 1303 657 1349 δὴ
677 1302 892 1355 παραθέντες
911 1303 1075 1349 ἀλλήλοις
1095 1304 1139 1342 τά
1159 1320 1197 1342 τε

177 1367 243 1410 τῆς
262 1364 467 1416 φιλοσοφίας
493 1363 621 1415 ἀγαθὰ,
642 1364 686 1401 τά
702 1380 740 1402 τε
758 1365 924 1402 δοκοῦντα
949 1358 1038 1401 εἶναι
1057 1364 1197 1416 χρηστὰ

176 1429 239 1472 τῆς
255 1428 288 1464 ἐν
309 1429 358 1479 τῷ
377 1426 523 1478 παρόντι
553 1426 618 1478 βίῳ
637 1427 838 1469 δυναστείας
860 1426 919 1464 καὶ
947 1426 1058 1474 δόξης,
1085 1443 1197 1465 κατα-

177 1487 345 1537 μάθωμεν
360 1487 399 1525 τὸ
415 1487 576 1540 διάφορον
596 1486 769 1538 ἑκατέρων
787 1490 855 1525 τῶν
875 1488 1025 1539 ἀγαθῶν“
1051 1488 1197 1541 παράλ-

174 1547 266 1593 ληλα
281 1547 348 1598 γὰρ
368 1547 466 1585 ἔσται
482 1547 716 1599 φανερώτερα·
738 1548 869 1597 μᾶλλον
897 1548 947 1595 δὲ,
964 1551 994 1586 εἶ
1011 1550 1116 1596 δοκεῖ,
1132 1549 1195 1595 τὴν

175 1608 327 1660 κορυφὴν
348 1611 417 1646 τῶν
435 1611 588 1658 ἀγαθῶν,
609 1607 669 1655 τὴν
694 1607 875 1658 βασιλείαν
895 1609 1005 1660 λέγω,
1026 1613 1070 1661 τῇ
1093 1612 1194 1661 φιλο-

174 1669 280 1720 σοφίᾳ
309 1668 545 1721 παραθέντες,
576 1668 806 1720 θεωρήσωμεν
846 1669 1013 1722 ἑκατέρας
1042 1670 1197 1716 κτήσεως

173 1729 251 1773 τοὺς
277 1729 453 1781 καρποὺς,
481 1729 742 1779 καταμαθόντες
774 1730 927 1781 ἀκριδῶς
959 1730 1061 1767 τίνων
1090 1730 1152 1777 μὲν
1179 1735 1196 1770 6

176 1791 337 1842 βασιλεὺς
350 1821 360 1839 ,
380 1790 481 1829 τίνων
508 1790 544 1829 δὲ
568 1793 586 1828 6
601 1789 784 1843 φιλόσοφος
801 1791 915 1843 ἄρχει.
938 1793 1075 1829 Οὐκοῦν
1095 1794 1112 1829 ὁ
1132 1792 1195 1843 μὲν

174 1851 336 1903 βασιλεὺς
363 1853 488 1890 πόλεσι
520 1851 579 1890 καὶ
611 1851 744 1904 χώραις
764 1852 824 1889 καὶ
843 1854 985 1896 πολλοῖς
1005 1852 1194 1904 ἐφέστηκεν

173 1914 306 1960 ἔθνεσι,
325 1912 384 1950 καὶ
413 1911 631 1963 στρατηγοὺς
661 1911 720 1949 καὶ
747 1912 926 1965 ὑπάρχους
958 1913 1018 1951 καὶ
1046 1913 1194 1965 στρατό-

172 1975 262 2012 πεδα
289 1973 349 2012 καὶ
367 1973 496 2023 δήμους
518 1973 578 2012 καὶ
608 1972 734 2024 βουλὰς
766 1979 838 2016 τοῖς
871 1976 994 2013 ἑαυτοῦ
1027 1973 1194 2024 νεύμασιν

174 2036 278 2087 ἄγων·
296 2038 313 2073 6
328 2035 363 2073 δὲ
382 2037 464 2087 Θεῷ
481 2033 641 2078 δεδωκὼς
653 2035 791 2081 ἑαυτὸν,
814 2035 874 2073 καὶ
892 2036 949 2074 τὸν
967 2036 1101 2088 μονήρη
1121 2036 1194 2087 βίον

173 2096 366 2148 ᾑρημένος,
399 2099 507 2145 θυμοῦ
536 2096 595 2133 καὶ
629 2095 752 2147 φθόνου
784 2096 845 2134 καὶ
877 2097 1108 2149 φιλαργυρίας
1136 2096 1197 2135 καὶ

174 2158 299 2204 ἡδονῆς
321 2156 380 2195 καὶ
399 2159 467 2194 τῶν
485 2156 600 2195 ἄλλων
621 2157 722 2209 ἄρχει
738 2160 871 2204 κακῶν,
893 2161 1033 2196 σκοπῶν
1066 2158 1119 2196 ἀεὶ
1137 2160 1196 2196 καὶ

178 2218 378 2271 φροντίζων,
390 2217 483 2262 ὅπως
493 2217 532 2255 ἂν
551 2217 600 2268 μὴ
617 2219 859 2271 συγχωρήσειε
875 2222 917 2270 τῇ
933 2222 1027 2271 ψυ7ᾒ
1043 2220 1112 2258 ὑπὸ
1125 2224 1196 2262 τοῖς

179 2282 337 2332 αἰσχροῖς
355 2279 513 2331 γενέσθαι
533 2278 677 2325 πάθεσι,
699 2280 788 2329 μηδὲ
809 2281 1022 2326 δουλωθῆναι
1047 2281 1105 2319 τὸν
1131 2282 1196 2318 λο-

177 2341 302 2392 γισμὸν
323 2340 498 2390 τυραννίδι
527 2347 659 2391 πικρᾷ,
690 2341 767 2378 ιῖιλλ7
788 2341 952 2392 ἀνωτέρω
979 2342 1121 2380 πάντων
1144 2343 1197 2380 ἀεὶ

179 2401 243 2448 τὴν
270 2401 423 2439 διάνοιαν
452 2400 546 2452 ἔχοι,
566 2401 624 2438 τὸν
652 2405 713 2438 τοῦ
744 2403 836 2439 Θεοῦ
866 2402 971 2453 φόὸον
1004 2402 1198 2448 ἐπιστήσας

179 2468 251 2506 τοῖς
267 2462 404 2500 πάθεσι.
423 2460 598 2508 Τοιαύτην
617 2460 679 2512 μὲν
708 2455 766 2499 οῦν
785 2465 802 2500 6
834 2462 1013 2513 βασιλεὺς,
1033 2464 1197 2510 τοιαύτην

180 2523 216 2562 δὲ
233 2525 251 2561 6
272 2522 424 2574 μοναχὸς
452 2522 563 2574 ἀρχὴν
589 2523 648 2561 καὶ
667 2523 870 2560 δυναστείαν
901 2523 1085 2570 κέκτηται,
1107 2524 1198 2563 ὥστε

180 2583 394 2636 δικαιότερον
422 2584 463 2622 ἄν
483 2599 535 2626 τις
563 2587 684 2622 τοῦτον
716 2584 864 2635 βασιλέα
883 2585 1080 2633 καλέσειεν,
1099 2585 1121 2631 ἢ
1140 2586 1198 2624 τὸν

181 2645 358 2698 ἁλουργίδι
387 2645 446 2684 καὶ
484 2645 641 2698 στεφάνῳ
662 2644 677 2664 ¹³
698 2645 946 2696 λαμπόμενον,
992 2647 1051 2685 καὶ
1088 2647 1198 2693 καθή-

186 2722 286 2757 μενον
306 2706 363 2745 ἐπὶ
379 2705 499 2758 θρόνου
518 2709 661 2759 χρυσοῦ.

237 3183 402 3227 Βασιλεὺς
418 3185 486 3238 γὰρ
513 3188 559 3230 ὡς
585 3187 723 3233 ἀληθῶς
749 3190 766 3224 6
792 3192 900 3238 θυμοῦ
917 3188 975 3226 καὶ
1002 3189 1124 3241 φθόνου
1141 3191 1199 3228 καὶ

182 3246 306 3292 ’ἡδονῆς
320 3247 471 3296 κρατῶν,
490 3246 549 3284 καὶ
565 3245 680 3284 πάντα
707 3246 773 3285 ὑπὸ
787 3247 864 3292 τοὺς
880 3248 1004 3299 νόμους
1031 3250 1126 3302 ἄγι-»ν
1139 3256 1198 3290 τοῦ

181 3308 273 3343 Θεοῦ
301 3305 360 3343 καὶ
389 3305 446 3343 τὸν
477 3310 554 3344 νοῦν
576 3307 753 3358 ἐλεύθερον
780 3311 917 3361 τηρῶν,
946 3311 1003 3348 καὶ
1037 3312 1097 3349 οὐκ
1135 3314 1199 3350 ἑῶν

227 3458 238 3471 ··
265 3447 403 3482 (loislin.
422 3450 432 3490 1*
451 3458 480 3481 et
501 3449 618 3492 sinit}
636 3456 711 3483 Θεοῦ
728 3456 775 3483 mi
793 3461 943 3496 σωτῆρος,
962 3459 1022 3486 ἑτι.

1220 998 1248 1026 Α
1274 998 1339 1036 Dei
1364 999 1476 1037 cultui
1496 1000 1606 1037 vitam
1625 1015 1724 1038 suam
1747 1002 1971 1054 mancipare,
1992 1017 2092 1054 aeque
2110 1004 2229 1041 omni-

1271 1059 1339 1096 bus
1358 1060 1518 1111 proclive
1547 1075 1587 1098 ac
1613 1061 1729 1100 facile.
1750 1062 1852 1100 Adde
1869 1063 1966 1113 quod
1999 1064 2222 1116 principatus

1272 1121 1444 1171 possessio
1467 1135 1536 1158 una
1563 1136 1645 1159 cum
1665 1124 1738 1160 vita
1759 1123 1823 1161 hac
1843 1123 1992 1173 desinit,
2020 1139 2079 1162 seu
2105 1126 2227 1163 verius

1269 1177 1387 1215 dicam
1402 1209 1410 1225 ,
1430 1179 1530 1217 vivos
1550 1180 1632 1217 item
1651 1181 1706 1217 sui
1719 1190 1894 1220 amatores
1909 1182 2071 1221 destituit
2089 1199 2097 1220 :
2117 1193 2226 1235 atque

1269 1239 1376 1276 etiam
1395 1240 1525 1278 multos
1545 1240 1581 1278 in
1610 1242 1809 1292 periculum
1823 1272 1832 1290 ,
1861 1244 1916 1281 vel
1937 1254 2030 1282 certe
2057 1258 2225 1295 magnam

1270 1299 1306 1336 in
1324 1299 1555 1350 ignominiam
1573 1301 1736 1353 conjecit.
1754 1305 1799 1340 At
1815 1305 2005 1343 monastica
2028 1305 2098 1342 vita
2111 1307 2226 1357 justos

1270 1359 1330 1396 hic
1358 1359 1460 1397 honis
1491 1360 1616 1398 multis
1639 1375 1720 1398 cum
1740 1363 1954 1413 repleverit,
1973 1378 1993 1401 a
2013 1365 2098 1402 vitae
2126 1366 2226 1403 exitu

1270 1430 1411 1458 ornatos
1428 1434 1469 1457 ac
1488 1420 1620 1459 hilares
1641 1421 1686 1459 ad
1704 1423 1767 1460 Dei
1788 1433 1820 1461 et
1836 1425 1952 1463 Patris
1976 1426 2131 1464 tribunal
2156 1426 2226 1464 du-

1272 1481 1332 1528 cit,
1349 1495 1421 1531 quo
1439 1491 1596 1534 tempore
1616 1497 1740 1521 eorum
1761 1485 1822 1534 qui
1842 1485 1992 1538 imperio
2020 1488 2129 1525 suncti
2147 1488 2227 1526 fue·

1271 1542 1341 1580 rint
1360 1543 1490 1580 bonam
1517 1553 1654 1595 partem
1674 1559 1819 1597 magnas
1843 1557 2067 1597 peccatorum
2094 1548 2128 1586 in
2152 1548 2228 1587 vita

1269 1602 1508 1641 admissorum
1528 1618 1649 1656 poenas
1665 1606 1761 1643 luere
1775 1607 1907 1646 videas.
1925 1612 1998 1659 Age
2012 1610 2130 1659 itaque
2143 1623 2229 1648 con·

1221 1678 1244 1707 Β
1268 1664 1417 1702 ferentes
1434 1664 1525 1702 inter
1543 1679 1580 1703 se
1598 1675 1674 1703 tum
1698 1667 1934 1720 philosophiae
1956 1670 2047 1708 bona
2060 1700 2071 1716 ,
2091 1680 2167 1708 tum
2187 1685 2226 1709 ea

1269 1739 1347 1776 quae
1367 1725 1403 1763 in
1420 1726 1487 1763 hac
1509 1726 1581 1763 vita
1604 1727 1824 1780 principatus
1844 1744 1884 1767 ac
1904 1731 2025 1782 gloriae
2042 1731 2134 1769 bona
2153 1746 2228 1770 esse

1269 1785 1460 1833 videntur,
1483 1796 1716 1839 utrorumque
1744 1789 1920 1829 bonorum
1948 1791 2227 1844 discrepantiam

1269 1850 1537 1902 perdiscamus:
1558 1852 1609 1889 sic
1628 1853 1720 1890 enim
1747 1855 1875 1892 collata
1909 1857 2084 1908 apertiora
2115 1857 2224 1895 ssent:

1269 1911 1355 1962 quin
1367 1912 1498 1964 potius,
1515 1913 1543 1949 si
1564 1913 1691 1964 placet,
1704 1914 1821 1966 ipsum
1838 1916 2012 1954 bonorum
2029 1918 2226 1968 fastigium,

1269 1986 1418 2024 regnum
1436 1973 1609 2025 intelligo,
1626 1989 1706 2012 cum
1725 1976 1951 2030 philosophia
1968 1989 2227 2030 comparantes,

1269 2034 1454 2085 utriusque
1485 2036 1713 2086 possessionis
1750 2038 1887 2076 fruetus
1922 2040 2202 2092 contemplemur
2217 2070 2226 2088 ‚

1270 2094 1460 2147 diligenter
1475 2096 1604 2145 edocti,
1621 2098 1752 2148 quibus
1766 2113 1844 2147 rex,
1861 2100 1992 2150 quibus
2006 2116 2130 2139 rursus
2147 2102 2229 2154 phi·

1270 2156 1441 2208 losophus
1453 2156 1613 2209 imperet.
1630 2160 1707 2196 Rex
1725 2160 1835 2210 igitur
1852 2162 2011 2209 urbium,
2028 2163 2229 2214 regionum,

1274 2226 1348 2254 tum
1367 2217 1562 2256 multarum
1582 2221 1741 2269 gentium
1764 2222 1955 2274 imperium
1977 2225 2065 2274 gerit
2084 2254 2093 2271 ,
2116 2225 2231 2276 magi-

1271 2287 1362 2315 stros
1393 2279 1563 2326 militum,
1596 2282 1803 2332 praefectos,
1832 2285 2023 2332 exereitus,
2053 2286 2229 2338 populos,

1221 2355 1244 2385 C
1273 2348 1426 2384 senatus,
1452 2354 1514 2377 suo
1536 2342 1642 2379 unius
1679 2352 1765 2380 nutu
1789 2358 1933 2394 regens:
1953 2355 1988 2382 at
2010 2360 2094 2384 vero
2110 2349 2173 2397 qui
2193 2360 2230 2385 se

1274 2400 1349 2451 ipse
1371 2409 1484 2437 totum
1506 2402 1582 2438 Deo
1599 2401 1715 2447 dedit,
1739 2404 2008 2456 solitariamque
2024 2407 2134 2445 vitam
2154 2408 2230 2445 ele-

1273 2461 1338 2510 git,
1359 2461 1608 2510 i1·ae,invidia=‚
1627 2464 1799 2508 avaritiae,
1816 2466 2008 2518 voluptati,
2025 2469 2231 2519 eaeterisque

1273 2521 1383 2558 animi
1412 2521 1544 2559 morbis
1582 2523 1730 2575 imperat
1748 2554 1758 2572 ,
1789 2527 1930 2564 assidue
1963 2529 2148 2578 speculans
2185 2543 2227 2566 ac

1275 2581 1447 2619 meditans
1471 2596 1659 2632 quemnam
1682 2584 1716 2620 in
1739 2586 1884 2623 modum
1914 2601 1982 2625 non
2011 2590 2228 2634 committat,

1275 2652 1311 2680 ut
1332 2657 1435 2680 sunm
1456 2644 1613 2682 animum
1630 2645 1803 2683 obsco-nis
1827 2648 2014 2686 affectibus
2030 2651 2196 2701 subjiciat
2216 2682 2226 2697 ,

1275 2718 1340 2741 neu
1362 2718 1488 2741 ammae
1509 2706 1691 2757 tyrannidi
1713 2707 1802 2744 ratio
1833 2708 1999 2748 inserviat
2014 2741 2022 2752 ‚
2041 2712 2102 2749 sed
2122 2726 2230 2764 snpra

1274 2780 1328 2802 res
1348 2766 1521 2803 humanas
1554 2781 1673 2803 onines
1698 2769 1946 2817 cogitationem
1980 2786 2119 2824 semper
2151 2788 2229 2810 eie·

1274 2834 1366 2862 etum
1389 2826 1533 2871 haheat,
1556 2827 1619 2862 Dei
1640 2828 1800 2864 timorem
1821 2829 1929 2867 atiimi
1952 2832 2088 2868 morbis
2108 2833 2231 2884 purti-

1276 2887 1383 2924 riens.
1406 2887 1621 2938 llnjusmodi
1641 2888 1749 2937 igitur
1776 2889 1965 2941 imperiumn
1991 2906 2052 2930 rex
2070 2923 2078 2934 .
2100 2893 2230 2945 hujus-

1275 2948 1370 2985 modi
1391 2949 1471 2984 item
1496 2949 1732 3000 principatum
1755 2952 1950 2989 monachus
1969 2954 2118 3005 adeptus
2144 2964 2195 2992 est
2217 2970 2226 2993 τ

1277 3018 1312 3044 ιιι
1329 3008 1460 3058 justius
1479 3007 1621 3057 quidem
1641 3010 1733 3045 hune
1751 3023 1867 3059 regem
1886 3025 2003 3055 x·oees·‚
2021 3026 2128 3063 qnam
2145 3028 2227 3051 eum

1274 3069 1333 3118 «pii
1353 3082 1509 3120 purpura
1532 3069 1676 3106 indutus
1694 3084 1736 3106 ae
1767 3084 1895 3108 corona
1929 3083 2076 3110 orimtus
2105 3074 2227 3126 splen-

1274 3130 1397 3173 descit,
1416 3130 1542 3166 {lu-ono
1565 3130 1597 3166 in
1618 3145 1724 3167 aureo
1755 3131 1888 3170 miens.

1329 3195 1364 3227 ἱ).
1384 3193 1473 3228 Nam
1495 3190 1522 3227 is
1541 3191 1684 3228 denium
1703 3206 1782 3229 vere
1799 3207 1859 3230 rex
1876 3203 1943 3236 est,
1964 3195 2024 3245 qui
2047 3196 2151 3240 iram,
2166 3198 2227 3247 qui

1277 3250 1465 3293 invidiam.
1485 3252 1545 3302 qni
1568 3252 1787 3304 voluptatem
1804 3254 1972 3293 cohibens
1988 3286 1996 3300 .
2020 3259 2139 3296 onmia
2160 3260 2228 3296 suh

1279 3312 1339 3350 Dei
1362 3313 1436 3361 lege
1457 3312 1528 3361 agit
1551 3342 1559 3357 ,
1581 3323 1732 3352 mentem
1757 3314 1905 3354 liber-‘un
1926 3331 2070 3357 serv-ms
2085 3350 2093 3361 .
2116 3334 2228 3371 neque

1270 3457 1284 3478 '⁹
1307 3455 1442 3486 tloislin.
1465 3459 1523 3498 >²2⁴⁴
1532 3471 1578 3500 τρι
1591 3475 1612 3487 ι.

2286 3215 2360 3251 Qui·
2378 3216 2424 3242 ‹le--

2244 3268 2323 3283 nunni
2365 3268 2372 3282 ι
2383 3271 2390 3282 ι
2401 3269 2430 3283 u-

2243 3309 2291 3324 ren
2329 3299 2431 3325 dicru-

2243 3342 2306 3366 nius.
