2513 3871
161 1472 220 1500 Cur
235 1482 292 1499 non

106 1524 204 1541 umnec
246 1515 292 1540 hie

104 1558 189 1593 punit
201 1554 288 1583 Deus.

319 269 414 331 016

317 377 503 419 paupertas
522 366 665 417 quidem
679 366 803 406 laedere
821 368 942 420 possit.
957 367 1055 414 Quid
1071 367 1268 419 tlico,pau-

316 427 458 479 pertas?
473 427 610 465 etiamsi
628 429 747 466 omnia
767 429 1077 481 conglomerentur
1091 442 1169 480 qua:
1187 434 1270 464 sunt

317 489 406 525 inter
427 488 588 526 homines
607 488 697 525 mala
713 518 723 534 ,
743 503 939 540 numquam
968 490 1158 543 percellent
1187 486 1270 525 ani-
1295 492 1318 522 D

316 560 413 584 mum
436 546 590 584 hominis
605 548 719 585 Deum
733 549 886 586 amantis
898 580 907 596 ,
923 549 1181 602 sapientiaeque
1197 556 1270 585 stu-

313 607 421 652 diosi,
439 621 549 658 neque
571 607 834 660 persuadebunt
857 619 895 647 ut
911 625 930 648 a
947 611 1079 648 virtute
1089 608 1264 647 discedat:

313 677 348 706 et
375 668 501 707 horum
532 669 630 707 testis
646 678 699 707 est
721 671 874 708 Lazarus
893 688 900 707 ι
923 670 1228 722 quemadmodum
1247 683 1267 706 e

311 729 454 768 diverso
472 730 614 768 mollem
637 745 678 768 ac
692 729 907 770 dissolutum
930 746 997 770 non
1017 731 1177 779 divitiae,
1198 745 1264 768 nim

312 791 465 839 sanitas,
495 805 563 830 non
593 801 763 844 perpetua
787 793 1004 845 prosperitas
1018 823 1028 840 ,
1061 807 1130 832 non
1161 791 1264 831 aliud

313 852 500 904 quidpiam
522 866 687 904 umquam
705 853 833 903 juvare
853 855 997 906 poterit.

366 917 401 955 8.
428 915 478 951 Ne
498 913 607 964 igitur
626 912 790 952 dieamus
816 914 912 966 quod
934 926 1148 969 paupertas,
1171 930 1264 954 mor-

312 973 380 1011 bus
399 982 431 1011 et
452 974 691 1026 periculorum
713 975 866 1014 insultus
885 977 1097 1029 compellant
1116 976 1161 1015 ad
1186 976 1263 1015 bla-

309 1033 523 1086 sphemiam.
559 1036 636 1073 Non
669 1046 879 1088 paupertas,
898 1037 958 1076 sed
984 1038 1160 1084 stultitia;
1195 1052 1262 1076 non

311 1094 476 1141 morbus,
491 1094 553 1133 sed
571 1106 785 1145 contemtus;
801 1112 869 1136 non
889 1098 1131 1150 periculorum
1145 1099 1263 1137 insul-

309 1163 386 1202 tus,
407 1154 467 1192 sed
488 1155 631 1207 pietatis
649 1156 824 1203 desertio,
843 1167 879 1195 ut
907 1159 952 1197 ad
976 1159 1236 1211 blasphemiam
1252 1188 1261 1206 ,

309 1215 356 1252 ita
375 1214 422 1253 ad
441 1229 546 1253 omne
565 1217 710 1254 malitiae
731 1232 842 1267 genus
855 1218 1002 1257 adducit
1017 1219 1135 1257 minus
1148 1229 1262 1258 atten-

309 1285 375 1313 tos.
398 1276 467 1315 Sed
489 1291 594 1327 quam
615 1277 662 1315 ob
676 1292 842 1324 causatu,
865 1279 1000 1330 inquiet
1026 1280 1158 1331 aliquis
1172 1309 1181 1326 ,
1197 1280 1260 1318 alii

308 1336 452 1387 quidem
482 1337 539 1376 hic
571 1338 793 1390 puniuntur,
813 1339 874 1377 alii
896 1355 980 1379 vero
1002 1341 1098 1388 illic,
1125 1356 1166 1379 ac
1191 1355 1259 1379 non

308 1398 426 1450 potius
449 1413 570 1437 omnes
592 1399 675 1437 liic?
695 1402 812 1446 Quam
833 1400 879 1438 ab
898 1416 1041 1440 causatu
1055 1403 1072 1439 1‘
1091 1402 1260 1454 qnoniam
1289 1403 1310 1432 Ε

308 1458 337 1496 si
353 1458 421 1498 hoc
437 1469 524 1498 esset
541 1489 550 1506 ,
575 1474 697 1499 omues
716 1462 838 1512 utique.
867 1462 1094 1514 periissemus
1111 1481 1118 1501 :
1141 1478 1262 1502 omnes

308 1520 400 1558 enim
427 1535 551 1559 sumus
581 1521 729 1559 obnoxii
760 1523 885 1574 poenis.
917 1525 1073 1562 Rursum
1091 1524 1118 1562 si
1142 1524 1262 1562 nullus

307 1581 365 1619 hic
386 1583 592 1634 puniretur,
613 1583 732 1635 plures
756 1583 992 1623 redderentur
1009 1585 1234 1624 socordiores
1246 1615 1258 1632 ,

306 1643 479 1694 multique
497 1642 655 1682 direrent
669 1658 736 1683 non
749 1659 823 1683 esse
834 1646 1107 1698 providentiam.
1121 1647 1259 1686 Etenim

305 1707 334 1742 si
363 1719 444 1743 cum
475 1718 569 1743 nunc
589 1704 734 1744 videant
753 1706 882 1745 multos
911 1707 1093 1760 improbos
1118 1708 1259 1761 puniri,

307 1765 436 1803 multas
470 1765 645 1818 ejusmodi
679 1765 923 1819 blasphemias
954 1778 1149 1807 evomunt:
1167 1769 1195 1807 si
1217 1784 1261 1807 ne

306 1826 374 1864 hoc
393 1826 538 1877 quidem
565 1836 672 1876 esset,
692 1827 864 1878 quidnam
884 1828 1076 1868 dicerent?
1097 1829 1141 1868 ad
1162 1830 1259 1881 quod

306 1887 449 1926 malitia}
467 1902 578 1939 genus
595 1902 663 1926 non
684 1890 922 1942 raperentur?
936 1890 1008 1929 llas
1027 1891 1074 1929 ob
1093 1906 1148 1930 res
1165 1893 1260 1930 Deus

306 1949 396 1988 alios
414 1949 560 2000 quidem
580 1949 639 1988 hic
660 1951 788 2003 punit,
815 1950 904 1989 alios
932 1966 1014 1990 vero
1048 1967 1116 1991 non
1145 1954 1259 2006 punit.

309 2011 417 2048 Punit
436 2010 578 2061 quidem
595 2010 746 2062 aliquos,
765 2012 934 2052 excidens
954 2013 1097 2052 illorum
1116 2015 1259 2062 vitium,

310 2085 519 2122 poenamque
530 2071 603 2109 illic
615 2071 766 2110 reddens
777 2072 1027 2122 leviorem,aut
1039 2075 1147 2114 etiam
1163 2077 1195 2114 iu
1212 2086 1262 2114 to-
1298 2112 1326 2132 ,ἢ

311 2141 385 2169 tum
399 2131 551 2170 liberans
562 2133 655 2179 illos,
669 2143 766 2171 eteos
778 2135 839 2185 qui
851 2150 1015 2186 perverse
1025 2137 1151 2176 vivunt
1163 2139 1263 2177 casti·
1277 2113 1314 2179 7.(

311 2192 463 2243 gatiores
475 2193 625 2231 reddens
637 2194 700 2231 hac
712 2195 912 2246 punitione:
925 2197 1014 2236 alios
1026 2212 1108 2236 vero
1119 2214 1262 2239 rursum

313 2267 379 2291 non
399 2253 523 2305 punit,
537 2263 575 2291 ut
589 2254 616 2292 si
638 2255 879 2306 resipiscentes
895 2257 963 2295 sihi
983 2258 1069 2309 ipsis
1087 2261 1261 2308 caverint,

311 2328 352 2352 ac
367 2314 432 2352 Dei
455 2315 708 2366 benignitatem
722 2316 863 2355 reveriti
884 2318 1031 2367 suerint,
1053 2329 1086 2358 et
1103 2321 1160 2359 hic
1175 2322 1262 2360 libe·

313 2384 462 2413 rentura
474 2390 574 2427 poena
586 2385 619 2414 et
632 2376 734 2414 illica
746 2377 925 2430 supplicio
939 2380 1012 2418 :sin
1029 2382 1260 2433 perstiterint,

313 2435 425 2474 nihilo
441 2437 605 2475 meliores
625 2438 707 2476 faeti
722 2438 866 2478 lenitate
879 2440 944 2479 Dei
958 2441 1018 2493 qui
1039 2443 1130 2481 mala
1145 2453 1264 2483 nostra

311 2497 373 2535 diu
400 2498 539 2548 tolerat,
558 2499 726 2552 majorem
745 2500 942 2540 sustineant
959 2503 1158 2543 cruciatum
1179 2520 1265 2558 pro-

314 2567 390 2609 pter
410 2557 581 2609 insignem
598 2558 757 2611 ipsorum
774 2569 1003 2599 contemtum.
1017 2563 1123 2610 Quod
1138 2565 1165 2602 si
1184 2565 1266 2617 quis

312 2617 444 2658 dixerit
457 2620 584 2672 eosqui
599 2620 797 2673 puniuntur
812 2622 1026 2663 detrimento
1045 2626 1139 2664 affici
1152 2631 1266 2679 (pote-

316 2690 391 2719 raut
410 2681 648 2733 enimalioqui
665 2681 910 2734 resipiscere),
925 2683 1017 2723 illud
1036 2687 1266 2738 respondebi-

316 2756 394 2781 mus
412 2759 420 2780 :
441 2743 469 2781 si
496 2745 590 2781 Deus
605 2743 798 2795 przcsrisset
816 2744 910 2793 sore,
929 2755 966 2784 ut
986 2747 1236 2800 resipiscerent
1255 2780 1266 2796 ,

315 2817 536 2855 nequaquam
559 2804 729 2857 punisset.
751 2804 891 2844 Etenim
917 2807 945 2844 si
967 2822 1055 2859 quos
1076 2809 1172 2848 videt
1192 2826 1265 2849 ma-

317 2879 397 2903 nere
430 2865 707 2915 incorrigibiles,
725 2867 873 2916 omittit,
895 2868 1008 2907 multo
1030 2871 1142 2922 magis
1178 2888 1267 2924 quos

315 2937 459 2964 noverat
479 2941 523 2966 ex
544 2926 655 2980 ipsius
674 2927 818 2966 lenitate
838 2929 972 2969 laturos
992 2931 1168 2980 fructum,
1188 2949 1266 2987 pas·
1293 2934 1314 2963 Β

315 3002 418 3025 surus
434 2997 509 3026 erat
544 2988 578 3026 in
602 2989 765 3041 prsesenti
789 2990 861 3028 vita
879 3020 886 3034 .
913 3000 950 3029 ut
978 3005 1278 3045 consequerentur

316 3048 481 3099 temporis
501 3049 654 3100 spatium
674 3049 717 3087 atl
737 3051 995 3102 poenitentiam.
1019 3054 1123 3094 Nunc
1145 3066 1263 3098 autem

314 3122 371 3143 eos
392 3109 620 3161 pra-ripiens‚
643 3119 675 3147 et
707 3110 778 3148 illis
799 3112 966 3151 leviorem
997 3114 1030 3153 in
1056 3116 1178 3156 futuro
1199 3133 1264 3157 sa:-

316 3169 394 3205 rut..
409 3183 546 3220 pussnatn
569 3170 708 3219 reddit,
727 3181 760 3210 et
779 3172 841 3210 hos
858 3175 1097 3226 castigatiores
1117 3179 1262 3220 illorum

317 3230 500 3279 suppliciis
531 3231 623 3269 sarit.
644 3233 761 3277 Quam
782 3234 828 3271 ob
856 3249 928 3273 rem
950 3236 1060 3288 igitur
1079 3252 1147 3277 non
1169 3239 1262 3281 idem

317 3289 380 3325 hoc
403 3290 484 3327 facit
507 3290 539 3327 in
562 3292 663 3330 malis
681 3294 880 3332 caninibus?
902 3298 949 3334 t't
968 3297 990 3335 ii
1011 3300 1072 3349 qui
1095 3312 1259 3349 manent,

314 3362 376 3399 per
399 3349 556 3387 timorem
577 3351 727 3389 aliorum
743 3354 929 3406 suppliciis
945 3358 1138 3399 reddantur
1154 3363 1260 3401 casti—

314 3409 463 3456 gatiores
479 3438 487 3454 ,
503 3411 762 3461 pra-dicentque
794 3415 856 3451 Dei
886 3415 1063 3457 lenitatem
1083 3450 1091 3462 .
1115 3421 1261 3474 ejusque

315 3469 566 3507 humanitatem
590 3471 754 3517 rerer-iti,
778 3472 945 3513 desistant
973 3492 989 3513 a
1013 3479 1160 3518 malitia.
1189 3482 1258 3521 Sed

757 286 795 315 S.
827 286 1012 317 JOANNts
1047 283 1289 317 ctfflt'SOS‘r.
1331 280 1538 312 Annuit-21².
1576 281 1931 314 CONSTANTtNot’.

1338 378 1425 402 ποτε
1456 362 1602 415 ἐλέγξει,
1617 365 1687 403 οὐδ’
1705 366 1904 411 ἀποστῆναι
1924 366 2038 406 πείσει
2056 369 2118 414 τῆς
2137 368 2261 421 ἀρετῆς
2279 370 2363 419 (καὶ

1338 423 1470 463 τούτων
1482 424 1616 477 μάρτυς
1626 427 1645 463 ὁ
1661 425 1818 480 Λάζαρος
1830 433 1855 473 )·
1870 424 1992 480 ὥσπερ
2006 420 2065 466 οἶν
2079 427 2138 467 τὸν
2155 431 2285 482 χαῦνον
2301 434 2363 472 καὶ

1340 485 1586 536 διαλελυμένον
1616 487 1654 525 οὗ
1682 487 1854 533 πλοῦτος,
1887 487 1953 540 οὐχ
1979 488 2117 540 ὓγίεια,
2138 491 2177 529 οὗ
2199 491 2363 540 διηνεκὴς

1341 546 1530 599 εὖημερία,
1545 548 1608 585 οὐκ
1628 546 1715 584 ἄλλο
1740 547 1838 586 οὐδὲν
1857 547 2039 598 ὠφελῆσαι
2058 549 2243 598 δυνήσεταί
2262 567 2360 591 ποτε.

1391 910 1453 957 Μὴ
1471 909 1582 948 τοίνυν
1601 909 1759 961 λέγωμεν
1780 909 1831 948 ὅτι
1849 909 1952 948 πενία
1973 910 2032 949 καὶ
2047 909 2145 956 νότος
2166 910 2226 950 καὶ
2245 910 2364 951 κινδύ-

1337 986 1404 1008 νων
1423 972 1605 1024 ἐπαγωγαὶ
1628 972 1852 1023 βλασφημεῖν
1872 970 2138 1024 ἀναγκάζωσιν.
2161 972 2216 1010 Oia
2237 970 2365 1021 πενία,

1337 1032 1427 1071 ἀλλὰ
1452 1033 1571 1071 ἅ-νοια·
1594 1034 1631 1070 οὐ
1660 1031 1774 1077 νόσος,
1805 1032 1895 1071 ἀλλὰ
1916 1032 2195 1084 καταφρόνησις·
2215 1035 2253 1072 οῦ
2281 1048 2361 1073 κιν·

1335 1093 1442 1132 &tivum
1472 1093 1674 1143 ἐπαγωγαὶ,
1705 1093 1782 1130 ἀλλ’
1812 1092 1996 1137 εὖλαόείας
2030 1093 2182 1146 ἐρημία,
2215 1094 2277 1132 καὶ
2313 1095 2362 1137 εἷς

1336 1153 1565 1204 βλασφημίαν
1602 1154 1660 1191 καὶ
1696 1155 1744 1195 εἷς
1773 1160 1890 1192 πᾶσαν
1935 1154 2012 1205 ἄγει
2038 1155 2164 1193 κακίαν
2196 1153 2276 1198 τοὺς
2308 1155 2359 1205 μὴ

1333 1214 1584 1266 προσέχοντας.
1598 1214 1703 1252 Ἀλλὰ
1724 1214 1816 1257 τίνος
1841 1213 1979 1261 ἕνεκεν,
1999 1215 2125 1266 φησὶν,
2144 1218 2176 1254 οἱ
2207 1215 2270 1266 μὲν
2302 1217 2362 1255 ἐν·-

1332 1278 1444 1313 ταῧθα
1467 1275 1697 1322 κολάζονται,
1716 1276 1748 1312 οἱ
1770 1275 1807 1312 δὲ
1826 1276 1921 1322 ἐκεῖ,
1945 1275 2004 1313 καὶ
2023 1278 2086 1314 οὐκ
2105 1278 2252 1315 ἐνταῦθα
2270 1277 2363 1316 πάν-

1332 1351 1408 1383 τες;
1424 1336 1529 1378 Τίνος
1547 1335 1685 1382 ἕνεκεν,
1704 1336 1758 1373 ὅτι
1777 1336 1807 1374 εἶ
1825 1338 1926 1373 τοῦτο
1941 1329 1983 1383 ἦν
1995 1366 2005 1383 ,
2026 1335 2155 1381 πάντες
2183 1337 2225 1375 ἂν
2259 1339 2362 1377 ἀπω-

1333 1395 1487 1447 λόμεθα·
1506 1396 1634 1440 πάντες
1663 1396 1730 1449 γάρ
1761 1398 1866 1447 ἐσμεν
1896 1397 1931 1435 ἐν
1963 1397 2167 1447 ἐπιτιμίοις.
2185 1398 2299 1437 Πάλιν
2331 1401 2364 1438 εἰ

1334 1459 1457 1507 μηδεὶς
1491 1459 1641 1497 ἐνταῦθα
1670 1457 1873 1505 ἐκολάζετο,
1903 1458 2133 1513 ῥαθυμότεροι
2163 1461 2196 1499 οἱ
2222 1457 2363 1503 πλείους

1333 1519 1492 1569 ἐγένοντο
1504 1549 1514 1566 ,
1535 1518 1596 1558 καὶ
1615 1519 1737 1558 πολλοὶ
1762 1519 1803 1557 ἂν
1823 1512 1920 1558 εἷπον
1940 1519 1989 1569 μὴ
2012 1513 2101 1558 εἶναι
2120 1519 2297 1574 πρόνοιαν.
2316 1521 2361 1560 Εἰ

1333 1580 1401 1632 γὰρ
1417 1586 1475 1620 ν’ὗν
1491 1584 1638 1632 ὁρῶντες
1658 1583 1726 1618 τῶν
1742 1582 1903 1631 πονηρῶν
1922 1579 2071 1624 πολλοὺς
2094 1579 2362 1632 κολαζομένους,

1333 1643 1448 1682 πολλὰ
1478 1646 1622 1681 τοιαῦτα
1658 1643 1950 1695 βλασφημοῦσιν,
1982 1643 2011 1680 εἰ
2039 1641 2130 1692 μηδὲ
2162 1646 2266 1681 τοῦτο
2296 1635 2363 1690 ἦν,

1332 1702 1368 1740 τί
1387 1706 1448 1741 οὐκ
1476 1702 1517 1740 ἂν
1544 1697 1662 1747 ein-ton
1683 1707 1750 1741 ποῦ
1777 1702 1813 1741 δὲ
1843 1703 1906 1741 οὐκ
1925 1701 1966 1740 ἂν
1996 1697 2101 1750 ἦλθον
2129 1702 2275 1751 κακίας;
2293 1701 2363 1741 Διὰ

1332 1769 1434 1804 τοῦτο
1452 1767 1470 1804 ὁ
1487 1765 1578 1808 Θεὸς
1599 1763 1678 1807 τοὺς
1705 1763 1769 1813 μὲν
1798 1764 1946 1802 ἐνταῦθα
1977 1763 2136 1811 κολάζει,
2161 1763 2240 1808 τοὺς
2264 1762 2301 1803 δὲ
2322 1764 2361 1803 οὗ

1333 1827 1484 1870 κολάζει·
1505 1826 1643 1870 κολάζει
1672 1824 1735 1875 μὲν
1763 1824 1832 1877 γάρ
1859 1839 1980 1873 τινας,
2000 1823 2064 1871 τὴν
2091 1823 2219 1863 κακίαν
2246 1824 2361 1863 αὐτῶν

1333 1888 1529 1935 ἐκκόπτων,
1550 1887 1610 1925 καὶ
1629 1885 1838 1938 κουφοτέραν
1859 1884 1923 1933 τὴν
1945 1887 2016 1924 ἐκεῖ
2035 1888 2144 1924 ποιῶν
2163 1884 2338 1937 τιμωρίαν
2351 1914 2363 1930 ,

1333 1948 1355 1995 ἢ
1385 1948 1443 1987 καὶ
1477 1948 1593 1987 τέλεον
1626 1947 1861 1986 ἀπαλλάττων
1887 1944 2030 1992 αὐτοὺς,
2055 1945 2210 1990 καὶτοὺς
2235 1948 2270 1985 ἐν
2295 1961 2364 1986 πο·

1333 2010 1438 2065 νηρία
1473 2011 1604 2054 ζῶντας
1653 2007 1954 2060 σωφρονεστέρους
1999 2011 2108 2046 ποιῶν
2150 2009 2194 2060 τῇ
2227 2006 2363 2046 τούτων

1336 2071 1499 2126 τιμωρία·
1521 2070 1598 2115 τοὺς
1617 2071 1651 2108 δὲ
1675 2072 1714 2109 0⁹3
1737 2069 1875 2114 κολάζει
1895 2068 2015 2118 πάλιν,
2031 2067 2087 2107 ἵνα
2106 2068 2145 2106 ἂν
2166 2068 2231 2119 μὲν
2250 2084 2360 2121 προσ·

1337 2133 1465 2186 ἔχωσιν
1496 2135 1650 2178 ἑαυτοῖς,
1685 2131 1962 2183 μετανοήσαντες
1990 2130 2049 2168 καὶ
2082 2130 2146 2178 τὴν
2181 2133 2242 2168 τοῦ
2267 2131 2363 2169 Θεοῦ

1337 2194 1579 2246 μακροθυμίαν
1596 2193 1825 2238 αἰδεσθέντες,
1846 2193 1905 2231 καὶ
1931 2195 1995 2238 τῆς
2017 2192 2166 2229 ἐνταῦθα
2184 2190 2363 2235 κολάσεως

1335 2258 1567 2307 ἀπαλλαγῶσι
1595 2255 1654 2293 καὶ
1682 2257 1745 2301 τῆς
1772 2255 1844 2292 ε’κεὶ
1877 2252 2060 2305 τιμωρίας·
2081 2252 2123 2290 ἂν
2154 2250 2190 2292 δὶ
2222 2252 2362 2303 ‘my-⁸(-

1334 2333 1460 2365 νωσιν,
1477 2316 1586 2367 μηδὲν
1607 2317 1677 2354 ἀπὸ
1705 2317 1768 2361 τῆς
1796 2313 2016 2358 ἀνεξικακίας
2035 2312 2274 2366 ὠφελούμενοι
2300 2316 2362 2352 τοῦ

1333 2381 1439 2427 Θεοῦ,
1458 2379 1599 2430 μείζονα
1617 2379 1797 2417 ὓποστῶσι
1817 2377 1881 2424 τὴν
1896 2375 2071 2429 τιμωρίαν
2098 2374 2156 2415 διὰ
2182 2374 2246 2424 τὴν
2271 2374 2360 2428 ἄγαν

1335 2443 1446 2479 αὐτῶν
1467 2440 1741 2492 καταφρόνησιν.
1760 2439 1805 2478 Ei
1821 2437 1855 2477 δὲ
1876 2437 1971 2490 λέγοι
1993 2452 2045 2481 τις
2072 2438 2142 2475 τῶν
2164 2428 2201 2475 23
2219 2434 2360 2475 εἰδότων

1336 2501 1387 2540 ὅτι
1404 2505 1435 2541 οἱ
1455 2501 1683 2552 κολαζόμενοι
1698 2499 1949 2552 ἐπηρεάζονται
1963 2497 2153 2545 (ἠδύναντο
2170 2495 2286 2548 γὰρμε
2297 2510 2361 2534 τα·

1337 2566 1496 2612 νοῆσαι),
1513 2564 1624 2601 ἐκεῖνο
1644 2561 1684 2600 ἂν
1705 2561 1882 2611 εἴποιμεν,
1901 2559 1954 2598 ὅτι
1974 2559 2003 2597 εί
2023 2558 2168 2610 προῄδει
2187 2554 2360 2608 μετανοή-

1337 2640 1460 2668 σοντας
1495 2624 1617 2668 αὐτοὺς
1642 2626 1660 2662 ὁ
1691 2622 1800 2669 Θεὸς,
1832 2623 1894 2660 οὐκ
1920 2619 1960 2658 ἂν
1993 2620 2175 2658 ἐκόλασεν.
2218 2618 2262 2657 El
2290 2618 2359 2671 γὰρ

1337 2687 1394 2731 οὓς
1413 2682 1502 2726 οἶδεν
1521 2685 1751 2738 ἀδιορθώτους
1772 2682 1954 2734 μένοντας.
1972 2680 2066 2731 ὅμως
2085 2679 2223 2732 ἀφίησι,
2238 2680 2360 2727 πολλῷ

1337 2750 1469 2798 μᾶλλον
1489 2747 1545 2791 οὓς
1562 2747 1638 2798 ᾔδει
1663 2746 1911 2796 κερδανοῦντας
1931 2742 2001 2781 ἀπὸ
2018 2744 2080 2788 τῆς
2099 2742 2202 2781 αὺτοῦ
2221 2756 2360 2794 μακρο-

1338 2809 1463 2860 θυμίας
1477 2809 1590 2847 εἴασεν
1605 2808 1646 2845 ἂν
1662 2810 1696 2846 ἐν
1716 2809 1759 2857 τῇ
1774 2803 1932 2857 παρούσῃ
1948 2805 2036 2855 ζωῇ,
2052 2802 2143 2841 ὥστε
2159 2803 2361 2842 ἀπολαῦσαι

1337 2874 1398 2918 τῆς
1418 2869 1632 2921 προθεσμίας
1650 2869 1697 2910 εἰς
1715 2866 1914 2918 μετάνοιαν.
1930 2865 2016 2903 Νυνὶ
2031 2864 2066 2903 δὲ
2081 2863 2359 2918 προαναρπάζων

1337 2931 1480 2978 αὐτοὺς,
1499 2930 1672 2974 κάκείνοις
1696 2927 1908 2980 κουφοτέραν
1939 2925 2002 2973 τὴν
2022 2926 2094 2964 ἐκεῖ
2123 2924 2222 2973 δίκην
2253 2922 2358 2964 καθί·

1337 3009 1439 3041 στησι
1457 3022 1467 3040 ,
1506 2991 1565 3030 καὶ
1603 2991 1744 3033 τούτους
1779 2986 2078 3040 σωφρονεστέρους
2110 2990 2187 3030 ταῖς
2219 2985 2360 3025 tantvm

1335 3054 1522 3109 τιμωρίαις
1555 3050 1815 3104 κατεργάζεται.
1850 3048 1919 3087 Καὶ
1948 3047 2039 3092 τίνος
2072 3047 2187 3087 ἕνεκεν
2213 3047 2277 3086 οὖκ
2301 3045 2360 3086 ἰπὶ

1335 3115 1475 3154 πάντων
1511 3117 1612 3153 τοῦτο
1642 3118 1734 3151 ποιεῖ
1761 3113 1830 3148 τῶν
1866 3111 2050 3161 πονηρῶν;
2077 3107 2159 3146 Ἵνα
2182 3108 2233 3160 τῷ
2261 3105 2359 3160 quicq»

1335 3178 1394 3215 καὶ
1421 3182 1498 3220 ταῖς
1527 3175 1654 3226 ἑτέρων
1685 3170 1869 3225 τιμωρίαις
1897 3169 2058 3219 μένοντες
2085 3166 2358 3220 σωφρονίστιροι

1333 3239 1526 3288 γένι-ινται.
1553 3237 1612 3275 καὶ
1648 3234 1711 3281 τὴν
1746 3230 1989 3284 μακροθυμίαν
2022 3229 2267 3273 ἐπαινίσαντις
2298 3232 2359 3268 τοῦ

1332 3303 1426 3338 θεοῦ
1450 3299 1511 3338 καὶ
1545 3298 1606 3344 τὴν
1637 3295 1826 3335 ἐπιείκειαν
1848 3291 2083 3338 αἰδεσθέντες,
2108 3292 2169 3336 τῆς
2189 3287 2360 3340 πονηρίας

1332 3363 1548 3399 ἀποστῶσιν.
1573 3359 1663 3398 Ἀλλ’
1678 3358 1775 3396 οὐδὲν
1796 3354 1922 3394 τούτων
1943 3355 2105 3400 ποιοῦσι,
2121 3349 2240 3404 φησίν.
2262 3350 2355 3388 Ἀλλ’

1332 3424 1393 3474 οὐχ
1416 3426 1434 3460 ὁ
1452 3421 1542 3464 Θεὸς
1572 3420 1680 3463 αἴτιος
1709 3417 1854 3465 λοιπὸν,
1877 3416 1952 3453 ἀλλ’
1978 3418 2001 3461 ἡ
2028 3412 2168 3452 ἐκείνων
2204 3408 2355 3463 ῥᾳθυμία

1333 3468 1644 3533 μ.“>,.βουλτ,θε’ντων
1662 3479 1835 3521 τοσούτοις
1854 3476 2049 3530 φαρμάκοις
2070 3475 2115 3516 εἷς
2136 3472 2198 3520 τὴν
2225 3471 2354 3510 οἰκείαν
