2253 3830
206 499 312 579 D.
373 499 952 583 BERNARDI
1011 500 1155 580 DE
1212 498 2007 584 MONTFAUCON

549 820 1715 962 PRAEFATIO.

112 1429 185 1468 Diu
215 1431 409 1484 expetitam
431 1430 470 1471 S.
492 1430 640 1470 Joannis
671 1430 920 1483 Chrysostomi
947 1432 1108 1482 Operum
1137 1429 1299 1467 omnium
1331 1428 1524 1467 editionem
1543 1443 1562 1466 a
1583 1428 1707 1467 multis
1725 1429 1802 1481 jam
1823 1428 1924 1466 annis
1941 1440 2131 1479 paramus:

59 1505 175 1543 neque
195 1494 289 1531 enim
317 1503 453 1546 poterat
481 1507 535 1531 res
556 1502 629 1530 tam
652 1508 814 1545 operosa,
842 1503 916 1531 tam
944 1493 1079 1544 ampla,
1103 1492 1245 1530 modico
1275 1492 1443 1544 temporis
1478 1492 1658 1530 curriculo
1679 1491 1896 1530 concinnari.
1926 1489 2152 1529 Bibliotheca

57 1564 162 1604 sunt,
190 1570 258 1594 non
280 1557 396 1602 liber,
417 1556 504 1594 tanti
526 1555 685 1593 doctoris
705 1557 907 1607 Opuscula‚
926 1556 1190 1593 Commentaria
1206 1585 1215 1601 ‚
1237 1554 1420 1607 Epistolae.
1437 1557 1490 1593 Ea
1507 1569 1592 1593 vero
1611 1569 1682 1593 non
1702 1569 1774 1592 uno
1795 1555 1830 1591 in
1852 1555 1929 1591 loeo
1946 1552 2055 1591 simul
2076 1552 2154 1589 col-

56 1616 146 1655 lecta
163 1628 368 1670 comparent
384 1618 421 1655 in
439 1617 670 1656 bibliothecis
691 1618 1024 1670 manuscriptorum
1038 1646 1048 1665 ‚
1065 1616 1163 1667 quod
1185 1616 1221 1653 in
1242 1617 1396 1654 aliorum
1413 1616 1633 1668 scriptorum
1652 1616 1824 1668 operibus
1842 1630 1936 1667 saepe
1955 1614 2153 1666 contingit3

57 1679 118 1718 sed
144 1681 303 1733 undique
327 1683 486 1734 dispersa
507 1695 653 1733 carpere
671 1690 705 1718 et
732 1680 900 1732 colligere
919 1690 971 1718 est
993 1694 1084 1732 opus
1105 1694 1114 1715 ε
1134 1679 1338 1731 acciditque
1358 1694 1431 1718 non
1454 1679 1562 1717 semel
1580 1709 1589 1728 ‚
1612 1688 1650 1717 ut
1673 1693 1755 1717 cum
1776 1693 1898 1717 omnes
1918 1679 2073 1729 Europae
2094 1676 2156 1714 bi-

56 1743 254 1783 bliothecas
272 1745 308 1782 in
329 1759 468 1783 cassum
489 1744 709 1797 percurreris
724 1773 736 1789 ,
759 1744 795 1782 in
818 1745 951 1796 angulo
970 1743 1113 1781 tandem
1133 1757 1172 1781 ea
1197 1758 1275 1794 quae
1301 1743 1363 1780 diu
1384 1742 1606 1794 exquisieras
1625 1742 1951 1794 deprehendantur.
1971 1740 2015 1778 ld
2034 1754 2153 1790 quan-

58 1806 142 1845 tivis
162 1807 296 1846 laboris
311 1808 356 1846 sit
371 1808 523 1847 libenter
541 1809 759 1861 suscipitur,
781 1808 924 1860 quando
941 1807 987 1846 de
1006 1809 1143 1847 Joanne
1161 1807 1420 1859 Chrysostomo
1435 1806 1577 1857 agitur,
1597 1815 1695 1843 tanto
1715 1805 1862 1843 doctore
1874 1835 1884 1853 ‚
1899 1812 2037 1842 oratore
2053 1817 2152 1840 sum-

58 1884 141 1917 mo,
165 1872 227 1922 qui
251 1886 324 1909 rein
346 1872 589 1910 Christianam
607 1872 688 1924 plus
707 1886 815 1922 quam
835 1872 897 1909 alii
917 1885 1040 1910 omnes
1054 1901 1066 1917 ,
1089 1880 1165 1908 tum
1198 1870 1259 1920 qui
1278 1879 1563 1922 praecesserunt,
1584 1878 1660 1907 tum
1685 1868 1747 1919 qui
1779 1877 1859 1920 post
1889 1868 1995 1905 illum
2016 1867 2154 1904 florue—

58 1943 164 1982 runt,
185 1935 395 1985 eloquentiae
416 1934 633 1973 ornamentis
649 1934 844 1973 decoravit.
869 1935 902 1972 Is
921 1950 939 1971 a
960 1948 1071 1986 puero
1086 1932 1221 1971 divinis
1239 1933 1480 1983 humanisque
1497 1932 1610 1970 literis
1631 1946 1777 1985 operam
1796 1931 1897 1969 dedit
1916 1946 1924 1968 z
1944 1945 1964 1968 a
1983 1930 2154 1968 Libanio-

58 2012 126 2048 que
144 1998 331 2036 institutus
352 2008 492 2036 tantum
513 1998 665 2050 profecit
678 2029 687 2046 ‚
712 2007 749 2035 ut
769 1998 804 2035 in
823 1998 992 2035 extremis
1012 2011 1120 2048 agens
1139 1997 1315 2036 Libanius
1336 1997 1517 2048 professus
1537 1996 1583 2034 sit
1597 2027 1608 2045 7
1631 2010 1667 2033 se
1685 1997 1858 2034 Joannem
1880 1994 1951 2031 sibi
1972 2007 2155 2031 successo-

58 2071 133 2095 rem
152 2057 435 2105 destinaturum‚
456 2059 523 2097 nisi
543 2058 572 2096 is
588 2059 658 2097 sibi
677 2074 696 2096 a
724 2059 937 2097 Christianis
957 2059 1130 2111 abreptus
1149 2058 1285 2097 fuisset.
1306 2058 1441 2096 Forum
1460 2057 1686 2108 forensesque
1706 2070 1829 2094 causas
1849 2055 2020 2107 tantisper
2037 2064 2154 2093 secta—

58 2128 138 2167 tus,
173 2119 275 2158 brevi
291 2135 311 2158 a
332 2130 444 2173 coepto
464 2120 593 2159 resiliit
611 2152 621 2169 ‚
641 2135 680 2158 ac
700 2121 915 2158 Christianae
944 2134 1092 2172 prorsus
1112 2119 1314 2171 disciplinae
1346 2118 1586 2169 severiorique
1610 2118 1693 2156 vitze
1717 2117 1878 2155 instituto
1896 2130 1931 2154 se
1950 2125 2063 2153 totum
2086 2115 2131 2152 de
2146 2139 2156 2144 -

57 2180 180 2231 didit3
202 2191 241 2219 ut
262 2182 297 2220 in
320 2184 395 2234 ejus
414 2184 488 2222 vita
519 2183 565 2221 ad
587 2184 721 2221 calcem
740 2185 902 2236 Operum
923 2192 1109 2229 accurate,
1128 2192 1306 2233 quantum
1325 2182 1376 2219 sas
1397 2182 1487 2229 erit,
1507 2179 1715 2218 adornanda
1743 2180 1911 2232 pluribus
1938 2177 2154 2216 narrabitur.

57 2243 208 2281 Juvenis
227 2244 347 2282 adhuc
366 2245 499 2282 eximia
519 2245 622 2283 dedit
641 2246 775 2295 ingenii
797 2244 1016 2297 speci111ina3
1034 2246 1234 2282 Paraeneses
1251 2258 1378 2296 nempe
1396 2243 1441 2280 ad
1463 2242 1675 2281 Thedorum
1695 2242 1857 2294 lapsum,
1883 2240 1994 2278 libros
2013 2239 2059 2277 ad
2082 2241 2156 2277 De-

61 2306 228 2344 metrium
241 2337 251 2355 ,
272 2308 319 2345 ad
337 2309 559 2347 Stelechium
572 2339 580 2352 ‚
603 2309 650 2347 ad
670 2309 869 2360 Stagirium
889 2318 922 2346 et
940 2308 985 2345 ad
1006 2307 1095 2345 alios
1113 2322 1122 2345 z
1145 2322 1224 2358 quae
1255 2308 1428 2360 opuscula
1461 2306 1674 2358 prceelarum
1694 2306 1851 2343 referunt
1883 2313 2058 2342 oratorem
2078 2319 2084 2339 ε
2107 2304 2154 2340 li-

60 2368 227 2407 matiores
260 2379 342 2407 sunt
370 2370 454 2407 libri
486 2370 533 2407 de
552 2370 762 2408 Sacerdotio
778 2401 789 2417 ,
813 2371 848 2407 in
872 2370 986 2420 iisqne
1004 2369 1307 2422 deprehendimus
1328 2370 1624 2421 Clirysostomuin
1643 2368 1902 2420 Chrysostomo
1931 2367 2156 2416 eloquentio-

61 2444 147 2468 rem.
187 2430 251 2467 llis
271 2431 383 2469 veluti
414 2431 599 2483 praeludiis
619 2431 664 2469 ad
687 2433 813 2470 orandi
835 2446 964 2470 munus
998 2446 1034 2469 se
1066 2431 1298 2482 comparabat
1324 2433 1501 2470 Joannes:
1532 2430 1594 2479 qui
1621 2429 1806 2481 presbyter
1828 2427 2028 2466 Antiochia:
2056 2427 2156 2464 aunis

60 2492 275 2542 duodecim,
313 2494 500 2546 episcopus
531 2496 837 2548 Constantinopoli
872 2496 1031 2546 quinque
1052 2508 1163 2533 sexve
1181 2494 1307 2543 annis,
1330 2508 1348 2530 a
1372 2493 1608 2531 concionandi
1638 2492 1758 2530 officio
1778 2505 1972 2541 numquam
1992 2490 2123 2527 destitit
2146 2520 2154 2532 ,

62 2555 168 2606 inque
188 2555 242 2592 sui
263 2555 537 2595 admirationem
559 2566 674 2594 totum
695 2561 814 2610 rapuit
834 2558 1030 2595 Orientem.
1055 2557 1218 2603 Paratus,
1240 2556 1437 2606 imparatus
1459 2553 1651 2598 accederet,
1668 2553 1787 2591 omnia
1812 2553 1879 2604 ipsi
1903 2566 2014 2604 prona
2035 2562 2131 2589 erant
2148 2582 2156 2594 ,

63 2633 103 2656 eo
125 2632 263 2671 semper
291 2619 433 2658 dicendi
455 2634 580 2670 genere
611 2621 827 2672 usus‚quod
857 2622 991 2671 majore
1021 2619 1066 2657 ad
1097 2618 1387 2671 persuadendum
1410 2626 1589 2655 momento
1622 2618 1782 2654 futurum
1803 2625 1902 2653 esset.
1925 2617 2014 2666 Ejus
2031 2614 2158 2652 orandi

63 2680 154 2718 ratio
172 2681 253 2732 plus
272 2681 378 2719 habet
396 2682 524 2721 nativae
551 2684 733 2735 elegantia:
753 2699 891 2734 ,quam
918 2683 1120 2720 artificiosae
1144 2682 1339 2733 diligentia·
1361 2698 1368 2718 :
1391 2681 1504 2718 sicubi
1526 2689 1601 2716 arte
1622 2679 1735 2715 utitur
1750 2710 1759 2726 ,
1785 2688 1831 2716 ita
1864 2693 1937 2715 rein
1958 2687 2128 2730 temperat
2148 2707 2156 2721 ,

65 2753 104 2781 ut
122 2744 231 2782 lateat
247 2758 384 2796 semper
402 2746 595 2783 artificium
612 2756 646 2784 et
665 2746 884 2796 quadrandae
900 2746 1071 2784 orationis
1091 2746 1278 2783 industria.
1304 2744 1480 2795 Expedita
1502 2753 1532 2780 et
1556 2743 1751 2794 profluente
1773 2742 1963 2780 verborum
1983 2741 2084 2793 copia
2104 2740 2154 2776 lo-

64 2806 208 2856 quitur,
229 2807 479 2846 concinnitatis
496 2809 702 2861 leporisque
719 2809 821 2861 plena
842 2825 848 2847 z
877 2819 914 2847 ut
932 2808 1084 2848 mirifice
1100 2808 1168 2860 ipsi
1188 2816 1364 2859 competat
1387 2807 1480 2844 illud
1504 2805 1735 2842 llonierieuni

630 2949 703 2986 Τοῦ
719 2948 778 2986 καὶ
799 2949 868 2986 ἀπὸ
888 2948 1046 2999 γλώττης
1069 2947 1207 2998 μέλιτος
1229 2947 1379 2997 γλυκίων
1405 2946 1477 2997 ῥέεν
1494 2945 1590 2990 αὐδή.

66 3082 325 3134 Perspicuitate
361 3084 493 3122 nemini
527 3086 687 3124 concedit
701 3117 710 3133 ‚
743 3087 809 3125 nisi
844 3089 991 3124 fortasse.
1028 3101 1150 3124 omncs
1185 3094 1341 3137 superet.
1384 3083 1592 3122 Inventione
1606 3115 1615 3127 ,
1642 3097 1719 3133 qua·
1748 3096 1790 3119 ex
1822 3081 1953 3131 ingenii
1993 3081 2159 3119 felii-itate

66 3146 242 3191 nascitur,
263 3146 447 3185 universos
465 3158 638 3199 quotquot
658 3149 830 3187 hactenus
850 3151 947 3187 fuere
969 3159 1126 3189 oratores
1144 3150 1246 3198 louge
1263 3157 1356 3185 retro
1374 3146 1556 3196 relinquit.
1581 3145 1833 3196 lnexspectatis
1860 3145 1919 3180 ille
1945 3144 2060 3180 medis
2087 3159 2159 3180 rein

65 3207 284 3260 propositam
306 3209 434 3256 vertit,
455 3219 487 3246 ct
508 3225 576 3260 qna
597 3210 652 3247 via
672 3225 774 3248 nenio
794 3211 992 3248 divinasset
1022 3211 1066 3248 ad
1096 3224 1243 3262 seopuin
1272 3207 1380 3245 tendit
1400 3223 1408 3251 ;
1429 3207 1535 3256 idque
1569 3206 1615 3243 ita
1645 3206 1753 3242 libere
1776 3204 2011 3256 expediteque
2032 3235 2039 3245 ,
2065 3213 2100 3240 ut
2124 3219 2159 3240 re

64 3278 247 3322 perspecta
265 3280 365 3321 putes
384 3285 465 3308 euin
486 3273 584 3309 nulla
604 3273 672 3310 alia
699 3288 799 3325 posse
819 3274 890 3320 via,
910 3274 1008 3310 nullo
1026 3288 1130 3310 ein-su
1149 3272 1303 3309 feliciore
1322 3270 1365 3308 ad
1387 3269 1603 3306 ‹lestinatnni
1622 3284 1766 3320 pergere
1789 3269 1905 3304 tineni.
1926 3269 2059 3305 N'ernin
2075 3268 2157 3315 quia

67 3331 157 3369 nihil
176 3341 300 3370 natura
316 3333 431 3383 gignit
451 3336 546 3372 omni
569 3350 613 3373 ex
635 3346 734 3387 parte
757 3339 950 3388 perfeetum
965 3367 973 3381 ‚
993 3337 1082 3373 nihil
1104 3351 1161 3373 ars
1184 3337 1316 3386 profert
1337 3334 1505 3371 ouinilnis
1522 3333 1725 3370 alisolutnin
1749 3332 1910 3382 partibus
1930 3340 1959 3366 et
1978 3330 2133 3366 nunu-ri>
2149 3360 2157 3373 ,

69 3406 178 3429 unuin
201 3395 347 3432 fortasse
368 3395 434 3433 erit
453 3397 548 3447 quod
572 3398 606 3434 iu
626 3408 764 3435 oratore
785 3408 903 3437 nostro
925 3398 1163 3450 reprehendas
1179 3415 1187 3442 ;
1206 3407 1390 3448 troporum
1407 3410 1531 3446 ueuipe
1549 3409 1588 3431 ae
1604 3393 1884 3430 similitudinum
1904 3392 2136 3441 frequentiam
2151 3420 2158 3430 .

71 3467 140 3504 qua
157 3453 199 3492 ad
223 3470 385 3496 nauseant
409 3471 521 3509 usque
542 3459 716 3498 redundat
735 3461 861 3499 oratio.
883 3460 952 3498 Sed
974 3460 1007 3497 id
1028 3460 1104 3500 vitii
1127 3474 1202 3497 wvo
1219 3459 1336 3512 potius
1352 3457 1600 3510 Chrysostoini
1620 3471 1726 3507 quani
1748 3456 2003 3505 (Ilirysmtonio
2023 3453 2160 3490 adseri-
