2549 3825
840 242 900 272 AD
935 237 1209 271 THEODORUM
1247 234 1441 267 LAPSUM.
1482 237 1512 266 t.

140 331 311 382 ὠφελοῦσι
326 329 384 368 τὸν
406 329 545 366 ἅπαντα
567 327 608 364 ἂν
630 325 930 377 ἀπησχολήσαμεν
946 322 1083 376 χρόνον,
1102 321 1162 358 καὶ

140 394 201 436 τ’ἧς
231 392 346 441 ψυχῆς
371 389 504 441 σφόδρα
528 387 567 426 ἂν
595 385 838 437 ἠμελήσαμεν.
865 384 982 422 “Onon
1009 382 1077 434 γὰρ
1103 384 1162 418 νῦν

141 452 205 488 οὒκ
219 450 322 497 οὔσης
340 453 374 488 ἐν
392 453 477 500 ἡμῖν
499 453 559 495 τῆς
580 446 732 492 ἐξουσίας
751 446 879 492 ταύτης
897 445 1037 483 ἅπαντα
1054 441 1163 495 πράτ-

137 527 247 562 τομεν
286 511 346 549 καὶ
378 511 568 562 βιαζόμεθα
588 540 597 557 ,
617 513 631 528 ⁰
647 508 706 546 καὶ
723 506 972 559 σκιαγραφίαις
1003 504 1164 543 ἐκδιδόα-

140 589 203 624 μεν
225 572 383 618 ἑαυτοὺς,
416 571 475 610 καὶ
510 569 630 617 ἐπειδὴ
656 572 700 620 τῇ
719 568 866 621 ἀληθεία
888 567 936 618 μὴ
960 565 1137 616 δυνάμεθα
1154 594 1163 612 ,

139 633 198 672 καὶ
227 633 394 686 χρώμασι
426 633 485 671 καὶ
517 635 643 683 βαφαῖς
673 630 732 669 καὶ
763 628 920 668 συνθέσει
946 629 1077 680 τριχῶν
1105 625 1164 663 καὶ

139 695 288 745 ἱματίων
307 696 510 746 περιὸολαῖς
532 693 591 731 καὶ
609 697 758 745 γραφαῖς
779 693 982 743 ὀφθαλμῶν,
1000 689 1059 727 καὶ
1079 689 1164 726 πολ-

140 758 212 798 λοῖς
231 756 360 807 ἑτέροις
381 754 616 807 μηχανήμασι
637 756 784 791 τοιαῦτα
803 752 1014 803 σοφιζόμεθα
1033 749 1161 795 κάλλη·

141 816 220 853 τίνα
243 815 282 852 ἂν
301 819 344 867 τῇ
366 818 459 867 ψυχῇ
487 814 618 866 σχολὴν
649 812 889 863 ἀπενείμαμεν
905 841 914 859 ,
936 813 965 849 εἷ
995 809 1081 861 πρὸς
1100 808 1164 855 τὴν

141 876 247 919 ὅντως
281 876 364 913 αὐτὸ
392 876 582 927 εὐμορφίαν
621 877 824 927 μεταθεῖναι
863 873 1026 925 εἴχομεν,
1058 871 1166 922 Τάχα

142 938 211 989 γὰρ
230 937 301 975 οὐδ’
330 936 370 974 ἂν
399 936 534 988 ἐγένετο
562 940 647 987 ἡμῖν
679 935 778 988 ἔργον
808 932 980 986 Ῑὲτερον,
1012 934 1042 970 εἷ
1065 936 1167 970 τοῦτο

144 996 243 1048 ἔργον
278 997 447 1049 ἡμέτερον
488 991 530 1044 ἦν
552 1027 561 1044 ,
599 996 690 1034 ἀλλὰ
725 995 842 1035 πάντα
870 995 929 1033 τὸν
967 992 1091 1045 χρόνον
1126 991 1165 1029 ἂν

144 1057 375 1108 ἀνηλώσαμεν
394 1071 401 1078 ·
421 1056 485 1104 τὴν
506 1056 568 1107 μὲν
588 1057 716 1104 δούλην
739 1055 1017 1099 καλλωπίζοντες
1035 1052 1167 1105 μυρίοις

145 1120 412 1168 καλλωπισμοῖς
429 1148 439 1166 ,
455 1117 519 1165 τὴν
539 1117 575 1156 δὲ
597 1117 726 1165 ταύτης
746 1117 867 1169 κυρίαν
888 1115 1016 1159 παντὸς
1038 1115 1169 1166 ἀνδρα-

145 1179 252 1218 πόδου
278 1181 409 1229 μᾶλλον
433 1182 468 1217 ἐν
489 1179 647 1233 ἀμορφία
676 1178 736 1217 καὶ
764 1177 916 1232 ῥᾳθυμία
944 1179 1067 1220 ἐῶντες
1094 1180 1170 1214 κεῖ-

147 1243 227 1278 σθαι
257 1240 455 1284 διαπαντός.
483 1242 552 1278 Διὰ
575 1244 675 1278 τοῦτο
700 1238 830 1284 ταύτης
857 1241 952 1289 ἡμᾶς
970 1242 1033 1285 τῆς
1058 1252 1170 1276 κακο-

149 1301 294 1353 σχολίας
315 1301 521 1346 ἀπαλλάξας
541 1304 558 1339 ὁ
579 1301 682 1349 Θεὸς,
711 1303 771 1339 τοῦ
794 1301 969 1352 βελτίονος
994 1303 1079 1350 ἡμῖν
1108 1298 1170 1345 τὴν

147 1363 274 1415 τέχνην
303 1363 441 1410 ἐνέθηκε
458 1392 467 1410 ,
490 1362 549 1400 καὶ
576 1366 593 1400 ὁ
613 1363 652 1401 τὸ
681 1364 785 1413 σῶμα
815 1361 863 1412 μὴ
898 1361 1086 1411 δυνάμενος
1115 1360 1172 1398 εὔ-

151 1439 282 1475 μορφον
296 1426 443 1469 ποιῆσαι
463 1423 497 1468 ἐξ
517 1425 710 1476 εἷδεχθοῦς,
738 1417 835 1466 οὗτος
853 1422 916 1469 τὴν
942 1422 1059 1474 ψυχὴν
1076 1452 1083 1469 ,
1106 1421 1171 1460 κᾶν

151 1487 199 1528 εἷς
219 1484 373 1536 ἐσχάτην
391 1485 566 1523 δυσειδίαν
585 1487 803 1536 κατενεχθῇ,
824 1487 873 1528 εἷς
899 1484 1007 1530 αὐτὴν
1027 1483 1091 1530 τὴν
1110 1487 1173 1530 τῆς

151 1546 243 1597 ὥρας
264 1547 451 1598 ἀναγαγεῖν
468 1546 654 1593 δυνήσεται
674 1545 829 1599 κορυφὴν
843 1575 852 1592 ,
877 1545 935 1583 καὶ
954 1544 1062 1588 οὕτως
1090 1545 1174 1583 ἐπέ-

154 1622 280 1659 ραστον
299 1609 446 1652 ποιῆσαι
466 1607 525 1644 καὶ
553 1606 716 1654 ποθεινὴν
732 1636 744 1652 ,
768 1606 858 1644 ὥστε
885 1606 934 1656 μὴ
964 1606 1066 1656 μόνον
1095 1605 1175 1649 τοὺς

151 1668 280 1719 ἄνδρας
311 1667 390 1710 τοὺς
411 1667 561 1718 ἀγαθοὺς
600 1669 647 1711 εἷς
681 1666 868 1717 ἐπιθυμίαν
899 1669 1005 1714 αὐτῆς
1034 1669 1172 1715 ἐλθεῖν,

153 1728 243 1766 ἀλλὰ
261 1728 319 1766 καὶ
336 1728 438 1767 αὐτὸν
458 1728 515 1766 τὸν
535 1731 604 1767 τῶν
627 1729 792 1767 ἁπάντων
815 1728 964 1779 βασιλέα
989 1728 1048 1767 καὶ
1065 1728 1172 1776 Θεὸν,

152 1788 267 1832 καθὼς
283 1788 343 1827 καὶ
359 1792 376 1828 ὃ
395 1790 585 1842 ψαλμῳδὸς
604 1789 685 1842 περὶ
709 1788 830 1828 τούτου
853 1794 912 1828 τοῦ
934 1791 1080 1834 κάλλους
1098 1792 1176 1828 δια-

152 1851 338 1901 λεγόμενος
370 1851 490 1902 ἔλεγε·
527 1851 597 1890 Καὶ
626 1851 837 1902 ἐπιθυμήσει
872 1855 890 1890 ὁ
921 1850 1082 1903 βασιλεὺς
1113 1855 1174 1891 τοῦ

153 1912 302 1957 κάλλους
333 1928 408 1951 σου.
443 1914 525 1965 Οὐχ
553 1916 634 1966 ὁρᾷς
665 1913 724 1952 καὶ
754 1915 789 1952 ἐν
810 1920 880 1957 τοῖς
909 1914 1181 1966 χαμαιτυπείοις

152 1976 222 2011 τῶν
245 1976 443 2025 γυναικῶν,
466 1974 520 2012 ὅτι
538 1974 601 2017 τὰς
624 1974 685 2025 μὲν
711 1975 878 2027 εἰδεχθεῖς
901 1975 960 2013 καὶ
989 1975 1180 2027 ἀναισχύν-

153 2050 231 2079 τους
258 2035 453 2087 μονομάχοι
484 2035 544 2073 nod
575 2035 744 2088 δραπέται
766 2037 825 2075 καὶ
843 2036 1056 2089 θηριομάχοι
1080 2036 1180 2087 μόλις

156 2094 196 2134 ἂν
215 2095 421 2148 πρόσοιντο·
446 2099 476 2136 εἰ
508 2098 544 2136 δέ
576 2096 643 2135 πού
671 2113 723 2141 τις
751 2098 921 2150 εὔμορφος
952 2097 1010 2135 καὶ
1038 2096 1179 2149 εὐγενὴς

155 2157 214 2195 καὶ
246 2158 464 2210 αἰσχυντηρὰ
498 2158 589 2196 κατά
621 2174 700 2196 τινα
727 2158 937 2210 περίστασιν
969 2159 1015 2201 εἷς
1047 2158 1178 2206 ταύτην

156 2218 250 2256 ἔλθοι
273 2218 336 2265 τὴν
357 2219 529 2271 ἀνάγκην,
560 2219 639 2258 οὐδὲ
666 2222 735 2258 τῶν
761 2220 895 2272 σφόδρα
914 2221 1089 2271 λαμπρῶν
1120 2220 1180 2258 καὶ

156 2280 319 2332 μεγάλων
339 2282 472 2332 ἀνδρῶν
490 2281 547 2319 τὸν
568 2281 702 2328 ἐκείνης
720 2297 772 2324 τις
790 2281 903 2332 γάμον
925 2280 1179 2333 ἐρυθριάσειεν;

155 2343 201 2379 Εἰ
220 2341 255 2378 δὲ
277 2341 375 2394 παρὰ
397 2341 592 2394 ἀνθρώποις
612 2346 772 2385 τοσοῦτος
793 2342 886 2385 ἔλεος
901 2371 910 2387 ,
939 2341 998 2379 καὶ
1026 2341 1178 2388 τοσαύτη

156 2401 255 2447 δόξης
282 2401 454 2453 ὑπεροψία
472 2432 481 2449 ,
513 2402 604 2440 ὥστε
636 2403 698 2446 τὰς
721 2403 893 2446 πολλάκις
913 2402 1181 2454 καταισχυνθεί-

156 2478 218 2505 σας
238 2462 294 2499 ἐπὶ
314 2465 374 2500 τοῦ
401 2466 414 2482 ³
431 2462 553 2514 τέγους
585 2462 786 2507 ἀπαλλάξαι
809 2467 871 2510 τῆς
901 2462 1057 2507 δουλείας
1084 2464 1178 2501 ἐκεί-

157 2539 241 2571 νης,
262 2522 322 2561 καὶ
343 2525 376 2560 ἐν
408 2523 503 2568 τάξει
536 2522 629 2576 ἔχειν
660 2527 835 2573 γυναικῶν
854 2553 863 2570 ,
895 2525 1015 2576 πολλῷ
1045 2526 1178 2573 μᾶλλον

156 2584 214 2623 ἐπὶ
250 2587 310 2622 τοῦ
343 2584 582 2623 Θεοῧ·τοῧτό
619 2587 720 2632 ἐστι,
764 2585 822 2622 καὶ
854 2588 922 2622 τῶν
957 2587 1079 2636 ψυχῶν
1109 2589 1179 2623 τῶν

156 2646 226 2685 ἀπὸ
243 2648 306 2691 τῆς
333 2645 463 2684 ἄνωθεν
497 2645 670 2697 εὐγενείας
706 2646 798 2684 κατὰ
827 2646 890 2693 τὴν
921 2651 981 2684 τοῦ
1018 2646 1180 2685 διαέόλου

156 2705 341 2758 τυραννίδα
373 2709 420 2749 εἰς
449 2705 489 2744 τὸ
521 2712 581 2745 τοῦ
611 2706 783 2758 παρόντος
816 2707 890 2759 βίου
921 2713 1179 2760 χαμαιτυπεῖον

155 2767 485 2817 1’καταπεσουσῶν;
517 2768 588 2806 Καὶ
625 2768 757 2807 τούτων
778 2769 936 2822 εὑρήσεις
962 2771 1031 2806 τῶν
1062 2784 1180 2821 παρα-

157 2829 354 2880 δειγμάτων
377 2828 455 2873 τοὺς
475 2829 657 2882 προφήτας
672 2830 968 2883 πεπληρωμένους
982 2862 990 2878 ,
1012 2830 1094 2868 ὅταν
1110 2832 1181 2868 δια-

157 2890 327 2941 λέγωνται
350 2892 393 2940 τῇ
409 2889 653 2943 Ἰερουσαλήμ·
677 2892 736 2929 καὶ
759 2891 828 2944 γὰρ
853 2892 988 2938 ἐκείνην
1017 2894 1063 2935 εἰς
1095 2908 1178 2944 πορ-

156 2948 248 2986 νείαν
269 2951 488 2999 ἐμπεσοῦσαν
503 2979 512 2996 ,
529 2949 692 3002 πορνείαν
713 2950 791 2988 τινὰ
811 2951 1032 3003 καινοτέραν,
1062 2950 1177 2994 καθὼς

155 3010 214 3047 καὶ
235 3013 253 3047 ὃ
272 3009 441 3056 Ἱεζεκιήλ
461 3026 546 3062 φησι
562 3027 568 3034 ·
587 3010 727 3055 Πάσαις
742 3011 886 3064 πόρναις
902 3012 1032 3050 δίδοται
1049 3012 1178 3063 μισθώ-

156 3087 249 3122 ματα
267 3100 278 3121 ,
300 3069 341 3109 σὺ
363 3070 398 3109 δὲ
421 3070 632 3123 προσεδίδως
647 3071 861 3124 μισθώματα
876 3102 884 3120 ,
902 3073 959 3110 καὶ
980 3073 1115 3124 ἐγένετο
1141 3075 1175 3112 ἰν

199 3221 213 3234 ⁰
242 3208 378 3252 Aliquot
393 3209 469 3243 MSS.
496 3214 544 3243 καὶ
561 3216 766 3256 σκιαγραφίαις
784 3216 872 3246 τοῦτο
896 3216 1068 3256 &diffibulat-‚⁴
1091 3216 1161 3247 hu-

157 3270 227 3298 τοῑς.
247 3261 256 3305 1
273 3260 460 3302 Legebantur
485 3262 517 3292 in
536 3269 639 3301 textit,
658 3274 695 3294 ex
712 3263 874 3304 Mori-llio,
892 3272 928 3296 ut
946 3264 1074 3297 ridetur
1093 3276 1099 3298 :
1118 3271 1163 3298 καὶ

157 3330 203 3348 on·
221 3321 307 3348 τοῦτο
321 3317 490 3357 annosam
506 3317 632 3354 ἑαυτοῖς,
650 3319 791 3356 &anfi-ip„

159 3376 235 3408 μῶν.
258 3389 279 3397 ..
296 3369 336 3400 τὰ
362 3370 542 3400 *colubra-n·
561 3375 599 3410 τῇ
616 3372 695 3410 ψυχῇ
718 3374 765 3402 καὶ
790 3377 848 3408 τοῖς
866 3373 1028 3409 σηονδιὶιιις
1046 3375 1163 3414 σχολήν4

159 3419 226 3452 Nos
237 3416 395 3454 Suvilium
411 3417 512 3453 secuti
527 3429 649 3452 sumus.
667 3420 675 3460 ]

1197 1676 1222 1706 Ε

2137 223 2196 269 25

1237 318 1480 367 n1us‚animae
1508 333 1591 357 cura
1619 332 1764 371 prorsus
1788 319 1958 370 neglecta.
1980 319 2072 357 Cum
2102 321 2195 358 enim

1238 388 1363 430 negata
1384 380 1487 419 nobis
1505 379 1712 431 hujusmodi
1729 380 1896 418 facultate
1906 394 2000 418 nunc
2015 381 2132 419 omnia
2145 383 2196 420 sa-

1237 439 1386 487 ciamus,
1402 442 1520 479 omnia
1540 442 1743 486 moliamur,
1756 455 1796 479 ac
1815 455 1896 479 cum
1916 456 2036 480 veram
2052 444 2194 494 assequi

1238 500 1390 551 speciem
1412 516 1648 552 nequeamus,
1668 502 1861 554 pigmentis
1875 503 1975 540 illam
1991 504 2094 542 nobis
2112 505 2198 542 vin-

1238 560 1410 609 dicemus,
1425 577 1465 600 ae
1481 563 1675 609 coloribus,
1692 562 1857 614 picturis,
1878 563 2091 615 capillorum
2112 579 2198 603 con-

1239 621 1409 659 cinnitate
1422 652 1433 668 ,
1456 623 1612 660 vestium
1645 622 1778 660 amictu
1794 653 1804 668 ,
1843 623 2028 662 oculorum
2059 626 2198 677 pictura

1239 681 1392 732 aliisque
1410 683 1535 721 multis
1556 683 1732 722 machinis
1747 683 1873 720 falsam
1894 684 2199 735 pulchritudinem

1239 743 1475 780 ementiamur
1489 773 1501 793 ,
1522 744 1702 794 quodnam
1723 743 1881 781 studium
1903 744 2030 783 animae
2047 756 2079 784 et
2095 747 2201 786 rebus

1241 802 1400 842 honestis
1418 817 1643 855 poneremus,
1660 804 1689 842 si
1710 818 1838 856 corpus
1858 804 1892 841 in
1913 805 2099 856 pulchram
2122 808 2200 845 for-

1242 880 1337 904 mam
1359 874 1496 903 mutare
1526 866 1738 917 possemus?
1755 866 1901 903 Nullam
1923 867 2071 905 fortasse
2093 868 2199 906 aliam
2346 911 2350 914 ,

1243 941 1387 979 operam
1406 927 1689 979 susciperemus,
1711 926 1739 964 si
1763 927 1839 965 haec
1867 936 1993 965 nostrae
2021 929 2201 968 facultatis
2238 908 2406 979 {ffllcfflfl'cuf}

1241 995 1344 1034 esset,
1355 985 1417 1024 sed
1431 994 1546 1023 totum
1560 1000 1846 1024 consumeremus
1856 995 1994 1039 tempus
2010 997 2047 1025 ut
2061 1003 2198 1028 servam
2230 1000 2286 1036 ΠΨ]
2297 980 2406 1026 roscst·

1243 1047 1395 1085 infinitis
1414 1047 1630 1085 ornamentis
1659 1047 1907 1085 decoraremus
1923 1079 1931 1096 ,
1949 1048 2034 1086 dum
2055 1049 2198 1089 domina
2215 1040 2317 1058 ⁰⁰¹¹„ae
2331 1043 2409 1059 ⁵⁹⁰¹*

1243 1108 1325 1161 plus
1346 1122 1453 1159 quam
1469 1108 1541 1147 vile
1561 1108 1782 1161 mancipium
1802 1109 1837 1146 in
1854 1109 2078 1148 deformitate
2094 1121 2128 1149 et
2143 1125 2202 1149 se-

1244 1170 1511 1223 gnitiejacei·et.
1525 1170 1604 1217 Qua
1616 1169 1661 1208 de
1675 1184 1778 1208 causa
1792 1171 1903 1217 Deus,
1917 1171 2056 1210 ademta
2072 1172 2205 1212 infelici

1243 1246 1341 1278 cura,
1364 1231 1523 1269 melioris
1537 1231 1587 1269 rei
1604 1240 1716 1270 artem
1730 1232 1832 1270 nobis
1850 1232 2005 1282 indidit3
2023 1233 2070 1271 ita
2092 1235 2205 1285 utqui

1245 1308 1375 1346 corpus
1395 1308 1437 1331 ex
1454 1293 1607 1331 deformi
1624 1293 1764 1345 elegans
1784 1293 1934 1332 reddere
1948 1309 2017 1332 non
2034 1304 2162 1347 potest,
2176 1297 2206 1335 is

1246 1356 1355 1409 possit
1374 1356 1528 1394 animam
1545 1385 1555 1404 ,
1569 1355 1708 1393 etiamsi
1724 1356 1760 1392 in
1783 1365 1979 1395 extremam
1996 1356 2206 1396 deformita-

1247 1427 1318 1455 tem
1334 1416 1520 1464 deciderit,
1534 1416 1570 1453 in
1585 1431 1759 1454 summam
1778 1417 2086 1468 pulchritudinem
2102 1418 2208 1456 redu·

1248 1493 1327 1518 cere
1340 1509 1351 1527 ,
1372 1478 1530 1529 adeoque
1544 1477 1734 1515 amabilem
1751 1477 2025 1529 jucundamque
2041 1478 2204 1527 reddere,

1249 1550 1370 1578 utnon
1384 1540 1488 1592 probi
1505 1548 1642 1576 tantum
1659 1539 1814 1584 viri,sed
1831 1539 1936 1577 etiam
1949 1540 2110 1577 omnium
2128 1543 2208 1579 Rex

1250 1610 1282 1639 et
1302 1603 1400 1638 Deus
1422 1600 1457 1637 in
1473 1600 1549 1652 ejus
1569 1599 1892 1651 concupiscentiam
1914 1600 2029 1637 veniat
2053 1616 2060 1637 ε
2084 1615 2210 1651 quem*-

1250 1661 1448 1700 admodum
1472 1669 1505 1697 et
1522 1660 1705 1712 psalmista
1723 1658 1767 1697 de
1782 1659 1842 1697 illa
1859 1660 2132 1712 pulchritudine
2152 1662 2207 1700 lo-

1250 1724 1392 1775 quitur:
1406 1724 1459 1760 Et
1492 1725 1737 1773 concupiscet
1774 1735 1841 1759 rea:
1879 1723 2054 1760 decorem
2084 1732 2205 1761 tuum.

1251 1788 1380 1823 Annon
1404 1783 1507 1823 vides
1524 1783 1559 1821 in
1586 1783 1821 1835 lupanaribus
1837 1782 2014 1823 deformes
2037 1795 2070 1823 et
2090 1786 2209 1839 impu-

1250 1846 1373 1884 dentes
1383 1846 1550 1883 mulieres
1566 1859 1609 1882 ne
1628 1858 1647 1881 a
1668 1845 1925 1896 gladiatoribus
1942 1846 2100 1897 quidem,
2117 1848 2211 1898 sugi-

1253 1906 1349 1953 tivis,
1363 1915 1396 1944 et
1415 1907 1458 1944 iis
1481 1906 1542 1957 qui
1564 1920 1646 1944 cum
1666 1906 1788 1943 bestiis
1805 1906 2178 1958 depugnant,admitti
2198 1924 2209 1959 ;

1254 1969 1283 2007 si
1304 1984 1373 2020 qua
1389 1982 1474 2006 vero
1493 1968 1538 2005 sit
1558 1967 1712 2005 formosa
1726 1998 1736 2013 ‚
1755 1967 1909 2018 ingenua
1930 1978 1961 2005 et
1985 1968 2212 2020 pudibunda,

1255 2044 1334 2080 quae
1354 2028 1555 2067 calamitate
1569 2027 1772 2079 quadamin
1793 2029 1895 2065 talem
1916 2029 2080 2067 inciderit
2095 2044 2215 2068 neces-

1256 2091 1394 2129 sitatem
1410 2121 1421 2137 ,
1447 2104 1528 2128 euin
1553 2103 1702 2126 uxorem
1729 2088 1858 2127 ducere
1878 2104 1919 2127 nc
1945 2090 2043 2128 viros
2066 2091 2213 2141 quidem

1256 2166 1403 2204 magnos
1423 2161 1456 2189 et
1476 2150 1671 2203 splendidae
1687 2150 1837 2187 fortunae
1855 2150 2060 2189 erubescere
2072 2152 2089 2188 3‘
2106 2151 2214 2199 Quod

1255 2214 1284 2252 si
1303 2223 1397 2252 tanta
1414 2222 1465 2250 est
1483 2211 1581 2264 apud
1598 2211 1759 2250 homines
1775 2212 2032 2259 misericordia,
2049 2222 2080 2249 et
2095 2221 2214 2250 tantus

1255 2276 1376 2327 gloriae
1395 2283 1611 2321 contemtus,
1633 2283 1665 2312 et
1685 2289 1776 2326 szepe
1796 2274 1895 2321 illas,
1919 2289 1997 2325 quae
2024 2275 2059 2312 in
2081 2276 2214 2312 fornice

2266 866 2408 903 Corporis

2219 1084 2270 1112 per
2286 1080 2392 1111 potest.

2229 1729 2306 1759 Psal
2327 1732 2380 1769 [45.

2230 1770 2277 1800 13.

1234 2356 1238 2357 ⁷
1254 2337 1450 2389 ignominia
1466 2345 1547 2374 sunt
1563 2336 1697 2373 affectae
1710 2366 1720 2384 ,
1734 2335 1779 2372 ab
1793 2335 1853 2372 illa
1870 2336 2039 2373 servitute
2050 2336 2213 2381 liberent,

1252 2409 1285 2437 ct
1311 2413 1374 2451 pro
1400 2397 1616 2449 conjugibus
1636 2397 1788 2434 babeant
1807 2412 1814 2432 :
1831 2406 1964 2447 quanto
1984 2398 2099 2448 major
2115 2396 2213 2449 apud

1255 2460 1372 2496 Deum
1383 2459 1450 2496 erit
1464 2471 1545 2508 erga
1560 2458 1711 2501 animas,
1726 2471 1803 2507 quae
1819 2471 1881 2508 per
1899 2457 2124 2509 tyrannidem
2135 2457 2214 2494 dia-

1255 2518 1329 2556 boli
1347 2534 1364 2556 a
1386 2518 1500 2570 prisea
1521 2517 1582 2554 illa
1603 2517 1789 2554 nobilitate
1809 2517 1843 2553 in
1865 2518 2047 2568 praesentis
2057 2519 2140 2555 vita:
2155 2518 2213 2554 lu-

1256 2594 1368 2632 panar
1383 2579 1537 2616 reducta:
1549 2577 1883 2628 suntE‘llujusmodi
1900 2579 2062 2630 exempla
2080 2579 2212 2630 passim

1254 2640 1351 2693 apud
1381 2638 1571 2692 propbetas
1600 2637 1774 2689 reperias,
1794 2652 1874 2674 eum
1902 2638 2100 2676 Jerusalem
2121 2640 2214 2677 allu-

1255 2711 1425 2753 quuutur,
1441 2715 1519 2751 qua:
1541 2700 1663 2750 utique
1680 2699 1713 2736 iu
1734 2699 2002 2737 fornicationem
2025 2700 2211 2743 inciderat,

1255 2763 1326 2801 imo
1346 2762 1611 2801 lbruieationem
1633 2760 1714 2798 novi
1739 2760 1889 2811 generis,
1905 2762 2209 2811 quemadmodum

1253 2825 1303 2863 ait
1330 2823 1494 2863 Ezechiel
1521 2839 1529 2860 :
1560 2824 1747 2859 Omnibus
1776 2824 2038 2860 meretricibus
2067 2825 2211 2861 dantur·
2229 2845 2337 2874 gnst-
2354 2845 2399 2873 ,(ῑ,

1254 2887 1458 2930 mercedes,
1473 2893 1511 2922 tu
1529 2898 1621 2921 vero
1644 2883 1833 2920 mercedes
1848 2884 1986 2928 dabas,
2004 2893 2038 2921 ct
2055 2886 2160 2936 apud
2175 2895 2210 2923 te
2227 2885 2278 2915 33-

1253 2950 1403 2986 diverso
1421 2947 1533 2984 modo
1551 2947 1692 2995 agitur,
1716 2958 1830 2996 (Ιιιιιηι
1853 2946 2142 2993 ‹1J›11d1·‹i>t‹·1·‹1s.
2168 2947 2212 2984 lit

1250 3010 1355 3055 alius,
1375 3009 1514 3046 sedisti
1529 3014 1754 3057 ‹·.1·sJ›‹·ctcins
1775 3019 1836 3042 eos
1855 3014 2054 3057 tamquam
2076 3010 2212 3044 cornili-
2227 3027 2290 3057 ,ιη’
2311 3030 2340 3058 3-
2361 3040 2387 3059 2·

1250 3074 1413 3111 deserta.
1431 3070 1526 3106 lluuc
1541 3069 1658 3119 itaque
1679 3066 1727 3104 sic
1745 3066 1954 3105 fornicatam
1971 3082 2114 3106 rursum
2132 3083 2212 3107 ero-

1242 3213 1255 3238 s
1279 3212 1336 3243 Sux
1348 3209 1380 3242 il.
1394 3217 1425 3241 et
1443 3207 1579 3252 quidam
1598 3208 1676 3239 Mss.
1690 3212 1790 3252 §riltiv
1808 3223 1833 3241 τι
1848 3213 1875 3240 ἑν
1889 3218 1928 3251 τῷ
1942 3215 2010 3251 βιῳ,
2027 3215 2050 3242 εἰ
2065 3217 2151 3244 wito
2165 3221 2209 3244 rs.

1244 3275 1257 3287 ι·
1284 3264 1356 3294 Duo
1374 3264 1450 3293 Mssa
1472 3265 1601 3302 crisa-«5.
1626 3260 1717 3292 luti-a
1742 3259 1843 3293 smil.
1869 3268 1901 3292 et
1926 3272 2008 3292 unus
2027 3261 2111 3293 (lod.
2131 3268 2210 3304 2-,375-

800 3341 807 3348 .
826 3322 873 3351 καὶ
897 3328 1037 3364 οτροραὶς
1051 3322 1165 3362 ὀρθαλ-
1204 3322 1278 3353 vem
1297 3321 1343 3348 κιὶ
1362 3318 1548 3358 adaperui&-

1249 3369 1263 3392 ἱ·
1287 3366 1389 3398 savit.
1418 3374 1448 3396 et
1479 3377 1560 3397 uuus
1591 3365 1662 3396 (tou
1712 3379 1976 3407 ,a·rrz·.=‚;v·.·,·u1;1.1·..
2006 3365 2105 3398 l'aulu
2128 3366 2210 3398 insta

1205 3419 1290 3454 idem
1308 3425 1493 3454 c'aemwwm.
