2549 3825
862 252 919 282 DE
957 252 1048 282 Nox
1089 251 1318 283 t'rERANno
1353 252 1585 284 CONJUGlO.

198 335 274 374 οὔτε
292 335 411 383 αὐλὸς,
427 333 503 372 οὕτε
520 332 658 386 κρότοι,
673 332 750 371 οὔτε
769 332 944 383 ὑμέναιος,
957 333 1035 371 οὔτε
1054 332 1217 386 ὀρχήμα-

199 411 258 441 τα,
272 395 349 433 οὔτε
366 394 528 446 στέφανοι
541 394 722 446 νυμφικοὶ,
733 393 810 432 οὔτε
824 394 910 432 ἄλλο
925 411 958 432 τι
973 397 1040 432 τῶν
1054 396 1219 433 τοιούτων

199 455 260 502 τὴν
282 455 431 507 ἑσπέραν
457 458 644 506 κοσμοῦσιν
666 455 799 502 ἐκείνην
812 485 822 502 ,
842 455 932 494 ἀλλὰ
951 456 1090 494 πάντων
1111 456 1219 502 αὐτὴν

199 515 510 566 ἀποκοσμῆσαντες
524 546 535 565 ,
568 515 676 559 οὕτως
714 515 956 568 ἀστεφάνωτον
1001 517 1124 568 ἄγουσι
1161 517 1220 554 τὸν

199 577 306 628 ἄνδρα
325 577 408 628 πρὸς
427 577 489 623 τὴν
511 577 635 630 ’χήραν
664 583 830 628 γυναῖκα,
855 578 1038 630 μονονουχὶ
1072 581 1220 629 βοῶντες

200 637 255 674 διὰ
274 638 404 676 τούτων
434 638 488 676 ὅτι
514 638 630 677 πάντα
658 638 866 690 συγγνώμης
886 638 963 683 ἄξια
989 639 1219 691 πράττουσιν,

201 699 278 736 ἀλλ’
297 701 359 736 οὐκ
375 697 526 737 ἐπαίνων
541 698 600 738 καὶ
620 699 752 751 κρότων
771 699 831 737 καὶ
850 699 1041 753 στεφάνων.

251 1063 335 1105 Πῶς
361 1056 417 1100 οῧν
431 1064 449 1100 ὃ
468 1063 609 1105 Παῦλος
635 1060 792 1100 ἐκώλυσε
822 1060 983 1113 χηρεύειν
997 1090 1007 1108 ,
1034 1061 1139 1112 φησὶ,
1159 1061 1219 1100 καὶ

199 1122 411 1174 βουλομένας
440 1122 502 1166 τὰς
521 1122 617 1169 νέας,
641 1122 768 1161 οὑτωσὶ
787 1123 927 1173 γράφων
941 1138 949 1145 ·
971 1122 1155 1175 Νεωτέρας
1184 1122 1221 1161 δὲ

196 1183 309 1236 χήρας
328 1187 499 1234 παραιτοῦ
513 1198 523 1229 ;
539 1184 620 1234 Οὐχ
638 1186 655 1221 ὁ
676 1184 813 1225 Παῦλος
833 1182 894 1226 τὰς
915 1183 1124 1234 βουλομένας
1148 1200 1218 1236 χη-

200 1244 307 1296 ρεύειν
334 1243 507 1282 ἐκώλυσεν
520 1273 529 1290 ,
545 1245 622 1282 ἀλλ’
640 1246 769 1282 ἐκεῖναι
789 1244 849 1281 καὶ
867 1243 924 1281 τὸν
951 1245 1091 1283 Παῦλον
1111 1244 1221 1296 ἠνάγ-

197 1321 310 1344 κασαν
331 1305 379 1355 μὴ
407 1305 614 1356 βουλόμενον
636 1308 754 1343 τοῦτον
779 1304 1007 1348 διατάξασθαι
1029 1305 1087 1343 τὸν
1114 1305 1219 1355 νόμον

197 1369 335 1409 αὐταῖς·
351 1367 380 1403 εἷ
397 1366 464 1418 γὰρ
483 1369 542 1403 τοῦ
572 1359 712 1404 Παύλου
728 1364 768 1402 τὸ
787 1364 923 1415 θέλημα
945 1365 1060 1416 βούλει
1078 1370 1220 1415 μαθεῖν,

197 1427 300 1465 ἄκουε
315 1426 348 1464 τί
368 1443 470 1479 φησι·
494 1426 598 1466 Θέλω
624 1426 658 1464 δὲ
685 1427 819 1469 πάντας
844 1426 1046 1478 ἀνθρώπους
1065 1421 1153 1465 εἶναι
1173 1430 1220 1470 ὡς

195 1487 256 1525 καὶ
285 1489 448 1537 ἐμαυτὸν,
467 1489 501 1524 ἐν
522 1487 722 1541 ἐγκρατείᾳ.
744 1488 856 1527 ΞὨστε
877 1490 939 1526 οὐκ
960 1487 999 1524 ἂν
1020 1488 1220 1540 ἐμαχέσατο

195 1549 308 1600 ἑαυτῷ
321 1577 331 1594 ,
349 1549 425 1586 οὐδὲ
445 1548 682 1599 ἐναντιολογίᾳ
700 1549 850 1599 τοσαύτῃ
871 1548 1076 1599 περιέπεσεν
1097 1552 1115 1587 ὁ
1145 1565 1219 1598 μα-

195 1608 313 1661 κάριος
341 1610 490 1656 ἐκεῖνος,
509 1609 578 1646 οὐδ’
597 1608 637 1645 ἂν
657 1611 674 1645 ὁ
695 1609 829 1652 πάντας
860 1608 1061 1660 ἀνθρώπους
1094 1610 1217 1660 βουλό-

1243 1069 1268 1099 Ε

1229 1646 1279 1670 353

2147 241 2232 299 451

1296 334 1499 386 hujusmodi
1513 334 1778 373 matrimonium
1790 332 2024 383 instituerent,
2033 334 2093 373 sed
2105 344 2244 373 tantum

1294 402 1390 430 metu
1413 392 1580 439 adducti,
1601 408 1644 431 ne
1659 393 1804 445 gravius
1829 393 1974 444 aliquod
1993 394 2127 432 malum
2147 394 2244 432 exsi-

1294 461 1420 499 steret,
1451 453 1623 491 secundas
1658 454 1801 506 nuptias
1833 455 1929 492 omni
1962 455 2025 492 illa
2056 454 2245 507 splendida

1294 526 1424 564 pompa
1437 514 1653 565 spoliarunt:
1666 528 1780 565 neque
1792 515 1884 552 enim
1897 515 2001 561 tibia,
2017 529 2130 566 neque
2144 515 2246 568 plau-

1294 586 1373 621 sus,
1401 588 1513 625 neque
1541 575 1769 626 hymenaeus,
1801 589 1913 626 neque
1944 576 2102 621 ehoreae,
2131 590 2246 627 neque

1295 647 1431 672 coronae
1448 635 1638 686 nuptiales,
1655 648 1768 685 neque
1801 636 1900 674 aliud
1929 637 2126 687 quidquam
2145 638 2246 688 ejus—

1294 695 1392 732 modi
1406 709 1589 747 vesperam
1606 697 1706 734 illam
1721 706 1860 744 ornant,
1878 697 1938 734 sed
1954 698 2027 735 haec
2041 700 2158 735 omnia
2175 713 2245 735 au-

1293 757 1464 803 ferentes,
1492 756 1542 794 sic
1561 771 1630 794 non
1651 765 1858 795 coronatum
1882 758 2001 795 virum
2030 758 2078 796 ad
2098 759 2245 796 viduam

1294 816 1482 854 mulierem
1499 816 1684 855 adducunt
1702 833 1709 853 :
1729 826 1867 855 tantum
1887 831 1955 855 non
1976 833 2038 870 per
2066 819 2141 856 haec
2167 821 2246 857 cla-

1295 886 1444 926 mantes,
1463 892 1541 928 quae
1556 878 1647 915 fiunt
1669 879 1787 916 omnia
1805 893 1878 916 esse
1900 882 2044 929 quidem
2067 881 2243 932 ejusmodi

1294 938 1426 989 quibus
1437 939 1540 976 venia
1558 938 1674 986 detur,
1689 940 1751 978 sed
1765 939 1944 986 laudibus,
1967 941 2119 987 coronis,
2139 941 2246 993 plau-

1295 999 1394 1037 sibus
1412 1000 1559 1037 minime
1575 1000 1696 1051 digna.

1348 1061 1386 1098 5.
1411 1060 1485 1097 Cur
1503 1060 1627 1111 igitur,
1647 1061 1759 1108 dices,
1780 1062 1915 1099 Paulus
1929 1062 2108 1114 probibet,
2124 1077 2170 1101 ne
2182 1063 2246 1116 ju-

1294 1119 1424 1167 niores,
1439 1121 1546 1158 etiam
1560 1121 1588 1159 si
1606 1121 1732 1168 velint,
1750 1122 1869 1160 viduae
1883 1124 2073 1161 maneant?
2089 1124 2137 1161 ita
2151 1125 2244 1162 enim

1293 1181 1435 1219 scribit.
1449 1183 1791 1221 Adolescentiores
1803 1193 1932 1222 autem
1946 1186 2087 1223 vlduas
2102 1186 2401 1224 devita.¹·T1''’¹·
2418 1184 2450 1214 5·

1294 1242 1373 1279 Non
1401 1256 1484 1280 sane
1505 1243 1639 1281 Paulus
1668 1243 1924 1295 impedimento
1956 1254 2030 1291 est,
2055 1247 2245 1297 quominus
2262 1234 2321 1294 Hs„
2346 1267 2413 1294 p,u
2419 1277 2452 1294 1„

1294 1316 1372 1352 quae
1392 1303 1519 1342 volunt
1536 1304 1781 1355 virginitatem
1801 1314 1966 1354 servent,
1989 1306 2085 1344 sed
2075 1322 2160 1359 ipsae
2188 1307 2392 1361 [)ο-1“ῐ”ῡ”·’5
2407 1320 2452 1335 Η-

1293 1363 1363 1400 tius
1376 1373 1470 1412 sunt,
1487 1379 1566 1414 quae
1584 1366 1738 1402 Paulum
1753 1380 1793 1403 eo
1808 1367 2023 1404 necessitatis
2039 1368 2246 1421 adegerunt,
2262 1350 2451 1420 ‘risfessfbe‘

1292 1435 1332 1464 ut
1352 1437 1480 1478 praeter
1498 1428 1608 1466 animi
1623 1429 1678 1466 sui
1701 1431 1911 1468 sententiam
1928 1431 2018 1470 hanc
2032 1433 2117 1484 ipsis
2133 1434 2246 1485 legem

1291 1490 1408 1528 ferret.
1431 1493 1521 1529 Nam
1542 1493 1569 1530 si
1593 1493 1690 1531 Pauli
1711 1498 1919 1532 sententiam
1938 1495 1992 1532 vis
2012 1509 2220 1547 cognoscere
2233 1530 2243 1546 ,

1291 1552 1375 1588 audi
1396 1552 1483 1602 quid
1500 1553 1612 1590 dicat:
1634 1555 1729 1591 tolo
1744 1568 1876 1592 omnes
1892 1556 2067 1594 homines
2089 1571 2169 1596 esse
2189 1562 2244 1597 sic
2263 1563 2392 1591 ¹·C01'-
2417 1571 2447 1599 7-

1294 1616 1546 1660 zttmeipsum:
1558 1614 1595 1651 id
1611 1615 1920 1652 estcontinentiam
1939 1630 2091 1655 servare.
2109 1617 2289 1666 Quam-'5‘

196 1684 297 1718 μενος
315 1672 402 1707 εἶναι
429 1671 462 1707 ἐν
493 1668 703 1721 ἐγκρατεῖα,
723 1686 785 1713 τας
814 1670 1025 1720 βουλομένας
1055 1671 1216 1723 γηρεύειν
1244 1684 1267 1712 Α
1291 1672 1414 1710 obrem
1444 1687 1512 1711 non
1551 1674 1620 1711 sibi
1662 1675 1731 1726 ipsi
1766 1676 1974 1714 adversatur
2007 1677 2128 1716 beatus
2159 1680 2244 1727 ille,

194 1730 362 1768 ἐκώλ.υσε
387 1731 469 1774 Πως
494 1734 550 1767 οὐν
571 1745 668 1782 φησι·
691 1731 876 1784 Νεωτέρας
902 1730 937 1769 δε
956 1731 1070 1808 χήρας
1089 1747 1219 1783 παραι-

193 1796 277 1838 τοῧ;
296 1790 389 1829 Ἀλλ
410 1790 506 1835 εἰπὲ,
535 1790 625 1835 τίνος
657 1791 772 1830 ἕνεκεν
806 1792 866 1830 καὶ
896 1791 953 1830 διὰ
985 1792 1043 1839 τί;
1063 1794 1116 1832 Οὐ
1150 1793 1218 1846 γὰρ

193 1853 314 1895 ἁπλῶς
331 1851 441 1896 οὕτως
470 1850 629 1903 εἴρηκεν,
647 1852 737 1891 ἀλλὰ
756 1853 816 1891 καὶ
842 1852 906 1899 τὴν
935 1854 1050 1892 αἰτίαν
1075 1854 1220 1905 προστέ-

193 1917 304 1953 θεικεν
325 1912 444 1952 εἰπών·
457 1913 575 1951 υΟταν
596 1914 664 1966 γὰρ
691 1915 1022 1966 καταστρηνιάσωσι
1043 1919 1103 1954 τοῦ
1130 1917 1219 1967 Χρι-

193 1978 298 2022 στοῦ,
326 1980 452 2027 γαμεῖν
478 1974 646 2013 θέλουσιν.
663 1973 774 2027 εΟρξίς
801 1974 854 2013 ὅτι
892 1977 930 2014 οὐ
963 1975 1024 2020 τὰς
1057 1976 1218 2029 χηρεύειν

195 2034 405 2085 βουλομένας
419 2064 430 2082 ,
451 2034 542 2073 ἀλλὰ
560 2035 622 2080 τὰς
639 2038 800 2086 γαμῆσαι
825 2037 1103 2088 προαιρουμένας
1129 2036 1218 2087 μετὰ

192 2094 232 2133 τὸ
250 2100 422 2147 χηρεῧσαι
436 2095 565 2134 κωλύει
580 2098 708 2141 ἐκεῖνος
720 2100 892 2149 χηρεῧσαι
907 2097 967 2136 καὶ
983 2100 1031 2141 εἷς
1048 2098 1106 2136 τὸν
1121 2098 1216 2150 ἅγιον

192 2158 321 2194 ἐκεῖνον
340 2157 623 2196 κατατάττεσθαι
641 2157 759 2210 χορόν·
781 2158 841 2197 καὶ
853 2159 985 2211 σφόδρα
1007 2161 1115 2197 ποιῶν
1135 2175 1218 2197 συν-

192 2219 290 2260 ετῶς.
324 2218 366 2255 Εἰ
386 2217 454 2271 γὰρ
488 2218 646 2268 μέλλοις,
669 2219 774 2270 φησὶ,
796 2219 967 2272 δευτέροις
995 2220 1122 2271 γάμοις
1141 2223 1218 2269 ὁμι-

191 2278 284 2324 λεῖν,
305 2277 394 2327 μηδὲ
423 2279 616 2330 ἐπαγγείλῃ
645 2279 814 2331 ’χηρείαν-
842 2284 902 2317 τοῦ
931 2280 999 2333 γαρ
1029 2282 1112 2330 μηδ’
1131 2281 1219 2325 ὅὶως

191 2338 408 2389 υποσγέσθαι
452 2339 492 2377 τὸ
532 2339 620 2389 μετὰ
665 2339 730 2386 τὴν
776 2340 964 2392 ὑπόσχεσιν
1009 2344 1218 2392 ἀγνωμονῆ-

192 2412 251 2436 σαι
275 2399 395 2449 πολλῷ
421 2399 538 2451 χεῖρόν
572 2401 680 2438 ἐστιν.
709 2400 847 2452 ’Ώσπερ
879 2405 937 2440 οὖν
971 2401 1033 2445 τὰς
1062 2418 1182 2454 συνεγε
1169 2408 1216 2446 ῖς

191 2457 373 2502 συνουσίας
394 2460 600 2512 ἐπέτρεψεν,
619 2461 656 2498 οὗ
675 2466 799 2510 νομοθε
803 2478 894 2510 των,
923 2462 1013 2500 ἀλλα
1040 2463 1215 2514 συγγινώ-

191 2534 283 2556 σκων
317 2521 456 2561 αὐτοῖς·
482 2522 596 2560 Τοῦτο
629 2522 696 2573 γὰρ
725 2522 836 2574 λέγω,
867 2523 973 2575 φησὶ,
1005 2524 1095 2562 κατὰ
1131 2540 1216 2576 συγ-

190 2580 346 2630 γνώμην,
372 2582 410 2618 οὖ
438 2583 515 2618 κατ’
537 2582 721 2634 ἐπιταγὴν,
741 2583 798 2622 διὰ
818 2583 881 2630 τὴν
903 2585 1075 2637 ἀκρασίαν
1095 2587 1191 2632 ὑμῶν
1206 2601 1214 2609 ·

190 2640 281 2678 οὕτω
303 2641 362 2679 καὶ
393 2643 545 2684 ἐνταῦθα
567 2644 611 2680 δι’
639 2643 756 2695 ἕτερον
787 2647 902 2693 μεῖζον
933 2646 1040 2683 κακὸν
1059 2646 1116 2684 τὸν
1137 2645 1216 2684 δεύ-

189 2720 286 2758 τερον
306 2706 419 2758 γάμον
450 2707 607 2755 ἐπέταξε,
630 2708 761 2752 δεικνὺς
780 2709 832 2747 ὅτι
854 2710 913 2748 καὶ
932 2713 1033 2748 τοῦτο
1055 2711 1216 2763 συγγνώ-

190 2788 257 2822 μης
286 2773 382 2820 ἐστὶ,
402 2776 445 2825 τῇ
464 2777 533 2812 τῶν
565 2776 703 2814 πολλῶν
733 2776 890 2828 ἀσθενείᾳ
911 2777 1214 2827 συγκαταὸαινού-

189 2855 265 2885 σης.
283 2839 474 2879 Ἀσθένειαν
503 2840 539 2879 δὲ
565 2843 602 2879 οὖ
633 2842 837 2892 δυνάμεως,
857 2844 947 2881 ἀλλὰ
976 2843 1213 2896 προαιρέσεώς

188 2921 292 2956 φημι.
309 2906 476 2958 Καθάπερ
495 2906 563 2959 γὰρ
583 2910 604 2953 ἡ
627 2908 817 2959 παρθένος,
837 2909 926 2959 μετὰ
951 2909 1014 2956 τὴν
1039 2913 1102 2956 τῆς
1121 2926 1211 2962 παρ-

188 2971 302 3015 θενίας
321 2973 532 3025 ἐπαγγελίαν
549 2974 794 3027 διαφθαρεῖσα,
811 2976 970 3028 μοιχείας
985 2983 1100 3029 χεῖρον
1115 2979 1212 3016 ἐτόλ-

189 3053 319 3088 μησεν,
340 3037 430 3077 οὕτω
449 3039 508 3078 καὶ
527 3043 550 3087 ἡ
570 3040 664 3093 χήρα
695 3042 787 3086 ἅπαξ
808 3043 1090 3094 ἐπαγγειλαμένη
1107 3075 1115 3091 ,
1138 3039 1212 3083 εἶτα

189 3105 377 3152 πατήσασα
413 3106 474 3149 τὰς
504 3107 590 3159 πρὸς
621 3107 679 3146 τὸν
715 3108 807 3147 Θεὸν
838 3111 1029 3157 συνθήκας,
1048 3111 1115 3149 ὑπὸ
1148 3112 1212 3159 τὴν

189 3170 295 3218 αὐτὴν
315 3172 490 3226 ἁμαρτίαν
510 3179 695 3223 πεσεῖται,
722 3174 781 3214 καὶ
806 3179 868 3223 τῆς
890 3179 996 3222 αὐτῆς
1025 3177 1123 3216 lom
1154 3195 1211 3217 τι·-

189 3238 324 3289 μωρίας
355 3238 553 3283 ὑπεύθυνος.
584 3241 626 3280 Εἰ
646 3241 682 3280 δὲ
702 3242 770 3294 χρή
794 3259 827 3281 τι
850 3244 910 3282 καὶ
939 3245 1138 3294 θαυμαστὸν
1163 3248 1213 3285 εἰ·

189 3311 282 3352 πεῖν,
302 3305 396 3358 τάχα
415 3305 474 3344 καὶ
493 3308 611 3360 πολλῷ
638 3308 809 3359 μείζονος·
837 3311 876 3347 οὐ
907 3310 973 3363 γάρ
1004 3313 1096 3350 ἐστιν
1117 3313 1211 3360 ἴσον,

188 3372 272 3422 ὅπερ
292 3372 350 3410 καὶ
370 3372 560 3425 ἀρχόμενος
588 3368 704 3422 εἷπον,
721 3376 783 3422 τήν
812 3392 848 3414 τε
877 3378 1020 3430 ἄπειρον
1035 3409 1044 3425 ,
1064 3380 1122 3418 καὶ
1150 3380 1212 3426 τὴν

191 3439 448 3491 πεπειραμένην
473 3445 544 3484 τοῖς
574 3443 687 3484 αὐτοῖς
720 3445 824 3481 πάλιν
856 3452 1057 3496 περιπεσεῖν
1089 3462 1211 3497 mipa-

1291 1735 1506 1785 nequeinter
1519 1748 1554 1773 se
1573 1736 1769 1790 pugnantia
1789 1737 1971 1787 loquitur,
1990 1752 2053 1775 nec
2077 1740 2138 1790 qui
2154 1741 2244 1779 xclit

1290 1809 1412 1833 omnes
1450 1796 1611 1833 homines
1637 1796 1751 1834 colere
1780 1798 2058 1847 continentiam,
2093 1801 2248 1840 obstaret

1291 1870 1362 1907 quo
1393 1857 1512 1896 minus
1553 1871 1632 1907 qum
1660 1859 1786 1896 volunt
1816 1859 1935 1897 viduae
1963 1871 2139 1901 maneant.
2173 1863 2247 1901 Cur

1289 1931 1374 1969 ergo
1390 1917 1500 1956 dicit:
1517 1918 1859 1957 Adolescentiores
1874 1928 2004 1957 autem
2029 1923 2172 1961 viduas
2186 1924 2247 1962 de-
2266 1933 2291 1953 ¹·
2311 1926 2389 1954 Tim.
2416 1926 2448 1955 5.

1293 1981 1396 2016 vita?
1422 1978 1482 2016 dic
1509 1993 1573 2017 cur
1593 1988 1714 2029 etqua
1740 1979 1786 2018 de
1813 1994 1930 2018 causa.
1952 1983 2032 2020 Non
2063 1983 2158 2021 enim
2179 1984 2245 2023 ista
2266 1975 2312 1995 '¹'

1290 2039 1454 2078 absolute
1479 2040 1654 2092 protulit,
1675 2040 1735 2078 sed
1766 2054 1911 2079 causam
1930 2042 2121 2094 adjunxit:
2150 2046 2247 2084 Cum

1290 2107 1394 2142 enim
1421 2105 1631 2143 luxuricztoe
1654 2106 1804 2159 fuerint
1833 2111 1874 2144 in
1901 2108 2078 2157 Christo,
2107 2110 2247 2148 nuber-c

1291 2167 1449 2204 volunt.
1472 2166 1585 2206 Vides
1604 2181 1673 2205 non
1693 2181 1764 2215 eas,
1784 2182 1863 2218 quae
1879 2169 2091 2208 viduitatem
2104 2185 2246 2210 servare

1292 2227 1441 2275 volunt,
1461 2226 1523 2265 sed
1543 2241 1621 2278 quae
1646 2237 1831 2280 postquam
1852 2229 1887 2266 in
1916 2229 2128 2269 viduitatem
2151 2232 2247 2270 inci-

1291 2285 1439 2335 derunt,
1458 2287 1666 2326 nubendum
1686 2289 1755 2326 sibi
1776 2298 1960 2338 statuunt,
1979 2291 2026 2328 ab
2045 2292 2108 2330 illo
2128 2293 2247 2344 prohi-

1292 2347 1369 2385 beri
1389 2361 1433 2385 ne
1454 2348 1574 2387 viduae
1601 2358 1779 2398 maneant,
1802 2363 1890 2387 neve
1912 2350 1948 2388 in
1968 2365 2108 2390 sat-mim
2139 2354 2243 2392 illum

1291 2407 1438 2445 chorum
1449 2407 1696 2456 admittantur,
1713 2410 1822 2460 idque
1835 2410 1939 2448 valde
1951 2413 2136 2463 sapienter.
2152 2416 2242 2452 Nam

1290 2469 1318 2506 si
1335 2469 1436 2506 alteri
1452 2469 1678 2506 matrimonio
1694 2470 1866 2520 illiganda
1881 2485 1929 2517 es,
1951 2486 2062 2522 neque
2072 2475 2244 2525 spondete

1289 2529 1396 2568 ctiam
1414 2530 1623 2568 viduitatem
1638 2530 1756 2568 debes.
1772 2532 1861 2568 Nam
1877 2541 1954 2582 post
1972 2535 2242 2584 promissionem

1291 2599 1427 2628 mutare
1461 2591 1667 2628 sententiam
1701 2591 1804 2643 longe
1837 2591 1994 2630 deterius
2036 2604 2106 2638 est,
2133 2611 2241 2647 quam

1290 2651 1434 2690 omnino
1457 2665 1524 2689 non
1555 2651 1768 2703 promittere.
1794 2652 2106 2700 Quemadmodum
2127 2657 2239 2707 igitur

1291 2712 1473 2752 assiduam
1500 2712 1622 2750 liberis
1639 2726 1781 2764 opernm
1802 2713 1888 2751 dare
1908 2716 2082 2766 permisit,
2098 2732 2165 2756 uon
2186 2719 2241 2756 lo-

1290 2787 1370 2825 gem
1391 2783 1562 2821 statuens,
1585 2774 1645 2810 sed
1668 2774 1752 2824 ipsis
1773 2773 1981 2824 indulgens:
2002 2777 2052 2813 sic
2071 2778 2164 2816 euim
2186 2779 2241 2818 in-

1288 2836 1467 2886 quit,lloc
1479 2844 1607 2872 autem
1621 2836 1707 2872 alico
1720 2837 1927 2874 secundum
1943 2837 2240 2890 indulgentiam,
2262 2858 2288 2895 ¹,-
2320 2851 2388 2878 (ω.
2413 2858 2443 2887 7.

1288 2911 1366 2935 non
1379 2898 1586 2935 secundum
1602 2899 1813 2947 imperium,
1827 2906 1983 2948 propter
1996 2901 2143 2939 ineunti
2147 2916 2240 2940 nen-
2255 2896 2287 2918 ⁰·

1289 2962 1383 2997 tium
1413 2969 1583 2996 ‘vestram
1609 2973 1619 2993 .-

1288 3021 1372 3058 madi
1405 3029 1500 3057 motu
1533 3018 1725 3056 secuudum
1758 3019 1909 3057 instituit
1943 3021 2234 3072 matrimonium,

1648 2958 1694 2994 ita
1718 2959 1782 2994 hoc
1814 2957 1920 2995 etiaim
1958 2959 2035 2997 lucu
2065 2963 2240 3011 gravioris

1289 3080 1474 3119 osteudens
1495 3080 1560 3116 hoc
1580 3093 1720 3129 qunque
1739 3078 1970 3129 indulgentia*
1988 3096 2062 3118 esst·
2079 3084 2124 3122 :id
2145 3085 2237 3124 mul-

1288 3152 1403 3180 torum
1426 3141 1667 3179 infirmitatem
1696 3154 1768 3177 sese
1788 3142 2103 3186 accounmodautis.
2130 3147 2236 3186 lutir-

1287 3205 1442 3242 mitatem
1455 3213 1570 3242 autem
1588 3202 1669 3241 dit-n
1684 3217 1750 3240 uon
1764 3203 1941 3255 imteutiau
1952 3204 2014 3244 sed
2030 3220 2042 3243 x
2054 3206 2236 3248 aluminis,

1288 3267 1376 3304 Nam
1395 3263 1700 3314 ‹lut-iiiadmmlum
1721 3263 1821 3313 virgo
1835 3294 1844 3310 ‚
1872 3264 1900 3301 si
1928 3274 2004 3317 post
2027 3269 2236 3319 prmuissam

1289 3325 1530 3375 virginitatem
1552 3339 1588 3362 st·
1605 3324 1730 3364 violari
1751 3325 1889 3367 siverit.
1911 3325 2045 3364 facinus
2062 3328 2236 3369 adulter...

1288 3386 1432 3435 gravius
1458 3385 1694 3437 perpetravit:
1723 3385 1769 3422 ita
1798 3395 1829 3423 et
1867 3385 1995 3431 vidua,
2018 3402 2096 3438 qua·
2129 3393 2234 3428 semel

1288 3445 1449 3498 promisit
1464 3476 1473 3489 .
1497 3446 1526 3483 si
1545 3445 1672 3484 deiude
1688 3446 1886 3498 partionem
1904 3460 1986 3487 cum
2008 3450 2082 3488 Deo
2108 3450 2235 3488 [ictam
