2549 3825
0 1412 5 1434 *2
0 1344 7 1405 A...

852 270 907 299 DE
947 270 1240 302 SACERDOTto.
1283 274 1366 303 LlB.
1407 275 1468 304 VI.

136 349 213 400 χίς.
247 350 360 387 Τοῦτο
389 349 448 388 καὶ
480 353 498 388 ὁ
518 349 688 395 Ἱεζεκιὴλ
719 348 731 370 ¹
750 351 883 395 διδάξαι
921 354 1127 403 βουλόμενος
1145 384 1153 400 ,

136 409 304 456 διίστησίν
324 412 385 448 ἀπ’
408 410 568 456 ἀλλήλων
589 410 651 458 τὴν
677 412 746 448 τῶν
774 415 881 462 κριῶν
909 414 967 450 καὶ
992 413 1055 460 τὴν
1086 416 1154 451 τῶν

135 470 319 521 προὸάτων
340 471 467 523 κρίσιν.
487 464 577 524 Ἆρά
602 486 656 510 σοι
690 473 856 522 δοκοῦμεν
894 473 995 524 λόγον
1030 474 1155 525 ἔχοντα

134 531 353 581 πεφοὸἦσθαι
384 531 512 583 φόὲον;
546 532 640 584 Πρὸς
669 532 737 586 γὰρ
768 539 839 576 τοῖς
870 535 956 586 εἰργἰ
977 534 1063 578 ένοις
1095 538 1154 572 νῦν

135 590 197 641 μὲν
230 593 345 630 εἶκαὶ
378 595 506 632 πολλοῦ
539 609 597 643 μοι
634 593 683 631 δεῖ
701 592 806 632 πόνου
839 595 925 646 πρὸς
957 594 996 632 τὸ
1028 595 1077 645 μὴ
1112 595 1152 642 δὴ

133 653 564 702 καταγωνισθῆναιτέλεον
584 654 651 693 ὑπὸ
679 657 748 692 τῶν
778 657 839 701 τῆς
860 656 974 706 ψυχῆς
1006 658 1125 693 παθῶν
1143 684 1153 701 ,

133 713 210 749 ἀλλ’
246 712 341 763 ὅμως
361 714 531 766 ἀνέχομαι
560 714 618 752 τὸν
653 713 777 760 πόνον,
803 715 863 752 καὶ
891 716 928 753 οὗ
949 715 1063 767 φεύγω
1093 715 1152 753 τὸν

132 773 265 823 ἀγῶνα.
288 774 358 812 Καὶ
376 774 443 826 γὰρ
476 775 543 813 ὑπὸ
563 774 756 819 κενοδοξίας
778 775 969 823 ἇλίσκομαι
999 776 1062 825 μὲν
1092 774 1152 813 καὶ

1163 811 1208 838 431

2093 264 2113 278 ,-

2086 279 2177 325 027

1224 355 1348 392 docere
1381 369 1460 393 cum
1481 356 1586 394 vellet
1615 356 1803 406 Ezechiel,
1824 358 1948 396 arietes
1973 359 2018 397 ab
2050 361 2180 400 ovibus
2198 373 2305 400 Ezi-ih.
2334 372 2381 401 Ὺ.

1224 414 1394 452 discernit
1412 416 1448 453 in
1469 416 1619 467 judicio.
1638 420 1693 454 An
1714 417 1779 454 tibi
1800 431 1894 455 nunc
1914 418 2081 458 videmur
2098 421 2179 473 jure
2203 423 2247 452 'T-

1223 475 1409 513 timuisse?
1422 477 1511 513 Nam
1522 486 1650 528 praeter
1663 477 1738 525 illa,
1749 491 1827 528 quae
1840 479 1935 517 dicta
1947 489 2044 529 sunt,
2055 495 2181 532 quam-

1223 549 1331 585 quam
1346 535 1500 574 multum
1523 551 1617 575 nunc
1633 537 1797 576 laborem
1812 539 1934 587 subire
1949 550 2086 592 oportet
2104 573 2115 592 ,
2138 556 2181 580 ne

1223 594 1268 631 ab
1288 595 1397 632 animi
1412 596 1597 634 affectibus
1617 598 1762 636 omnino
1784 608 2001 650 prosternar,
2021 611 2177 640 attamen

1224 654 1382 693 laborem
1403 657 1574 708 suscipio,
1593 672 1656 696 nec
1670 669 1846 697 certamen
1866 661 2099 713 subterfugio.
2117 663 2175 701 Et-

1224 714 1318 753 enim
1332 730 1352 752 a
1369 730 1460 754 vana
1476 718 1619 767 quidem
1632 719 1745 769 gloria
1760 734 1853 758 nunc
1868 722 2007 772 capior;
2023 732 2179 761 attamen

1224 789 1316 827 saepe
1334 776 1516 828 resipisco,
1537 787 1571 815 et
1590 792 1647 815 me
1664 788 1808 829 captum
1834 780 1942 818 fuisse
1959 780 2064 819 video
2088 798 2096 819 :
2119 784 2178 821 in—

131 835 203 881 νῦν,
223 835 383 889 ἀναφέρω
405 835 440 874 δὲ
466 835 648 883 πολλάκις,
669 835 729 873 καὶ
756 836 811 875 ὅτι
841 836 954 874 ἑάλων
991 838 1124 887 συνορῶ
1142 852 1150 860 ·
1175 850 1198 878 Α
1224 835 1366 873 terdum
1392 850 1476 874 vero
1497 837 1533 874 in
1565 839 1770 877 servitutem
1801 839 1984 878 redactum
2018 843 2176 881 animum

131 893 205 931 ἔστι
225 895 259 932 δὲ
279 895 335 934 ὅτε
355 896 414 934 καὶ
438 898 591 946 ἐπιτιμῶ
621 899 663 948 τῇ
686 897 894 948 δουλωθείσῃ
915 899 1024 949 ψυχῇ.
1044 898 1152 934 Ἐπι-

131 956 251 1006 Ουμίαι
283 972 342 1007 μοι
364 957 622 1008 προσπίπτουσι
657 957 720 1007 μὲν
744 957 866 996 ἄτοποι
886 958 946 995 καὶ
975 962 1054 1006 νῦν,
1073 958 1152 996 ἀλλ’

130 1017 319 1070 ἀργοτέραν
340 1018 529 1057 ἀνάπτουσι
548 1018 611 1065 τὴν
631 1017 762 1071 φλόγα,
781 1021 850 1056 τῶν
871 1021 1058 1070 ὀφθαλμῶν
1080 1022 1150 1057 τῶν

129 1076 250 1120 ἔξωθεν
270 1079 332 1116 οὐκ
353 1077 504 1130 ἐχόντων
521 1078 750 1117 ἐπιλαὸέσθαι
766 1081 829 1124 τῆς
846 1083 906 1117 τοῦ
926 1080 1034 1131 πυρὸς
1053 1080 1147 1127 ὕλης

128 1141 187 1175 τοῦ
203 1137 238 1177 δὲ
254 1141 369 1182 κακῶς
384 1138 443 1176 τὸν
463 1139 557 1177 δεῖνα
571 1139 697 1188 λέγειν,
711 1140 771 1178 καὶ
790 1140 976 1192 λεγόμενον
1003 1142 1150 1189 ἀκούειν,

129 1199 361 1251 ἀπήλλαγμαι
379 1203 572 1249 παντελῶς,
594 1204 663 1240 τῶν
686 1201 941 1254 διαλεγομένων
959 1203 997 1241 οὗ
1013 1202 1148 1254 παρόν-

127 1276 195 1298 των
209 1275 216 1282 ·
242 1263 280 1299 οὐ
299 1260 367 1313 γὰρ
387 1262 428 1309 δὴ
450 1256 544 1300 οὗτοι
564 1262 594 1299 οἱ
627 1267 739 1314 τοῖχοι
770 1262 921 1300 δύναιντ’
945 1263 984 1300 ἂν
1012 1265 1148 1315 ἀφεῖναι

129 1321 260 1372 φωνήν.
279 1322 371 1360 Ἀλλ’
410 1323 487 1374 οὐχὶ
519 1323 578 1361 καὶ
610 1322 674 1369 τὴν
706 1322 811 1374 ὀργὴν
844 1323 972 1373 ὁμοίως
1006 1325 1150 1363 δυνατὸν

127 1382 324 1434 διαφυγεῖν,
345 1383 459 1421 καίτοι
479 1399 519 1434 γε
553 1387 622 1422 τῶν
645 1383 904 1436 παροξυνόντων
936 1386 998 1422 οὐκ
1029 1384 1150 1423 ὄντων.

127 1443 261 1494 Μνῆμη
282 1443 349 1496 γὰρ
366 1444 535 1487 πολλάκις
559 1446 692 1497 ἀνδρῶν
718 1444 855 1483 ἀτόπων
880 1448 1148 1497 προσπεσοῦσα,

127 1503 185 1541 καὶ
221 1506 289 1542 τῶν
326 1506 385 1543 ὑπ’
419 1508 532 1544 αὐτῶν
564 1504 758 1557 γενομένων
778 1534 788 1553 ,
820 1506 962 1551 ἐξοιδεῖν
996 1522 1055 1556 μοι
1085 1508 1148 1554 τὴν

126 1564 272 1615 καρδίαν
290 1572 394 1611 ποιεῖ,
413 1565 505 1612 πλὴν
521 1567 598 1604 ἀλλ’
619 1568 681 1604 οὐκ
708 1569 755 1610 εἷς
779 1566 875 1609 τέλος
894 1582 901 1588 ·
920 1566 1057 1619 ταχέως
1080 1567 1149 1620 γὰρ

126 1625 234 1672 αὐτὴν
270 1626 551 1678 φλεγμαίνουσαν
579 1627 879 1677 καταστέλλομεν,
898 1628 958 1665 καὶ
984 1627 1147 1678 πείθομεν

123 1687 311 1739 ἡσυχάζειν
345 1686 499 1730 εἰπόντες
526 1686 581 1725 ὅτι
612 1685 690 1725 λίαν
719 1687 957 1740 ὃάσύμφωνον
990 1688 1050 1725 καὶ
1086 1691 1148 1734 τῆς

124 1747 277 1799 ἐσχάτης
296 1747 508 1795 ἀθλιότητος,
523 1747 568 1785 τὰ
589 1749 699 1786 οἰκεῖα
714 1747 864 1800 ἀφέντας
889 1748 997 1796 κακὰ,
1015 1747 1059 1786 τὰ
1077 1752 1145 1787 τῶν

123 1807 270 1854 πλησίον
289 1808 587 1862 περιεργάζεσθαι.
607 1808 700 1846 Ἀλλ’
720 1809 781 1847 οὐκ
806 1811 854 1852 εἷς
871 1809 911 1848 τὸ
932 1811 1063 1856 πλῆθος
1083 1811 1141 1847 ἐλ-

123 1868 208 1917 θὼν,
229 1868 290 1908 καὶ
308 1875 385 1914 ταῖς
405 1868 544 1922 μυρίαις
575 1870 786 1921 ἀποληφθεὶς
817 1875 988 1922 ταραχαῖς
1007 1899 1016 1918 ,
1040 1871 1146 1917 δυνή-

122 1943 229 1979 σομαι
261 1930 390 1977 ταύτης
423 1929 614 1968 ἀπολαύειν
642 1932 704 1976 τῆς
731 1930 930 1978 νουθεσίας,
955 1930 1033 1970 οὐδὲ
1069 1930 1146 1975 τοὺς

120 1993 232 2028 ταῦτα
263 1992 572 2043 παιδαγωγοῦντας
591 1989 779 2042 λογισμοὺς
810 1993 919 2043 εὑρεῖν
938 2007 945 2014 ·
964 1993 1042 2030 ἀλλ’
1071 1991 1145 2030 ὥσ-

120 2067 185 2102 περ
214 2054 244 2090 οἳ
273 2051 365 2091 κατὰ
392 2055 557 2104 κρημνῶν
591 2051 658 2089 ὑπό
690 2068 780 2096 τινος
818 2051 988 2104 ῥεύματος
1007 2051 1023 2073 ¹³
1044 2052 1066 2099 ἢ
1087 2053 1144 2090 καὶ

120 2111 245 2164 ἑτέρως
270 2112 460 2163 ὠθούμενοι
488 2112 551 2159 τὴν
583 2112 646 2163 μὲν
671 2111 867 2160 ἀπώλειαν,
887 2115 934 2156 εἷς
953 2113 994 2159 ἣν
1028 2114 1146 2150 τελευ-

119 2174 229 2219 τῶσι,
247 2179 399 2225 προορᾷν
429 2173 615 2222 δύνανται,
637 2173 798 2224 βοήθειαν
826 2173 864 2211 δέ
897 2190 974 2211 τινα
995 2176 1144 2212 ἐπινοεῖν

119 2234 179 2271 οὖκ
193 2232 342 2285 ἔχουσιν·
363 2233 451 2272 οὕτω
465 2234 526 2272 καὶ
543 2234 644 2278 αὐτὸς
664 2236 710 2278 εἷς
724 2235 782 2272 τὸν
802 2234 909 2273 πολὺν
931 2237 999 2273 τῶν
1020 2238 1142 2274 παθῶν

1224 895 1380 948 increpo.
1421 898 1595 936 Absurdae
1630 899 1814 951 cupidines
1849 915 1905 938 me
1941 902 2047 940 etiam
2084 917 2177 942 nunc

1224 955 1486 1005 incessunt‚sed
1502 973 1582 1009 quae
1601 961 1839 1001 remissiorem
1859 961 2040 1000 flammam
2057 977 2180 1002 accen-

1221 1016 1330 1067 dant,
1354 1019 1449 1068 quod
1469 1021 1624 1057 externis
1655 1021 1769 1059 oculis
1793 1022 1941 1060 materia
1976 1023 2075 1062 nulla
2104 1025 2180 1076 igni

1221 1087 1301 1130 apta
1322 1089 1498 1132 suppetat.
1518 1083 1549 1119 A
1568 1082 1840 1120 maledictorum
1857 1084 1986 1135 probro
2005 1094 2038 1123 et
2051 1086 2180 1125 auditu

1221 1154 1368 1191 prorsus
1388 1155 1475 1179 vaco
1490 1172 1501 1188 ,
1528 1156 1610 1180 cum
1629 1143 1744 1192 nulli,
1764 1144 1825 1194 qui
1850 1159 1906 1182 me
1925 1145 2156 1196 alloquantur
2170 1180 2178 1195 ,

1224 1200 1343 1239 adsint
1367 1218 1374 1238 :
1398 1215 1511 1253 neque
1530 1203 1624 1241 enim
1646 1203 1683 1240 hi
1705 1205 1857 1256 parietes
1874 1206 2034 1244 emittere
2052 1221 2176 1245 vocem

1222 1272 1363 1311 queant.
1375 1262 1443 1300 Sed
1455 1277 1517 1300 nee
1527 1264 1572 1301 ab
1585 1264 1635 1301 ira
1655 1273 1850 1317 temperare
1864 1280 2023 1317 possum,
2037 1268 2175 1306 etiamsi

1223 1321 1344 1358 nullus
1363 1321 1457 1360 adsit
1485 1323 1548 1373 qui
1579 1334 1763 1376 exasperet
1784 1342 1791 1362 z
1811 1326 2017 1376 iniquorum
2045 1327 2178 1380 quippe

1222 1382 1381 1420 virorum
1391 1383 1621 1434 ipsorumque.
1632 1384 1826 1423 facinorum
1835 1387 2003 1425 memoria
2016 1388 2175 1426 animum

1222 1442 1312 1480 mihi
1332 1443 1564 1482 intumescere
1583 1445 1690 1492 faeit3
1713 1460 1836 1484 verum
1865 1446 1903 1484 id
1923 1462 1992 1486 non
2014 1462 2123 1499 usque
2139 1450 2175 1486 in

1221 1503 1331 1541 finem
1353 1520 1362 1542 ε
1385 1505 1502 1542 statim
1527 1505 1622 1542 enim
1639 1505 1758 1556 ipsum
1778 1506 1961 1545 ardentem
1976 1510 2176 1560 compesci-

1221 1577 1300 1601 mus
1316 1594 1325 1612 ,
1347 1573 1380 1602 et
1406 1564 1450 1603 ad
1477 1565 1732 1616 quiescendum
1760 1567 1970 1606 deducimus
1986 1599 1995 1616 ‚
2018 1569 2053 1607 in
2073 1569 2175 1607 nobis

1219 1624 1306 1675 ipsis
1327 1624 1483 1663 dicentes
1496 1655 1506 1673 ,
1523 1625 1720 1664 admodum
1738 1627 1916 1666 insulsum
1934 1638 2174 1681 extremaeque

1218 1684 1368 1722 miseriae
1386 1699 1459 1723 esse
1473 1715 1483 1733 ,
1503 1686 1588 1725 dum
1620 1696 1739 1725 nostra
1765 1689 1963 1726 omittimus
1991 1689 2084 1727 mala
2103 1720 2112 1738 ,
2127 1690 2171 1728 de

1217 1745 1342 1783 alienis
1369 1755 1441 1784 tam
1469 1747 1626 1786 curiosos
1644 1762 1729 1786 esse.
1755 1750 1894 1787 Verum
1919 1749 1950 1787 si
1969 1749 2015 1787 ad
2032 1751 2174 1790 turbam

1217 1820 1273 1844 me
1293 1807 1484 1853 conferam,
1496 1807 1762 1859 innumerisque
1777 1810 1991 1848 tumultibus
2002 1824 2167 1863 occuper,

1213 1868 1288 1918 jam
1309 1881 1379 1905 non
1395 1867 1601 1920 hujusmodi
1617 1868 1858 1907 admonitione
1879 1871 2012 1922 perfrui
2025 1881 2147 1924 potero
2163 1905 2170 1918 ‚

1218 1941 1332 1978 neque
1361 1928 1591 1980 cogitationes
1624 1929 1702 1967 illas
1721 1944 1778 1968 me
1810 1931 1921 1982 probe
1950 1932 2170 1971 instituentes

1216 1989 1374 2041 reperire
1390 2005 1398 2026 :
1416 1989 1476 2028 sed
1492 1989 1796 2040 quemadmodum
1815 1992 1841 2028 ii
1858 2021 1866 2037 ,
1891 1992 1951 2042 qui
1969 2006 2030 2044 per
2046 1995 2171 2044 praeci·

1217 2049 1304 2100 pitia
1316 2050 1371 2088 vel
1390 2050 1532 2088 fluentis
1543 2051 1740 2101 aliquibus,
1757 2052 1811 2089 vel
1820 2052 1890 2090 alio
1903 2052 2057 2103 quodam
2067 2054 2174 2092 modo

1215 2111 1621 2163 ducuntur,proximam
1636 2112 1780 2162 quidem
1791 2114 1982 2165 perniciem
1999 2116 2169 2166 praevide-

1216 2187 1252 2210 re
1270 2182 1426 2224 possunt,
1443 2173 1620 2211 auxilium
1634 2188 1716 2212 vero
1733 2174 1871 2212 nullum
1884 2175 1953 2212 sibi
1967 2177 2169 2228 excogitare

1214 2233 1352 2270 valent:
1370 2234 1420 2270 sic
1441 2242 1475 2270 et
1489 2247 1567 2284 ego,
1587 2234 1615 2270 si
1632 2234 1666 2271 in
1683 2243 1821 2272 tantum
1841 2235 2092 2286 aegritudinum
2109 2247 2170 2275 tn-

119 2294 260 2344 θόρυὸον
294 2294 482 2345 ἐμπεσὼν,
508 2295 570 2342 τὴν
606 2295 667 2345 μὲν
698 2295 840 2333 κόλασιν
877 2299 953 2334 καθ’
990 2296 1142 2343 ἑκάστην
1163 2316 1186 2345 (3
1214 2294 1367 2331 multum
1386 2292 1797 2346 incidaiii‚511pplicii1m
1831 2295 1978 2345 quidem
2010 2297 2171 2347 quotidie

118 2354 308 2405 αὐξομένην
339 2371 398 2406 μοι
427 2356 490 2403 τὴν
520 2356 656 2408 ἡμέραν
689 2356 882 2406 δυνήσομαι
911 2365 1059 2410 συνορᾷν
1077 2388 1086 2405 ,
1107 2361 1141 2396 ἐν

116 2418 257 2468 ἐμαυτῷ
284 2416 319 2454 δὲ
353 2417 510 2468 γενέσθαι
543 2416 700 2468 καθάπερ
736 2417 795 2455 καὶ
831 2422 914 2466 νῦν,
936 2418 995 2455 καὶ
1033 2420 1142 2457 ἐπιτι-

117 2479 228 2526 μῆσαι
249 2476 418 2516 πάντοθεν
437 2483 508 2521 τοῖς
528 2477 703 2527 νοσήμασι
724 2479 875 2516 λυττῶσι
905 2478 1054 2525 τούτοις,
1079 2482 1141 2518 οὐκ

116 2537 166 2575 ἔτι
198 2538 324 2588 ὁμοίως
356 2537 501 2590 εὔπορον
524 2538 654 2588 [ἐμοὶ],
678 2539 834 2591 καθάπερ
870 2540 929 2577 καὶ
961 2539 1141 2592 πρότερον.

116 2599 220 2649 Ἐμοὶ
239 2599 306 2652 γὰρ
334 2599 429 2651 ψυχή
459 2599 511 2642 τίς
532 2601 627 2637 ἐστιν
660 2600 806 2646 ἀσθενὴς
838 2600 897 2638 καὶ
931 2601 1039 2651 μικρὰ
1081 2602 1139 2639 καὶ

115 2659 318 2712 εὐχείρωτος
336 2662 374 2698 οὐ
392 2660 524 2702 τούτοις
557 2660 659 2710 μόνον
679 2667 750 2704 τοῖς
780 2662 939 2709 πάθεσιν,
960 2663 1049 2700 ἀλλὰ
1080 2665 1139 2701 καὶ

113 2722 163 2771 τῷ
186 2719 327 2758 πάντων
346 2720 544 2774 πικροτέρῳ
564 2721 699 2774 φθόνῳ,
727 2722 787 2760 καὶ
808 2722 886 2760 οὔτε
917 2722 1033 2775 ὕὸρεις
1061 2723 1138 2762 οὔτε

113 2781 218 2832 τιμὰς
255 2781 404 2834 μετρίως
437 2781 621 2820 ἐπίσταται
654 2781 782 2835 φέρειν,
802 2783 892 2821 ἀλλὰ
924 2786 1000 2834 μεθ’
1028 2786 1138 2836 ὑπερ-

113 2841 218 2888 ῧολῆς
234 2842 362 2881 ἐκεῖναί
382 2858 418 2880 τε
446 2842 646 2895 ἐπαίρουσιν
668 2844 790 2891 αὐτὴν,
826 2845 886 2882 καὶ
916 2850 1137 2883 ταπεινοῦσιν

112 2896 228 2942 αὗται.
257 2902 400 2955 ζὨσπερ
431 2898 489 2942 οῧν
523 2905 625 2956 θηρία
645 2905 809 2956 χαλεπὰ,
838 2907 922 2945 ὅταν
945 2905 1006 2956 μὲν
1028 2909 1132 2945 εὐσω-

112 2966 206 3016 ματῇ
227 2964 286 3002 καὶ
305 2970 448 3016 σφριγᾷ,
466 2966 536 3003 τῶν
552 2966 638 3018 πρὸς
657 2966 745 3005 αὐτὰ
767 2968 978 3020 μαχομένων
999 2976 1131 3021 κρατεῖ,

111 3024 169 3063 καὶ
193 3025 346 3075 μάλιστα
374 3025 457 3064 ὅταν
492 3027 644 3070 ἀσθενεῖς
675 3021 739 3066 [sm
763 3029 822 3066 καὶ
854 3030 1012 3081 ἄπειροι,
1034 3032 1062 3067 εἰ
1096 3030 1132 3067 δέ

111 3100 162 3129 τις
183 3085 270 3124 αὐτὰ
289 3087 383 3137 λιμῷ
402 3086 619 3136 κατατήξειε,
635 3089 691 3127 τόν
719 3105 756 3127 τε
776 3089 882 3140 θυμὸν
904 3093 1017 3132 αὐτοῖς
1038 3092 1129 3128 ἐκοί-

111 3162 212 3195 μισε,
241 3146 300 3184 καὶ
321 3149 382 3192 τῆς
413 3146 589 3198 δυνάμεως
611 3149 650 3187 τὸ
683 3149 788 3188 πλέον
819 3149 979 3194 ἕσίὶεσεν,
1002 3153 1047 3194 ὡς
1070 3150 1128 3188 καὶ

109 3206 165 3244 τὸν
196 3206 244 3256 μὴ
267 3207 344 3246 λίαν
375 3214 529 3258 γενναῖον
561 3209 790 3254 ἀναδέξασθαι
821 3212 877 3249 τὸν
910 3212 994 3262 πρὸς
1020 3215 1129 3249 ταῦτα

111 3268 229 3316 ἀγῶνα
249 3267 308 3306 καὶ
326 3267 498 3319 πόλεμον·
521 3269 608 3307 οὕτω
636 3272 692 3308 καὶ
725 3271 766 3308 τὰ
786 3272 879 3317 πάθη
909 3274 970 3316 τ’ἦς
989 3274 1104 3324 ψυχῆς
1120 3304 1128 3315 ,

157 3409 162 3428 ¹
191 3405 291 3438 suxit.
307 3414 339 3438 et
356 3407 410 3438 atii
423 3411 525 3446 fuitm-

157 3470 168 3480 ··
193 3456 253 3489 Alii
268 3461 448 3505 ἀσύμφορον.
470 3459 977 3507 1ιιΙ“τιιιιΙίἰμΑυοιέιιςιὲγιολιι-Υνιι,Ἰ

1158 3049 1181 3078 l)

1215 2354 1303 2392 mihi
1341 2354 1463 2405 augeri
1492 2368 1631 2392 cernere
1663 2364 1808 2406 potero;
1832 2356 1866 2392 in
1897 2357 2032 2408 meipso
2049 2367 2166 2396 autem

1215 2416 1368 2466 cogitare
1399 2423 1437 2452 ut
1460 2428 1553 2452 nunc
1572 2415 1688 2465 cogito
1706 2445 1715 2459 ‚
1735 2429 1774 2452 ac
1789 2416 1942 2453 furentes
1962 2418 2072 2454 animi
2096 2419 2166 2455 iin-

1215 2486 1314 2527 petus
1337 2477 1497 2523 fraenare,
1520 2489 1587 2513 non
1607 2476 1653 2512 ita
1674 2476 1777 2513 facile
1792 2477 1858 2513 erit
1879 2476 1988 2523 mihi,
2011 2486 2046 2514 ut
2069 2479 2169 2529 prius

1213 2545 1297 2573 erat.
1326 2536 1417 2573 Mihi
1451 2535 1583 2586 quippe
1608 2535 1724 2572 anima
1745 2544 1795 2572 est
1829 2536 1994 2581 iulii-ma,
2018 2539 2169 2589 pusilla.

1215 2607 1391 2649 captuque
1406 2597 1534 2642 facilis,
1551 2610 1618 2633 non
1636 2596 1690 2633 his
1707 2596 1822 2634 solnm
1839 2598 2041 2645 affectibus,
2055 2600 2117 2638 sed
2137 2612 2170 2639 et

1211 2659 1370 2697 omnium
1387 2657 1626 2703 acerbissime,
1642 2670 1767 2708 nempe
1783 2657 1930 2695 invidiae
1949 2674 1956 2694 :
1974 2672 2087 2709 neque
2107 2661 2168 2698 illa

1210 2720 1454 2766 contumelias,
1465 2732 1574 2768 neque
1593 2717 1742 2755 honores
1755 2718 1934 2756 moderat«-
1950 2720 2038 2757 serre
2054 2722 2165 2764 notin

1210 2781 1270 2819 sed
1290 2791 1322 2818 et
1340 2781 1412 2818 illis
1428 2778 1623 2817 admodum
1644 2778 1844 2822 extollitur,
1864 2788 1895 2816 ct
1912 2780 1967 2817 his
1986 2781 2165 2820 vaidedc-

1211 2842 1393 2894 primitur.
1417 2839 1726 2888 Qucnmdmodum
1754 2854 1838 2889 ergo
1867 2840 1947 2878 seur
1977 2841 2166 2888 innuant-s,

1211 2905 1296 2942 dnm
1314 2916 1459 2954 corpore
1476 2901 1564 2938 lwm·
1578 2901 1692 2938 valent
1709 2915 1748 2937 ac
1767 2901 1934 2950 gestiunt,
1951 2916 1986 2939 st·
2001 2901 2165 2941 adorien—

1208 2975 1257 3002 tvs
1280 2963 1382 3000 facile
1399 2963 1560 3006 vineunt,
1586 2961 1615 2998 si
1645 2961 1800 2997 maxime
1820 2961 1843 2997 ii
1865 2961 1998 2999 iulii-ini
2029 2963 2099 3001 siut
2133 2975 2165 3003 et

1209 3024 1362 3077 imperiti
1377 3040 1385 3069 ;
1403 3023 1430 3060 si
1449 3022 1529 3073 quis
1551 3037 1632 3059 vero
1653 3022 1732 3058 ill-us
1751 3023 1842 3058 ίὶιιιιι·
1857 3024 2041 3061 unirer-trit
2055 3054 2065 3071 ,
2084 3024 2165 3062 hinc

1206 3086 1321 3125 ext-nit
1356 3094 1392 3122 ut
1426 3084 1566 3121 illarum
1605 3083 1703 3120 surm·
1741 3083 1901 3134 supi-itur
1918 3113 1927 3126 ,
1962 3085 2166 3136 viriumque

1208 3161 1333 3198 magna
1365 3159 1445 3197 pars
1468 3144 1715 3193 exstinguatur
1737 3159 1743 3179 :
1762 3144 1810 3180 sic
1832 3153 1863 3181 ct
1885 3145 1993 3182 animi
2015 3146 2164 3185 assi-ctus

1206 3210 1271 3260 qni
1289 3206 1484 3245 imbecillos
1506 3203 1787 3246 1·‹·1idit,cosdc1n
1809 3213 1910 3242 wem·
1934 3206 2058 3244 rationi
2076 3208 2164 3246 sul»-

1214 3271 1286 3321 jicit
1301 3285 1310 3314 ;
1326 3269 1352 3305 si
1369 3266 1446 3318 quis
1467 3276 1586 3303 contra
1605 3264 1794 3313 diligenter
1810 3264 1949 3308 aluerit,
1966 3281 2044 3316 grau
2056 3267 2164 3307 imvm

1198 3414 1211 3433 Ιι
1230 3410 1329 3439 8,.ΗΙΔ
1357 3416 1387 3439 vl
1406 3407 1530 3448 aliquot
1550 3407 1622 3436 Mas.
1645 3412 1658 3440 n}
1679 3421 1724 3438 nst
1743 3411 1808 3451 θη..
1824 3424 1846 3444 «ς
1878 3414 2002 3448 duarum·
2033 3414 2099 3440 (ὀξὶς.
2115 3427 2141 3437 υ·

1153 3483 1178 3496 ,Α
1210 3491 1214 3500 ,
1235 3461 1348 3492 Μυιϊῑ.
1365 3468 1396 3491 οι
1412 3459 1463 3490 ..tn
1482 3466 1494 3496 ί]
1517 3475 1559 3490 uz
1576 3462 1680 3501 ἑτέρω,
1699 3465 1750 3490 ὡν.
