2513 3871
178 403 315 431 Proemio-

128 455 193 471 rum
255 452 296 472 est

127 493 239 521 teinpus
271 486 316 513 su-

127 532 226 554 turum
243 548 250 558 ,
274 527 316 554 la-

127 567 232 594 lunum
247 578 315 606 pm·

141 619 201 634 lllll

129 710 153 729 ι.
185 706 256 734 (or.
276 712 310 743 9.

128 754 176 775 υ.
201 755 248 784 ¹7-

127 1019 143 1039 Ι
181 1011 255 1042 Tum,
281 1011 312 1052 4.

122 1059 151 1088 y.

116 2682 210 2710 Jnnn.
237 2681 283 2710 ¹6.

121 2720 172 2751 ³3.

121 2774 150 2790 ι.
181 2765 260 2792 Tim.
279 2763 307 2794 3.

125 2812 174 2832 i..

129 2973 191 3001 lob.
220 2981 248 3010 7.
281 2984 306 3004 Ι.

339 175 430 221 226
762 193 799 223 s.
839 192 1023 224 JOANNIS
1059 191 1301 225 cunvsosT.

335 273 530 325 contingat,
551 288 616 324 pro
634 283 751 312 nostra
771 274 923 314 utilitate
938 276 1112 314 futurum.
1133 276 1242 323 Quod
1258 276 1288 314 si

335 335 402 373 hoc
416 335 534 373 animo
548 334 666 383 fueris,
681 335 752 373 cito
763 349 970 388 supremum
983 336 1080 375 bunc
1094 337 1287 383 malorum,
1313 344 1337 375 B

334 405 373 433 ut
399 395 474 442 ais,
507 395 676 434 verticem
698 396 761 434 abs
789 406 824 436 te
841 397 991 436 arcebis.
1025 398 1084 437 Ad
1102 398 1177 437 haec
1198 397 1292 437 illud

333 469 475 507 quoque
494 455 559 494 tibi
580 456 811 507 cogitandum
828 467 898 505 est,
925 459 1155 511 praemiorum
1175 468 1210 498 et
1227 473 1291 498 co-

334 530 500 554 ronarum
520 526 660 570 tempus
680 532 755 558 esse
776 519 939 558 futurum
959 520 1146 566 saeculum,
1169 521 1289 560 collu-

329 577 524 616 ctationum
541 592 626 616 vero
641 593 682 617 ac
698 579 861 618 laborum
879 594 1044 633 praesens.
1065 581 1173 628 Quod
1188 582 1290 621 nobis

328 639 486 691 apertius
506 640 686 680 insinuare
703 641 826 680 volens
841 641 965 681 beatus
983 642 1115 682 Paulus
1125 641 1287 682 dicebat:

328 699 393 738 Sic
410 714 536 748 curro,
554 715 630 739 non
651 707 765 753 quasi
781 705 821 740 ιἰι
841 707 1030 742 incertum
1047 708 1130 748 ,usic
1141 719 1285 757 pugno,

331 774 409 797 non
428 765 541 812 quasi
556 777 682 800 aerem
700 766 914 803 verberans
928 781 939 801 .·
954 765 1023 803 sed
1038 768 1188 818 castigo
1205 780 1285 804 cor-

327 834 400 870 pus
421 836 561 869 meum,
578 832 613 861 et
631 826 806 862 servituti
820 826 1000 877 subjice'o,
1018 840 1066 864 ne
1073 824 1189 880 sorte
1199 828 1289 867 aliis

326 874 557 932 proeaicans,
572 886 651 934 ipse
665 888 849 937 reprobus
863 887 1031 941 efficiar.
1046 890 1092 925 At
1108 901 1192 926 vero
1208 903 1288 927 cum

329 943 375 981 ad
402 944 509 982 finem
531 946 734 985 certaminis
763 948 915 987 venisset
930 978 941 997 ‚
971 947 1117 987 demum
1148 950 1289 989 beatam

330 1003 431 1043 illam
450 1005 568 1044 emisit
583 1020 704 1046 vocem
723 1025 732 1046 :
754 1010 904 1047 Bonum
920 1018 1115 1048 certamen
1129 1014 1289 1059 certavi,

328 1078 484 1104 cursum
503 1074 782 1117 consummavi,
793 1070 924 1122 fidem
943 1074 1113 1120 servavi,
1127 1073 1214 1123 jam
1233 1086 1287 1110 re-

324 1129 456 1176 posita
488 1136 544 1166 esc
579 1128 675 1166 mihi
696 1143 839 1168 corona
861 1132 1026 1182 justitice
1057 1147 1066 1167 :
1103 1131 1288 1170 ostendens

326 1187 438 1225 vitam
454 1202 594 1227 omnem
611 1189 645 1226 in
663 1191 920 1229 certaminibus
935 1200 968 1229 et
983 1191 1167 1230 laboribus
1184 1193 1287 1230 nobis

322 1262 399 1286 esse
412 1248 598 1300 agendam,
611 1249 638 1286 si
653 1250 819 1302 cupimus
831 1260 959 1289 oeterna
979 1252 1100 1302 requie
1113 1253 1288 1303 bonisque

324 1308 397 1346 illis
428 1309 626 1346 innumeris
651 1310 798 1360 perfrui.
831 1311 894 1349 Sin
921 1320 1041 1349 autem
1072 1312 1205 1363 aliquis
1236 1313 1285 1351 ita

322 1369 506 1420 negligens
531 1369 592 1416 sit,
612 1378 650 1407 ιιι
670 1379 770 1422 putet
784 1384 822 1409 se
835 1379 869 1409 et
893 1371 1002 1423 hujus
1018 1372 1100 1410 vitae
1118 1373 1284 1426 volupta-

322 1429 435 1475 tibus,
454 1440 488 1468 et
505 1431 664 1483 praemiis
679 1446 720 1470 ac
736 1431 878 1484 gaudiis
899 1447 978 1485 qum
993 1434 1028 1472 in
1049 1434 1145 1473 caelis
1161 1445 1282 1488 parata

321 1501 405 1530 sunt
422 1491 479 1538 iis,
497 1493 559 1543 qui
582 1492 720 1532 labores
737 1494 987 1545 sustinuerint,
1005 1495 1076 1534 frui
1091 1510 1207 1549 posse,
1226 1497 1285 1536 hic

320 1552 478 1605 seipsum
501 1568 648 1606 prorsus
666 1554 758 1593 fallit
784 1569 825 1593 ac
843 1554 990 1608 decipit.
1023 1557 1115 1595 Nam
1136 1557 1228 1596 sicut
1247 1558 1282 1596 in

319 1614 465 1653 athletis
485 1615 545 1666 qui
567 1625 726 1666 tempore
749 1617 984 1655 certaminum
1001 1617 1161 1670 requiem
1186 1633 1282 1670 quae-

320 1675 391 1722 rit,
413 1677 655 1715 confusionem
675 1676 744 1715 sibi
765 1687 975 1730 perpetuam
993 1688 1101 1730 atque
1126 1679 1281 1731 ignomi-

320 1736 416 1774 niam
440 1746 564 1789 parat;
590 1738 651 1789 qui
675 1752 759 1776 vero
789 1739 824 1776 in
852 1739 968 1777 stadio
996 1739 1135 1778 labores
1160 1755 1282 1780 omnes

316 1798 458 1837 sortiter
477 1799 622 1847 tolerat,
644 1813 811 1839 coronam
831 1808 864 1838 et
881 1800 1036 1851 gloriam
1056 1811 1089 1840 et
1106 1802 1230 1841 laudes
1249 1813 1282 1842 et

321 1862 354 1898 in
385 1860 461 1912 ipso
480 1860 694 1910 certamine,
716 1871 750 1899 et
769 1874 850 1914 post
877 1861 1033 1900 solutum
1063 1863 1241 1902 theatrum
1261 1879 1280 1902 a

319 1921 576 1973 spectatoribus
605 1922 832 1973 consequitur
851 1939 860 1960 ς
879 1922 926 1960 ita
955 1923 990 1961 in
1014 1923 1116 1961 nobis
1141 1938 1283 1975 quoque

321 1982 376 2019 fit.
397 1983 490 2020 Nam
513 1982 542 2020 is
565 1982 626 2033 qui
654 1982 818 2021 laborum
835 1991 972 2035 tempus
987 1984 1098 2034 quieti
1113 1983 1256 2023 dedicat
1271 2015 1281 2032 ,

322 2051 407 2081 tunc.
423 2043 627 2095 ingemiscet
645 2053 677 2081 et
694 2043 860 2082 stridebit
873 2043 1043 2083 dentibus
1057 2077 1067 2094 ‚
1086 2045 1231 2097 quando
1246 2047 1281 2084 in

321 2112 450 2143 aeterna
468 2103 588 2155 requie
607 2104 788 2143 debuisset
810 2105 916 2143 finem
934 2105 1096 2144 laborum
1113 2107 1282 2155 nancisci,

317 2173 428 2217 atque
443 2174 600 2204 extrema
616 2164 792 2218 supplicia
810 2165 907 2204 luere
920 2176 1067 2218 cogetur
1083 2183 1090 2204 :
1111 2168 1175 2218 qui
1197 2182 1281 2207 vero

321 2241 503 2279 pressuras
524 2240 646 2264 omnes
662 2235 800 2279 promte
820 2241 861 2264 ac
876 2227 1028 2266 libenter
1047 2228 1150 2277 tulit,
1168 2238 1203 2268 et
1222 2229 1282 2268 hic

321 2296 355 2326 et
375 2288 409 2326 in
431 2289 551 2326 futuro
572 2287 701 2326 saeculo
720 2287 941 2326 clarissimus
960 2289 1027 2328 erit
1040 2319 1051 2334 ,
1075 2304 1230 2342 veraque
1247 2300 1282 2330 et

322 2349 515 2387 immortali
537 2349 650 2401 gloria
670 2349 808 2387 beatus.
835 2351 927 2388 Nam
946 2350 975 2388 si
993 2351 1027 2389 in
1049 2352 1282 2391 saecularibus

322 2410 383 2462 qui
402 2425 520 2449 rerum
538 2420 696 2463 tempora
715 2411 915 2458 confundit,
934 2413 1101 2452 omnibus
1115 2414 1184 2452 sibi
1202 2429 1281 2467 pro-

323 2471 448 2523 positis
469 2471 666 2510 commodis
694 2471 861 2520 excidet,
895 2482 1001 2525 atque
1029 2475 1224 2516 innumeris
1247 2492 1283 2516 se

324 2533 589 2572 calamitatibus
607 2543 776 2586 exponet,
797 2534 901 2587 longe
921 2536 958 2574 id
980 2537 1097 2588 magis
1117 2538 1153 2576 in
1175 2539 1281 2577 rebus

324 2594 575 2647 spiritualibus
607 2594 759 2647 patietur
774 2625 783 2642 ‚
816 2596 876 2646 qui
897 2605 1097 2650 temporum
1119 2599 1281 2639 ordinem

325 2657 475 2708 ignorat.
496 2656 599 2694 Dixit
617 2655 712 2694 enim
727 2655 893 2695 Christus
912 2674 919 2694 ε
939 2660 987 2695 In
1007 2660 1152 2697 mundo
1174 2676 1281 2713 pres-

325 2731 456 2756 suram
494 2718 697 2756 habebitis.
746 2718 875 2756 Beatus
910 2733 995 2757 vero
1030 2720 1163 2759 Paulus
1179 2751 1189 2772 ,
1227 2725 1280 2761 Et

326 2792 478 2828 omnes,
496 2779 560 2824 ait,
581 2781 648 2831 qui
664 2778 726 2830 pie
752 2780 890 2818 volunt
909 2784 1042 2819 vivere
1058 2785 1100 2819 in
1121 2784 1278 2823 Christo

324 2841 418 2879 lesu
431 2842 766 2893 persequutionem
780 2845 980 2890 panentu!-
989 2859 1003 2886 ;
1023 2857 1091 2881 non
1107 2845 1199 2883 solas
1213 2845 1281 2883 ho-

325 2901 461 2939 minum
483 2901 773 2954 persupiutiones
793 2900 930 2950 dicens,
950 2903 1009 2941 sed
1026 2915 1060 2942 et
1076 2904 1277 2945 daemonum

326 2961 485 3000 insidias.
503 2962 574 3000 Job
588 2975 745 3012 quoquc,
770 2964 962 3011 Tentatio,
978 2965 1106 3016 inquit,
1122 2976 1178 3006 est
1194 2969 1279 3006 vita

326 3023 492 3060 hominis
506 3036 619 3075 super
633 3031 788 3061 terram.
802 3024 898 3071 Quid
914 3039 996 3076 ergo
1009 3027 1165 3077 angeris,
1179 3029 1277 3079 quod
1327 3075 1335 3083 ·

327 3083 360 3119 in
378 3096 542 3120 aerumna!
562 3083 780 3135 temporibus
799 3085 968 3124 vexeris?
984 3088 1088 3125 Tunc.
1104 3089 1196 3127 enim
1216 3090 1277 3128 ‹lo-
1293 3075 1339 3140 ’,ζ’

324 3142 468 3179 lendum
487 3153 589 3190 esset,
609 3143 637 3181 si
654 3144 749 3194 quod
765 3146 932 3185 Christus
948 3162 1121 3199 pressura?
1137 3159 1276 3203 tempus

370 3310 383 3324 ¹
404 3298 500 3331 Colli.
518 3306 551 3331 et
567 3299 668 3332 Savil.
689 3308 762 3345 πρὸς
780 3305 809 3335 δ’(
827 3307 923 3348 τοῦτῳ
938 3330 944 3342 ,
963 3307 1078 3340 Μῦῐεί.
1097 3316 1169 3355 ’'s-‘⁹⁶
1185 3312 1212 3343 δ’(
1233 3318 1331 3344 τοῦτο.

365 3353 383 3377 Ι»
406 3350 504 3384 Cotb.
523 3358 555 3383 ct
578 3352 679 3384 Savil.
699 3360 747 3387 rat
765 3361 901 3399 ινθάπιρ
922 3363 979 3391 ins.

1347 192 1366 225 Α
1375 194 1533 227 nenti-31²
1542 217 1550 226 .
1590 195 1930 232 CONSTANTINOP
1938 221 1947 231 .

1365 281 1467 329 ἡμῶν
1485 294 1494 303 ·
1511 280 1578 318 κᾶν
1596 279 1688 319 οὕτω
1706 281 1741 320 δὲ
1762 281 1978 333 διακείμενος
1996 277 2038 336 ᾖς
2052 312 2062 331 ,
2085 283 2220 337 ταχέως
2249 284 2308 323 καὶ
2330 284 2387 323 τὸν

1364 341 1549 391 κολοφῶνα
1564 340 1711 390 τούτων,
1728 344 1775 386 ὥς
1792 343 1917 394 λέγεις,
1934 344 2137 397 ἀποκρούσῃ
2161 347 2232 384 τῶν
2250 346 2385 384 κακῶν,

1363 404 1378 421 ⁸
1396 400 1490 453 Πρὸς
1513 401 1551 440 δὲ
1569 401 1683 456 τούτῳ
1713 405 1855 442 κάκεῖνο
1882 403 2080 455 λογίζεσθαι
2098 405 2168 458 χρὴ
2181 434 2192 453 ,
2213 405 2267 444 ὅτι
2286 408 2305 444 ὃ
2325 405 2389 455 μὲν

1364 463 1434 500 τῶν
1470 462 1632 502 ἐπάθλων
1655 464 1715 502 καὶ
1747 467 1818 503 τῶν
1847 465 2027 517 στεφάνων
2053 467 2173 518 καιρὸς
2199 469 2219 506 ὁ
2249 467 2389 518 μέλλων

1365 521 1459 561 ἐστὶν
1479 523 1579 573 αἰὼν,
1597 527 1668 563 τῶν
1688 524 1724 563 δὲ
1739 525 1999 575 παλαισμάτων
2023 526 2083 565 καὶ
2104 530 2173 565 τῶν
2193 527 2350 581 ἱδρώτων
2372 532 2391 566 ὃ

1364 582 1500 635 παρών.
1520 585 1590 623 Καὶ
1606 589 1708 624 τοῦτο
1725 589 1872 632 ποιῆσαι
1899 586 2005 632 δῆλον
2029 589 2116 637 ἡμῖν
2145 587 2355 639 βουλόμενος
2372 591 2391 626 ὁ

1366 644 1539 697 μακάριος
1549 647 1689 690 Παῦλος
1704 646 1822 698 ἔλεγεν
1834 661 1842 669 ·
1857 645 1965 685 Οὕτω
1974 646 2092 699 τρέχω
2103 649 2151 691 ὡς
2163 649 2227 686 οὐκ
2240 649 2391 698 ἀδήλως,

1364 705 1456 744 οὕτω
1480 706 1642 745 πυκτεύω
1658 710 1705 751 ὡς
1724 707 1786 744 οὐκ
1813 706 1899 760 ἀέρα
1926 707 2035 759 δέρων
2053 737 2065 757 ,
2095 707 2174 746 ἀλλ’
2195 709 2391 755 ὑπωπιάζω

1366 781 1433 817 μου
1451 767 1491 806 τὸ
1509 770 1614 818 σῶμα
1632 768 1691 806 καὶ
1708 768 1938 820 δουλαγωγῶ,
1959 768 2086 819 μήπως
2103 769 2222 814 ἄλλοις
2239 769 2391 823 κηρύξας

1365 829 1466 872 αὐτὸς
1484 829 1650 879 ἀδόκιμος
1670 829 1840 880 γένωμαι.
1859 828 2008 877 Ἐπειδὴ
2029 830 2065 869 δὲ
2085 830 2172 882 πρὸς
2186 829 2250 878 τὴν
2267 832 2393 870 τελευ-

1363 889 1426 937 τὴν
1449 890 1575 942 ἔφθασε
1590 920 1600 936 ,
1614 893 1810 937 τηνικαῦτα
1826 890 1890 938 τὴν
1915 891 2094 943 μακαρίαν
2117 890 2253 939 ἐκείνην
2274 893 2389 944 ἀφ’ἥκε

1364 951 1501 1003 φωνήν·
1525 950 1597 989 Τὸν
1619 953 1739 1003 ἀγῶνα
1761 950 1820 989 τὸν
1849 952 1956 990 καλὸν
1981 950 2184 1004 ἠγώνισμαι
2199 980 2210 999 ,
2227 951 2286 990 τὸν
2304 952 2390 1004 δρό-

1365 1027 1429 1061 μον
1451 1011 1617 1050 τετέλεκα
1631 1042 1642 1059 ,
1659 1010 1722 1059 τὴν
1745 1011 1864 1051 πίστιν
1882 1011 2059 1065 τετήρηκα
2077 1043 2087 1061 ,
2105 1013 2227 1052 λοιπὸν
2247 1012 2391 1052 ἀπόκει-

1365 1072 1423 1111 ταί
1461 1088 1519 1124 μοι
1554 1076 1574 1112 ὁ
1607 1076 1669 1120 τῆς
1706 1073 1927 1120 δικαιοσύνης
1959 1074 2020 1112 στέ
2050 1087 2149 1117 ανος·
2173 1075 2308 1119 δεικνὺς
2334 1074 2391 1114 ὅτι

1363 1134 1479 1173 πάντα
1498 1135 1558 1173 τὸν
1586 1135 1660 1185 βίον
1681 1134 1868 1186 ἐναγώνιον
1898 1137 1984 1185 ἡμῖν
2005 1090 2093 1174 εἷναι
2118 1137 2169 1174 δεῖ
2188 1135 2249 1174 καὶ
2265 1134 2389 1175 ἐπίπο-

1361 1211 1432 1242 νον,
1452 1194 1538 1245 εἴγε
1557 1195 1746 1245 μέλλοιμεν
1765 1198 1827 1241 τῆς
1847 1196 2079 1239 ἀναπαύσεως
2092 1199 2156 1243 τῆς
2175 1196 2315 1235 αἰωνίου
2329 1196 2391 1235 καὶ

1361 1258 1430 1293 τῶν
1450 1256 1584 1307 μυρίων
1603 1255 1864 1294 ἀπολαύσεσθαι
1881 1258 2033 1306 ἀγαθῶν.
2053 1258 2096 1295 Ei
2114 1255 2149 1294 δὲ
2163 1256 2322 1308 βούλοιτό
2337 1273 2392 1301 τις

1363 1317 1527 1368 ῥαθυμῶν
1548 1315 1608 1353 καὶ
1633 1318 1703 1353 τῶν
1721 1316 1869 1353 ἐνταῦθα
1886 1316 2076 1355 ἀπολαύειν
2089 1315 2218 1364 ἡδέων,
2241 1318 2300 1355 καὶ
2320 1319 2391 1356 τῶν

1361 1379 1432 1415 ἐκεῖ
1450 1383 1518 1420 τοῖς
1539 1379 1704 1416 πονοῦσιν
1724 1376 1965 1428 ἀποκειμένων
1985 1380 2120 1428 μισθῶν
2133 1408 2144 1427 ,
2171 1377 2294 1417 ἑαυτὸν
2312 1390 2389 1418 πα-

1363 1438 1571 1491 ρακρούεται
1585 1438 1645 1477 καὶ
1662 1441 1795 1491 ἀπατᾷ.
1812 1437 2007 1491 ι’Καθάπερ
2023 1438 2091 1492 γὰρ
2109 1440 2168 1479 ἐπὶ
2187 1442 2257 1478 τῶν
2277 1441 2388 1487 ἀθλη-

1359 1502 1428 1538 τῶν
1448 1504 1467 1539 ὁ
1485 1500 1549 1551 μὲν
1569 1500 1627 1539 ἐπὶ
1641 1502 1701 1538 τοῦ
1728 1503 1851 1553 καιροῦ
1871 1501 1941 1538 τῶν
1964 1499 2107 1552 ἀγώνων
2124 1501 2241 1540 ἄνεσιν
2260 1502 2390 1550 ἐπιζη-

1359 1565 1428 1601 τῶν
1459 1561 1630 1614 αἰσχύνην
1661 1561 1720 1600 καὶ
1755 1560 1892 1606 ἀδοξίαν
1923 1561 1981 1601 διὰ
2013 1562 2143 1607 παντὸς
2175 1566 2236 1602 τοῦ
2263 1561 2390 1616 χρόνον

1359 1626 1472 1677 ἑαυτῷ
1491 1623 1670 1676 προξενεῖ,
1688 1626 1707 1661 ὁ
1727 1622 1762 1661 δὲ
1783 1625 1818 1662 ἐν
1833 1626 1884 1675 τῷ
1903 1622 2036 1676 σταδίῳ
2055 1623 2171 1662 πάντα
2187 1622 2291 1663 πόνον
2310 1639 2390 1676 γεν-

1358 1684 1462 1728 ναίως
1482 1685 1631 1736 ἐνεγκὼν
1650 1683 1837 1736 στεφάνους
1854 1684 1914 1722 καὶ
1934 1683 2034 1728 δόξαν
2054 1684 2115 1723 καὶ
2129 1684 2270 1724 ἔπαινον
2283 1715 2295 1735 ,
2328 1685 2389 1724 καὶ

1357 1747 1393 1784 ἐν
1414 1747 1528 1790 αὐτοῖς
1546 1751 1617 1789 τοῖς
1644 1746 1779 1796 ἀγῶσι,
1797 1744 1857 1782 καὶ
1887 1745 2059 1784 λυθέντων
2089 1747 2206 1784 αὐτῶν
2233 1749 2388 1800 καρποῦ·

1356 1824 1414 1846 ται
1436 1807 1533 1860 παρὰ
1551 1809 1620 1845 τῶν
1641 1809 1787 1846 θεατῶν·
1808 1805 1899 1845 οὕτω
1916 1807 1975 1845 καὶ
1996 1808 2046 1859 ἐφ’
2064 1805 2228 1857 ἡμῶν.Ὁ
2242 1807 2306 1858 μὲν
2324 1807 2385 1847 τὸν

1357 1868 1477 1922 καιρὸν
1500 1871 1568 1907 τῶν
1594 1868 1708 1906 πόνων
1737 1868 1885 1911 ἀνέσεως
1910 1867 2115 1918 ποιούμενος
2133 1867 2254 1921 καιρὸν
2269 1897 2282 1915 ‚
2303 1868 2386 1907 ὅταν

1358 1929 1627 1969 ἀναπαύσασθαι
1647 1929 1706 1981 δέῃ
1727 1928 1790 1976 τὴν
1812 1929 1934 1982 ἀγήρω
1956 1928 2091 1977 ἐκείνην
2116 1929 2233 1968 ἄνεσιν
2252 1958 2262 1978 ,
2289 1945 2386 1977 τηνι-

1358 1995 1471 2030 καῦτα
1498 1990 1684 2042 οἰμώξεται
1716 1990 1775 2028 καὶ
1809 1989 1925 2043 βρύξει
1953 1989 2033 2034 τοὺς
2065 1990 2227 2039 ὀδόντας,
2254 1989 2314 2029 καὶ
2340 1990 2387 2030 τὰ

1358 2053 1494 2105 ἔσχατα
1523 2052 1682 2091 πείσεται
1719 2052 1815 2090 δεινά
1831 2067 1839 2075 ·
1860 2055 1878 2090 ὁ
1911 2051 1946 2090 δὲ
1981 2053 2130 2090 ἐνταῦθα
2163 2051 2227 2096 τὰς
2252 2051 2388 2106 θλίψεις

1359 2113 1546 2168 προθύμως
1576 2113 1750 2165 ἐνεγκὼν,
1774 2113 1833 2151 καὶ
1862 2115 2010 2152 ἐνταῦθα
2035 2113 2095 2152 καὶ
2125 2114 2197 2152 ἐκεῖ
2223 2114 2387 2166 λαμπρὸς

1359 2177 1459 2215 ἔσται
1479 2175 1538 2213 καὶ
1573 2174 1728 2219 ἐπίδοξος
1755 2174 1854 2219 δόξαν
1876 2174 1938 2222 τὴν
1961 2175 2131 2213 ἀθάνατον
2160 2174 2221 2213 καὶ
2255 2177 2384 2224 ἀληθῆ.

1362 2239 1404 2276 lii
1424 2239 1492 2289 γὰρ
1511 2237 1570 2276 ἐπὶ
1586 2238 1654 2274 τῶν
1680 2239 1854 2288 βιωτικῶν
1877 2239 1895 2274 ὁ
1917 2236 1981 2283 τὴν
2001 2235 2180 2288 εὐκαιρίαν
2201 2237 2271 2274 τῶν
2290 2252 2384 2288 πρα-

1358 2297 1687 2350 γμάτων-συγχέων
1706 2297 1846 2335 πάντων
1866 2298 2068 2335 ἐκπεσεῖται
2095 2299 2165 2345 τῶν
2196 2297 2387 2350 προκειμέ·

1358 2376 1425 2398 νων
1445 2361 1553 2411 αὐτῷ,
1573 2358 1633 2397 καὶ
1653 2358 1791 2411 μυρίαις
1823 2357 1943 2396 ἑαυτὸν
1959 2357 2144 2409 περιῧαλεῖ
2163 2363 2357 2411 συμφοραῖς
2373 2387 2384 2405 ,

1357 2422 1478 2473 πολλῷ
1498 2422 1630 2471 μᾶλλον
1657 2421 1715 2458 ἐπὶ
1741 2422 1810 2458 τῶν
1830 2421 2078 2470 πνευματικῶν
2103 2423 2205 2458 τοῦτο
2224 2419 2386 2459 πείσεται

1358 2486 1376 2521 ὁ
1391 2482 1454 2530 τὴν
1472 2481 1569 2526 τάξιν
1590 2484 1658 2520 τῶν
1675 2482 1806 2533 καιρῶν
1827 2482 1890 2519 οὐκ
1910 2479 2023 2523 εἰδώς.
2046 2474 2153 2518 Ιῖἶπεν
2171 2482 2190 2519 ὁ
2218 2481 2383 2532 Χριστὸς,

1358 2544 1410 2582 ὅτι
1421 2545 1552 2596 Θλῖψιν
1569 2542 1662 2588 ἕξετε
1678 2545 1712 2581 ἐν
1730 2544 1780 2595 τῷ
1796 2541 1931 2595 κόσμῳ.
1951 2534 2059 2579 Εἶπεν
2075 2544 2093 2580 ὁ
2104 2541 2278 2594 μακάριος
2287 2541 2386 2580 Παῦ-

1357 2607 1433 2649 λος·
1456 2604 1525 2643 Kal
1545 2604 1675 2647 πάντες
1701 2603 1737 2641 δὲ
1756 2604 1788 2641 οἱ
1810 2602 1966 2645 θέλοντες
1985 2603 2046 2652 ζῇν
2068 2599 2221 2643 εὖσεὸῶς
2240 2601 2275 2639 ἓν
2293 2600 2384 2655 Χρι-

1358 2668 1431 2719 στῷ
1456 2665 1575 2712 Ἰησοῦ
1598 2663 1871 2716 διωχθήσονται·
1899 2663 1936 2701 οὐ
1963 2661 2024 2704 τὰς
2045 2660 2141 2714 παρὰ
2161 2664 2231 2699 τῶν
2252 2661 2382 2715 ἀνθρώ-

1357 2743 1433 2765 πων
1444 2726 1575 2771 διώξεις
1594 2725 1704 2776 λέγων
1716 2723 1833 2774 μόνον,
1850 2722 1939 2761 ἀλλὰ
1957 2722 2016 2761 καὶ
2032 2722 2093 2766 τὰς
2109 2721 2206 2774 παρὰ
2220 2724 2291 2760 τῶν
2306 2722 2381 2761 δαι-

1358 2788 1472 2838 μόνων
1492 2786 1689 2829 ἐπιὸουλάς.
1705 2779 1814 2823 Εἶπεν
1834 2783 1931 2831 Ἰὼῧ,
1948 2782 2001 2821 ὅτι
2014 2783 2247 2836 Πειρατήριόν
2265 2785 2382 2823 ‘iem

1356 2849 1539 2901 ἀνθρώπου
1554 2851 1572 2886 ὁ
1593 2847 1665 2898 βίος
1685 2847 1742 2885 ἐπὶ
1759 2848 1821 2892 τῆς
1840 2848 1917 2896 γῆς.
1937 2847 1969 2884 Τ
1974 2845 1984 2882 ί
2007 2844 2119 2883 τοίνυν
2136 2845 2327 2898 ἀσχάλλεις
2344 2847 2381 2885 ἒν

1355 2913 1406 2962 τῷ
1417 2913 1478 2956 τῆς
1493 2907 1733 2960 ταλαιπωρίας
1747 2906 1947 2957 θλιθόμενος
1967 2908 2100 2958 καιρῷ,
2119 2906 2211 2945 Τότε
2224 2906 2293 2959 γὰρ
2314 2906 2381 2945 ἀλ-

1355 2976 1427 3021 γεῖν
1459 2971 1565 3022 ε’χρῆν
1580 2999 1590 3014 ,
1606 2971 1635 3007 εἰ
1664 2969 1701 3007 ὃν
1723 2973 1888 3019 προεῖπεν
1905 2970 1922 3005 ὁ
1946 2967 2095 3017 Χριστὸς
2121 2965 2270 3018 θλίψεως
2290 2959 2379 3006 εἶναι

1355 3031 1498 3084 χρόνον,
1520 3032 1638 3069 τοῦτον
1673 3028 1882 3078 ἐποιούμεθα
1911 3031 2041 3079 τρυφῆς
2067 3027 2127 3065 καὶ
2148 3026 2379 3071 ἀναπαύσεως

1356 3094 1476 3146 καιρόν
1493 3107 1499 3114 ·
1528 3093 1559 3130 εἰ
1579 3092 1656 3130 καθ’
1674 3090 1710 3130 ὃν
1732 3089 1959 3141 ἀγωνίζεσθαι
1984 3089 2042 3126 καὶ
2061 3094 2177 3127 πονεῖν
2200 3088 2377 3140 προσετά-

1355 3157 1490 3204 χθημεν
1508 3183 1516 3199 ,
1537 3152 1626 3191 κατὰ
1643 3154 1760 3189 τοῦτον
1782 3149 2107 3200 ἀνεπεπτιῖικειμεν·
2127 3150 2154 3187 εἰ
2183 3148 2247 3194 τὴν
2276 3147 2378 3199 εὐρύ·

1403 3321 1414 3335 ·’
1442 3318 1500 3345 ἐστι
1518 3310 1609 3342 ‹tc-osi
1628 3309 1659 3341 in
1676 3307 1772 3341 Cott..
