2513 3871
180 1765 225 1792 De
241 1766 328 1792 sacri-

141 1806 208 1834 ficio
221 1805 310 1834 luae.

144 2369 218 2395 Grn-
234 2375 283 2396 22.
298 2378 328 2407 7.

351 193 439 238 2⁵38

345 288 413 326 hoc
433 286 661 340 praecipiente
678 297 770 335 aegrc
798 284 930 322 serebat
943 313 953 331 ,
974 297 1016 322 ac
1037 297 1231 336 numquam
1247 284 1301 323 illi

342 348 512 393 cessisset,
520 358 715 396 numquam
723 344 1013 396 obtemperasset,
1022 344 1087 383 etsi
1097 353 1181 383 tunc
1190 344 1303 397 major

342 407 529 446 accessisse
548 406 732 444 videretur
750 404 963 451 auctoritas,
980 405 1049 444 nisi
1066 405 1170 444 illum
1192 405 1301 444 timor

343 468 408 507 Dei
437 467 663 506 vehementer
691 465 906 519 impulisset.
938 466 1064 516 ltaque
1087 479 1169 504 curn
1190 465 1298 505 audis

342 529 449 567 illum
469 530 545 568 Deo
565 528 714 580 jubente
735 526 905 571 ancillam
935 527 1094 566 emisisse
1107 541 1189 565 cum
1210 527 1299 574 filio,

342 603 428 628 cave
443 598 546 641 putes
556 588 693 628 doloris
710 602 814 627 sensu
838 588 993 626 caruisse
1008 618 1018 636 ,
1031 588 1099 628 hoc
1111 589 1207 627 enim
1225 598 1301 627 erat

342 650 587 704 impossibile;
600 664 726 690 verum
749 649 849 688 illius
869 649 987 702 potius
1001 649 1221 702 singularem
1240 649 1301 688 ad·

342 713 472 751 mirare
486 711 741 757 obedientiam,
761 710 862 762 quod
879 724 961 749 cum
980 712 1086 749 etiam
1100 706 1299 751 miseratio-

342 773 398 812 nis
416 774 545 812 ass'ectu
566 772 826 818 retraberetur,
844 773 917 811 Deo
937 781 1053 811 tamen
1071 786 1140 812 non
1154 783 1300 813 contra-

341 834 459 884 dixit,
478 834 539 873 sed
567 834 686 873 emisit
716 848 799 872 cum
830 833 905 872 filio
938 843 1108 883 matrem,
1126 849 1297 887 quorsum

343 897 546 949 profectura
562 905 650 935 esset
665 895 837 934 nesciens.
852 894 1047 934 Tolerabat
1063 906 1182 935 autem
1193 906 1299 950 atque

342 958 538 998 sustinebat
553 971 704 996 moercns
721 973 728 994 :
747 971 862 1009 neque.
881 957 976 996 enim
998 957 1060 996 ille
1085 967 1212 997 natura
1231 973 1294 998 su-

342 1020 466 1072 perior
483 1027 658 1059 evaserat.

394 1082 435 1120 9.
460 1080 536 1119 Hoc
554 1089 673 1119 autem
689 1089 723 1119 et
744 1081 779 1119 in
797 1081 959 1133 legitimo
978 1095 1103 1134 passus
1118 1091 1170 1121 est
1199 1082 1296 1122 filio:

345 1141 471 1180 nullus
488 1141 583 1180 enim
598 1155 679 1180 eum
701 1155 770 1180 non
788 1141 948 1181 doluisse
967 1142 1082 1189 dicat,
1095 1157 1210 1194 neque
1229 1158 1296 1196 pa-

340 1211 441 1241 terno
468 1203 596 1241 ass'ectu
627 1202 735 1240 fuisse
755 1211 1000 1247 commotum,
1019 1217 1063 1241 ne
1087 1202 1175 1241 dum
1203 1204 1295 1242 ultra

341 1262 493 1301 modum
518 1262 620 1300 illius
648 1261 834 1300 ostendere
859 1261 987 1301 nititur
1017 1263 1298 1315 philosophiam,

342 1322 448 1360 illum
465 1335 603 1361 summa
638 1321 789 1360 laudum
808 1322 970 1361 omnium
1001 1323 1134 1375 privet.
1154 1324 1245 1362 Nam
1267 1324 1298 1362 si

340 1383 377 1422 in
390 1382 536 1434 flagitiis
552 1382 771 1435 turpissimis
782 1382 1034 1436 deprehensos,
1044 1397 1086 1421 ac
1099 1383 1298 1436 longissisi-

341 1457 399 1482 mo
411 1452 568 1496 tempore
579 1443 653 1482 vita
668 1443 1030 1496 potitos,ignotosquc
1044 1453 1079 1483 et
1092 1459 1183 1497 quos
1193 1460 1298 1485 num-

340 1519 446 1557 quam
469 1514 570 1543 antea
586 1504 768 1552 vidimus,
786 1519 869 1544 cum
891 1515 1035 1559 repente
1057 1507 1298 1560 conspicimus

342 1566 377 1605 in
400 1567 476 1605 foro
491 1565 538 1605 ad
555 1575 703 1605 mortem
721 1565 831 1611 duci.
851 1566 1097 1607 misericordia
1127 1583 1169 1607 ac
1195 1568 1298 1609 dolo-

342 1641 380 1666 re
394 1628 619 1675 conficimur,
636 1642 730 1681 saepe
741 1637 860 1667 autem
876 1630 983 1667 etiam
1000 1629 1272 1683 illacrymamur
1287 1647 1295 1668 :

341 1687 372 1726 is
386 1688 447 1740 qui
463 1688 686 1740 unigenitum
699 1697 733 1727 et
746 1689 972 1728 carissimum
988 1690 1118 1737 filium,
1132 1692 1194 1742 qui
1211 1705 1299 1744 prae-

343 1758 396 1788 ter
409 1764 520 1803 spem,
534 1751 598 1802 qui
613 1758 693 1803 post
703 1758 840 1789 tantum
854 1751 1041 1804 temporis,
1052 1752 1114 1803 qui
1125 1752 1171 1790 ad
1185 1761 1299 1791 extre·

344 1825 439 1849 mam
454 1820 667 1850 senectutem
695 1819 800 1849 natus
824 1814 929 1859 crat(
958 1811 1036 1850 baec
1062 1812 1158 1851 enim
1177 1814 1296 1852 omnia

343 1873 500 1912 excitant
513 1873 688 1925 majorem
701 1871 837 1910 doloris
850 1871 1060 1922 flammam),
1070 1873 1166 1912 bunc
1175 1874 1297 1912 adhuc

338 1932 507 1985 juvenem
522 1932 597 1971 suis
610 1931 777 1971 manibus
790 1941 944 1978 mactare
958 1942 992 1971 et
1015 1925 1297 1985 incenderc‘jus-

343 2007 419 2042 sus,
449 1993 542 2032 nihil
560 1993 761 2032 humanum
782 2007 906 2046 passus
929 1993 1180 2033 existimetur:
1208 1995 1297 2046 quid

344 2054 410 2093 ista
437 2054 639 2094 dicentibus
664 2053 920 2092 ridiculosius?
951 2056 1112 2106 Namque
1143 2055 1173 2093 si
1205 2056 1297 2109 lapis

343 2125 448 2165 essct,
469 2117 498 2155 si
519 2117 650 2155 serrum
665 2146 675 2162 ‚
695 2115 725 2154 si
756 2115 903 2154 adamas
933 2115 1089 2167 denique
1103 2146 1113 2163 ‚
1137 2126 1299 2170 possetne

344 2191 414 2216 non
435 2177 586 2226 molliri,
617 2191 685 2215 non
706 2178 819 2229 frangi
840 2176 887 2215 ad
913 2176 1082 2215 decorum
1102 2178 1168 2216 filii
1189 2192 1298 2231 aspe-

344 2239 466 2277 ctum?
486 2240 587 2290 (crat
603 2238 697 2276 enim
721 2238 756 2276 in
773 2237 852 2291 ipso
866 2238 980 2276 aetatis
995 2238 1095 2286 flore)
1114 2237 1159 2277 ad
1172 2239 1300 2278 verbo·

346 2314 424 2338 rum
441 2298 667 2352 prudentiam
685 2309 719 2338 et
738 2299 974 2350 religionem?
987 2299 1222 2351 Interrogavit
1242 2314 1305 2352 pa-

346 2370 454 2408 trem,
471 2362 573 2399 Ecce
590 2361 699 2412 ligna
713 2369 749 2398 et
764 2364 891 2412 Ignem
912 2375 926 2397 .·
948 2362 1015 2398 ubi
1029 2369 1084 2398 est
1109 2362 1211 2399 ovis?
1231 2375 1298 2398 au-

345 2421 460 2470 divit,
486 2423 591 2461 Deus
605 2422 818 2474 providebit
834 2423 908 2459 sihi
924 2435 1033 2459 ovem
1055 2422 1091 2459 in
1108 2422 1300 2461 holocau-

344 2483 547 2535 stum,fili
568 2487 649 2522 mi:
688 2483 853 2534 nihilque
883 2482 1098 2535 perquisivit
1118 2482 1298 2536 amplius.

345 2544 549 2597 Aspiciebat
563 2554 700 2597 patrem
714 2558 750 2582 sc
763 2543 950 2595 ligantem,
964 2558 1026 2582 nec
1040 2543 1297 2583 reluctabatur:

346 2605 537 2658 impositus
553 2619 640 2658 rogo
662 2619 730 2644 non
751 2604 930 2643 resiliebat
947 2605 1109 2657 gladium
1129 2614 1250 2644 contra
1265 2620 1302 2644 se

349 2666 500 2715 vibrari,
517 2665 852 2718 nequeterrebatur.
874 2665 975 2714 Quid
991 2666 1058 2704 hoc
1077 2665 1196 2704 animo
1217 2666 1302 2704 reli·

345 2731 508 2783 giosius?
523 2731 724 2770 Audebitne
740 2745 824 2783 ergo
839 2731 1030 2783 quisquam
1044 2730 1164 2769 adbuc
1182 2730 1302 2770 dicere

347 2793 436 2831 nibil
473 2794 508 2831 in
542 2792 751 2844 hujusmodi
784 2793 951 2831 omnibus
987 2805 1197 2845 perpessum
1227 2806 1302 2831 esse

348 2854 528 2892 Abrabam
545 2854 563 2891 Ξ)
585 2854 623 2893 Si
645 2853 738 2892 cuim
761 2853 959 2901 inimicum,
978 2853 1008 2892 si
1031 2853 1168 2892 hostem
1188 2852 1302 2892 inter-

347 2915 502 2953 fecturus
521 2924 623 2961 esset,
645 2915 752 2953 etiam
774 2915 802 2952 si
826 2914 945 2953 bellua
965 2914 1089 2953 suisset
1111 2914 1299 2964 immanis,

350 2990 434 3014 num
456 2976 520 3015 ista
543 2976 618 3015 sine
631 2976 756 3015 dolore
781 2976 1041 3029 perpetrasset?
1061 2977 1140 3015 Nori
1162 2985 1213 3015 est
1231 2976 1276 3015 ita
1291 3006 1302 3024 ,

350 3050 418 3075 non
438 3047 503 3076 est.
534 3038 618 3077 Noli
634 3039 771 3090 justum
801 3039 920 3076 virum
946 3047 1052 3076 tantae
1082 3037 1303 3077 crudelitatis

350 3110 518 3147 arguere:
536 3098 678 3137 dolebat
699 3099 855 3151 profecto
873 3108 979 3151 atque
990 3098 1299 3151 disrumpebatur.

354 3158 481 3202 Deus,
509 3158 646 3209 inquit,
675 3161 892 3210 providebit
921 3161 995 3198 sibi
1023 3162 1227 3198 victimam
1262 3161 1303 3197 ιἰι

398 3295 413 3312 '
429 3294 438 3335 [
454 3296 682 3335 διακοπτόμινος
697 3297 797 3330 Sm-il.
822 3299 829 3339 ἶ

397 3356 409 3369 ¹·
433 3345 533 3377 smil.
550 3354 581 3378 ct
595 3347 690 3380 (Lotb.
708 3353 780 3393 παρ’
797 3353 916 3389 ἐλπίδας
937 3378 944 3388 ,
963 3351 1078 3384 Mon-t.
1096 3357 1168 3397 παρ’
1186 3354 1302 3387 ἐλπίδα.

398 3399 413 3421 t·
437 3397 538 3430 savit.
559 3399 589 3430 in
611 3410 715 3436 mart:-
738 3406 820 3437 ⁷22³„-
843 3406 1003 3443 ὸάῧάμ-ις,
1032 3406 1063 3436 in
1095 3412 1185 3436 textu
1203 3413 1232 3436 et
1253 3404 1349 3436 (ἶοΙΙι.

773 202 811 233 3.
850 202 1036 233 sommis
1071 202 1314 233 CHRYSOST.
1356 202 1564 236 Attcntm‘.
1603 205 1961 238 consrmrmop.

1349 304 1352 307 ι
1373 287 1458 333 κοὴν
1477 287 1676 338 θαύμασον,
1691 289 1744 327 ὅτι
1769 289 1829 327 καὶ
1857 290 1924 328 ὑπὸ
1951 291 2013 336 τῆς
2040 290 2259 340 συμπαθείας
2274 291 2391 341 ’καμ-

1373 347 1542 397 πτάμενος
1560 349 1623 388 οὖκ
1642 350 1805 402 ἀντίλεγε
1818 352 1868 402 τῷ
1882 352 1979 402 Θεῷ,
1996 350 2075 388 ἀλλ’
2088 350 2261 401 ἐξέπεμπε
2277 350 2339 401 μὲν
2353 351 2393 389 τὸ

1372 408 1510 447 παιδίον
1539 409 1629 458 μετὰ
1654 412 1717 456 τῆς
1748 411 1900 463 μητρὸς,
1915 410 1990 449 οὑδὲ
2011 412 2091 450 ὅποι
2110 411 2320 463 πορεύσεται
2341 413 2391 449 εἰ·

1373 468 1461 516 δὼς,
1477 471 1655 523 ἐκαρτέρει
1675 471 1710 510 δὲ
1730 471 1789 509 καὶ
1809 471 1971 522 ἠνείχετο
1988 470 2218 523 ὀδυνώμενος·
2231 471 2307 511 οὐδὲ
2324 471 2393 524 γὰρ

1373 531 1435 576 τῆς
1454 530 1588 582 φύσεως
1606 531 1773 584 κρείττων
1794 526 1851 578 ἦν.

1422 1081 1539 1118 Τοῦτο
1556 1077 1591 1117 δὲ
1613 1078 1673 1116 καὶ
1702 1078 1759 1117 ἐπὶ
1778 1083 1838 1118 τοῦ
1856 1079 1999 1131 γνησίου
2020 1079 2144 1122 παιδὸς
2173 1077 2294 1116 ἔπαθε.
2329 1075 2391 1121 Μὴ

1370 1141 1439 1191 γάρ
1456 1155 1509 1184 τις
1529 1139 1679 1191 λεγέτω,
1698 1138 1751 1178 ὅτι
1770 1140 1831 1178 οὐκ
1849 1140 1949 1190 ἤλγει
1961 1168 1971 1186 ,
1991 1138 2068 1179 οὐδὲ
2084 1138 2128 1177 τὰ
2147 1141 2215 1177 τῶν
2232 1136 2396 1189 πατέρων

1371 1200 1559 1250 ὑπέμεινε,
1580 1199 1670 1250 μηδὲ
1702 1200 1794 1251 πέρα
1822 1204 1883 1238 τοῦ
1903 1199 2032 1252 μέτρου
2052 1199 2159 1244 δεῖξαι
2189 1198 2397 1250 βουλόμενος

1372 1262 1643 1312 φιλοσοφοῦντα,
1664 1261 1704 1299 τὸ
1725 1260 1912 1312 κεφάλαιον
1935 1260 2173 1312 ἂποστερείτω
2191 1261 2261 1298 τῶν
2282 1260 2397 1310 ἔγκω-

1373 1320 1462 1371 μίων
1486 1321 1598 1359 αὐτόν.
1618 1322 1662 1359 Εἰ
1677 1320 1743 1374 γὰρ
1758 1320 1836 1365 τοὺς
1858 1321 1917 1360 ἐπὶ
1936 1327 2007 1365 τοῖς
2022 1320 2217 1373 αἰσχίστοις
2231 1319 2398 1368 ἁλόντας,

1372 1381 1432 1419 καὶ
1445 1381 1553 1420 πολὺν
1567 1382 1692 1435 χρόνον
1705 1381 1834 1429 ταύτης
1851 1380 2121 1425 ἀπολαύσαντας
2134 1383 2198 1427 τῆς
2214 1383 2324 1429 ζωῆς,
2338 1382 2399 1420 καὶ

1373 1445 1532 1494 ἀγνῶτας
1546 1443 1664 1488 ὄντας,
1684 1442 1744 1480 καὶ
1759 1441 1836 1481 οὐδὲ
1849 1442 2017 1495 ὀφθέντας
2031 1445 2119 1493 ἡμῖν
2134 1457 2239 1489 ποτε,
2256 1440 2398 1487 τούτους

1372 1503 1532 1557 ἐξαίφνης
1546 1507 1694 1556 ὁρῶντες
1706 1504 1765 1542 ἐπὶ
1779 1505 1842 1550 τῆς
1855 1506 1985 1558 ἀγορᾶς
1995 1503 2059 1551 τὴν
2078 1503 2136 1543 ἐπὶ
2150 1502 2297 1543 θάνατον
2311 1504 2398 1542 ἀπα·

1371 1566 1538 1617 γομένους
1566 1566 1827 1617 συστελλόμεθα
1856 1565 1916 1603 καὶ
1943 1566 2140 1617 ἀλγοῦμεν,
2163 1564 2335 1608 πολλάκις
2360 1563 2396 1602 δὲ

1371 1626 1431 1665 καὶ
1450 1626 1655 1679 δακρύομεν·
1669 1629 1687 1665 ὁ
1700 1627 1758 1665 τὸν
1773 1626 1844 1665 υἱὸν
1859 1629 1964 1665 αὑτοῦ
1979 1626 2036 1665 τὸν
2053 1627 2210 1679 γνήσιον,
2225 1626 2286 1665 τὸν
2298 1641 2398 1677 μονο-

1371 1689 1454 1738 γενῆ
1469 1717 1478 1732 ,
1494 1687 1553 1725 τὸν
1568 1691 1582 1707 ”
1597 1688 1680 1739 παρ’
1709 1686 1852 1730 ἐλπίδας
1870 1687 2059 1738 τεχθέντα,
2078 1687 2137 1726 τὸν
2158 1685 2249 1737 μετὰ
2272 1686 2395 1738 χρόνον

1370 1753 1551 1796 τοσοῦτον,
1567 1749 1624 1787 τὸν
1640 1748 1725 1799 πρὸς
1749 1747 1889 1800 ἐσχάτῳ
1905 1748 1998 1801 γήρα
2012 1750 2023 1799 (
2041 1748 2100 1787 καὶ
2117 1748 2186 1801 γὰρ
2205 1747 2265 1786 καὶ
2283 1750 2395 1786 ταῦτα

1372 1809 1510 1859 μείζονα
1531 1810 1620 1861 αἴρει
1645 1809 1708 1856 τὴν
1732 1810 1843 1861 φλόγα
1858 1812 1883 1856 ),
1900 1813 2019 1848 τοῦτον
2042 1809 2094 1847 ἔτι
2117 1807 2191 1847 νέον
2215 1809 2299 1848 ὄντα
2318 1814 2393 1851 ταῖς

1372 1873 1493 1910 ἑαυτοῦ
1506 1871 1606 1923 χερσὶ
1621 1873 1818 1908 καταθῦσαι
1832 1870 1894 1913 καὶ
1921 1874 2143 1908 κατακαῦσαι
2157 1869 2394 1920 κελευόμενος,

1371 1932 1467 1971 οὐδὲν
1491 1931 1706 1984 ἀνθρώπινον
1729 1931 1853 1978 ἔπαθες
1870 1930 1930 1970 καὶ
1948 1931 1984 1969 τί
2007 1933 2076 1968 τῶν
2092 1935 2202 1969 ταῦτα
2222 1930 2395 1983 λεγόντων

1372 1993 1732 2045 καταγελαστότερον;
1754 1994 1799 2032 Εἴ
1814 1992 1882 2045 γὰρ
1900 1992 1992 2036 λίθος
2011 1987 2074 2040 ἦν,
2096 1995 2125 2031 εί
2154 1991 2223 2046 γὰρ
2243 1992 2397 2044 σίδηρος,

1372 2056 1400 2093 εἷ
1418 2053 1512 2106 γὰρ“’
1528 2054 1770 2104 αὖτοαδάμας,
1790 2055 1852 2093 οὐκ
1881 2054 1920 2092 ἂν
1941 2054 2106 2106 ἐκάμφθη
2124 2053 2184 2092 καὶ
2216 2053 2397 2092 κατεκλά-

1374 2119 1439 2163 σθη
1463 2115 1549 2168 πρὸς
1572 2115 1636 2162 τὴν
1656 2114 1753 2166 ὥραν
1768 2119 1828 2153 τοῦ
1847 2115 1970 2158 παιδός
1990 2115 2062 2163 (καὶ
2084 2114 2153 2165 γὰρ
2171 2109 2214 2161 ἦν
2236 2114 2320 2154 αὐτὸ
2336 2117 2398 2161 τῆς

1371 2177 1509 2224 ἡλικίας
1519 2177 1558 2215 τὸ
1572 2177 1670 2221 ἄνθος
1682 2177 1806 2226 ἄγων),
1816 2176 1900 2229 πρὸς
1910 2176 1972 2224 τὴν
1984 2176 2122 2215 σύνεσιν
2133 2178 2202 2214 τῶν
2217 2176 2399 2228 ῥημάτων,

1372 2238 1457 2290 πρὸς
1477 2238 1540 2285 τὴν
1562 2238 1745 2277 εὖλάὸειαν
1760 2240 1822 2284 τῆς
1835 2236 2164 2291 ψυχῆς;’11ρώτησε
2181 2229 2241 2275 οὖν
2252 2236 2311 2276 τὸν
2327 2252 2397 2276 πα·

1373 2300 1475 2352 τέραν
1496 2299 1608 2351 λέγων
1620 2314 1627 2321 ·
1647 2298 1736 2337 Ἰδοὺ
1767 2298 1811 2338 τὰ
1830 2298 1915 2343 ξύλα
1937 2299 1997 2337 καὶ
2023 2299 2064 2337 τὸ
2078 2303 2166 2350 π’ὗρ,
2183 2302 2252 2338 ποῦ
2271 2299 2346 2337 ἐστι
2359 2298 2400 2336 τὸ

1373 2360 1570 2413 πρόὸατοη
1589 2360 1749 2409 ἤκουσεν,
1763 2359 1815 2399 ὅτι
1835 2359 1881 2399 Ὁ
1891 2359 1980 2403 Θεὸς
1995 2359 2118 2412 ὄψεται
2132 2361 2247 2411 ἑαυτῷ
2262 2358 2397 2411 πρόὸα·

1373 2439 1431 2462 τον
1453 2425 1501 2466 εἰς
1516 2422 1772 2475 ὁλοκάρπωσιν,
1793 2415 1822 2460 ὦ
1843 2421 1963 2460 τέκνον
1981 2436 1989 2444 ·
2009 2421 2069 2458 καὶ
2085 2421 2182 2459 οὐδὲν
2197 2419 2398 2473 περιειργά-

1374 2500 1461 2524 σατο
1477 2485 1595 2526 πλέον.
1608 2484 1728 2536 ‘Et-Spa
1741 2484 1799 2523 τὸν
1813 2483 1951 2535 πατέρα
1970 2482 2183 2532 δεσμεύοντα
2203 2480 2318 2529 αὐτὸν,
2338 2482 2398 2520 καὶ

1375 2548 1437 2585 οὐκ
1453 2545 1656 2585 ἅντέτεινεν·
1667 2550 1681 2566 ⁰
1692 2544 1837 2592 ἐπετέθη
1854 2550 1924 2587 τοῖς
1936 2542 2061 2588 ξύλοις,
2070 2542 2129 2580 καὶ
2145 2543 2207 2580 οῦκ
2218 2541 2398 2589 ἀπεπήδη·

1375 2601 1525 2646 σεεν-εἶδε
1538 2606 1602 2653 τὴν
1619 2608 1800 2659 μάχαιραν
1820 2608 1898 2644 κατ’
1917 2607 2020 2643 αὐτοῦ
2035 2603 2243 2656 φερομένην,
2257 2602 2316 2641 καὶ
2336 2604 2396 2643 οὒκ

1374 2668 1565 2722 ἐταράχθη.
1592 2667 1640 2707 Τί
1672 2667 1802 2714 ταύτης
1833 2665 2082 2716 εὐλαὸέστερον
2114 2664 2239 2716 γένοιτ’
2274 2663 2315 2702 ἂν
2336 2667 2397 2711 τῆς

1374 2728 1599 2783 ψυχῆς;Ἷ·ζτι
1615 2723 1673 2768 οὖν
1687 2729 1855 2778 τολμήσει
1870 2743 1921 2771 τις
1938 2728 2044 2764 εἰπεῖν
2062 2728 2108 2768 ὡς
2126 2725 2222 2764 οὐδὲν
2238 2726 2306 2765 ὑπὸ
2318 2726 2399 2765 τού·

1374 2807 1444 2831 των
1464 2790 1631 2830 ἁπάντων
1651 2789 1776 2828 ἔπαθεν
1797 2792 1815 2826 ὁ
1838 2788 2018 2840 ’Λῧραάμ;
2049 2789 2089 2827 El
2108 2787 2178 2840 γὰρ
2196 2788 2318 2840 ἐχθρὸν
2339 2789 2398 2827 καὶ

1375 2853 1545 2904 πολέμιον
1571 2850 1758 2890 καταθύειν
1786 2850 1949 2900 ἔμελλεν,
1966 2851 1995 2886 εἰ
2015 2849 2083 2900 γὰρ
2109 2849 2226 2900 θηρίον
2247 2844 2311 2898 ἦν,
2331 2843 2398 2904 {pn

1377 2916 1417 2953 ἂν
1439 2913 1609 2965 άναλγητὶ
1631 2916 1740 2951 ταῦτα
1771 2912 1951 2958 ἐποίησας
1973 2913 2049 2949 Οὐκ
2078 2911 2152 2950 ἔστι
2184 2914 2317 2959 ταῦτα,
2338 2912 2401 2950 οὒκ

1378 2975 1468 3012 ἔστι·
1490 2972 1538 3022 μὴ
1562 2970 1734 3017 τοσαύτην
1761 2970 1928 3019 ιῖιμότητα
1950 2972 2131 3021 καταγνῷς
2159 2974 2219 3009 τοῦ
2244 2970 2397 3009 δικαίου·

1378 3035 1435 3073 καὶ
1455 3033 1523 3086 γὰρ
1553 3034 1653 3084 ἤλγει
1679 3032 1738 3070 καὶ
1758 3030 1971 3069 διεκόπτετο.
1992 3030 2037 3067 '0
2056 3031 2164 3075 Θεὸς.
2185 3031 2401 3084 qai-,elmat-

1378 3112 1436 3135 ται
1449 3095 1624 3148 πρόὸατον
1646 3095 1760 3145 ἑαυτῷ
1781 3093 1827 3134 εἰς
1847 3092 2110 3144 ὁλοκάρπιοισιν,
2126 3093 2258 3132 τέκνον.
2281 3092 2402 3140 Πόσης

1378 3157 1442 3195 οἴει
1465 3159 1575 3195 ταῦτα
1597 3153 1814 3205 συμπαθείας
1835 3147 1920 3190 εἶναι
1946 3152 1989 3191 τὰ
2011 3153 2171 3205 ῥήματα,
2191 3152 2284 3192 Ἀλλ’
2306 3153 2401 3202 ὅμως

1395 3300 1596 3340 ἰᾀτπῧάμπς,
1618 3293 1732 3328 Mon-et.
1759 3299 1843 3331 2322.
1862 3296 1929 3334 eii-l
1955 3295 2171 3326 ttvsiiinimua
2188 3296 2396 3334 αὐτοπὸἀμας.

1391 3350 1481 3393 qnod
1512 3349 1652 3381 liabetur
1679 3347 1780 3380 etium
1805 3349 1837 3379 in
1872 3346 2007 3387 Erlogg.
2039 3355 2062 3377 t.
2096 3347 2147 3383 02,
2171 3358 2203 3387 p.
2224 3345 2310 3382 07⁵,
2331 3344 2369 3376 E.
2390 3345 2400 3388 1

1435 3414 1447 3424 r
1465 3403 1473 3442 Ῐ
1491 3399 1591 3433 Snvil.
1610 3397 1768 3440 canaan}
