2513 3871
108 706 198 736 Pul.
230 714 299 745 ¹¹9·

108 754 139 776 τ.

108 1393 198 1422 Pmt.
222 1394 272 1434 ⁵7·

109 1433 170 1464 [mi

107 1498 219 1545 Hyllios.
244 1494 276 1527 5.

114 1543 163 1569 io.

108 1609 204 1661 qun.
230 1615 277 1647 ¹9·

113 2026 207 2058 Ptal.
225 2023 278 2065 48.

111 2076 301 2139 Etim-8036.

112 2151 189 2178 laad.
203 2150 256 2180 53.
270 2157 301 2186 7.

113 2194 178 2219 Art.
189 2190 219 2221 8.
236 2191 289 2222 32.

115 2427 146 2449 α.
162 2418 233 2447 Cor.
250 2426 300 2448 ιο.

116 2463 147 2491 6.

127 2821 202 2849 Pan!
223 2831 306 2861 7¹²·

322 260 434 289 tom)

313 358 389 380 nvn
408 356 508 380 cmm
528 346 656 379 sciunt
671 342 766 392 quid
780 343 947 389 fuciunt.
965 341 1098 393 lnjuria
1130 350 1163 380 te
1182 342 1257 379 fra·

312 406 363 434 ter
377 395 508 439 affecit,
526 393 622 431 visus
640 402 691 430 est
711 392 878 444 indignus
894 393 1113 432 fraternitate
1134 411 1143 432 ι
1166 403 1202 432 at
1219 403 1256 432 tu

311 446 562 486 fraternitatem
584 458 652 483 non
681 444 834 484 destrue.
854 447 979 485 Frater
1001 455 1083 484 tuus
1109 446 1259 499 Josephi

313 500 435 537 fratres
455 498 613 536 imitatus
637 506 703 544 est,
732 497 853 536 fratris
873 497 1005 537 caedem
1034 497 1259 538 machinatus

311 560 374 596 est,
401 550 585 588 inimicum
610 564 648 588 se
675 564 739 603 pro
758 551 866 589 fratre
884 551 1052 598 ostendit,
1072 559 1177 602 teque
1196 565 1259 604 per

312 617 490 642 summum
509 603 622 641 scelus
641 603 810 655 impetiit,
826 604 923 642 nulla
938 612 1151 657 provocatus
1164 605 1258 656 inju-

313 656 363 694 ria
382 665 415 694 te
434 656 524 694 laesit
541 671 550 696 ;
571 664 607 694 at
625 664 662 694 tu
682 656 736 695 fac
753 658 988 704 contrarium,
1012 666 1051 696 ut
1068 666 1103 695 et
1118 667 1155 695 tu
1176 671 1258 696 cnm

313 718 453 747 cantore
482 708 620 747 Dav-ide
648 708 763 758 dicas,
786 711 882 750 Cum
913 711 973 749 his
1006 713 1075 763 qui
1095 711 1259 749 oderunt

308 776 459 814 pacem,
475 775 579 799 eram
591 762 793 814 pacificus.
811 763 925 803 Vince
939 765 973 802 in
990 763 1084 803 bono
1097 763 1233 802 malum
1248 779 1256 800 ε

311 828 466 866 provoca
491 814 628 867 ipsum,
654 824 689 852 et
716 815 822 853 incita
849 816 1008 865 bonum,
1034 816 1259 855 iracundiam

309 868 432 919 frange
446 867 687 918 benignitate:
711 868 764 906 fac
784 869 959 921 intelligat
974 884 1011 908 se
1028 869 1159 922 injuria
1178 884 1260 923 per·

1265 258 1441 288 SPURlss.

1330 344 1389 386 τός
1418 345 1506 391 ἐστι,
1525 344 1585 382 καὶ
1604 346 1690 396 πρὸς
1718 345 1781 392 τὴν
1802 345 1866 393 σὴν
1898 346 2099 399 ἡμερότητα
2116 350 2156 387 οὗ
2174 351 2354 400 μεταὸάλ-

1331 396 1443 433 λεται.
1479 395 1551 434 Καὶ
1583 395 1689 449 Θηρία
1720 397 1785 448 μὲν
1815 399 2076 449 μεταὸάλλεται
2111 402 2159 445 εἰς
2189 400 2255 448 τὴν
2284 405 2355 442 τῶν

1332 447 1526 500 ἀνθρώπων
1543 449 1762 502 ἡμερότητα,
1790 452 1919 496 ἐκεῖνος
1937 451 1974 490 δὲ
1987 453 2058 490 τῶν
2079 452 2208 506 Θηρίων
2228 454 2356 507 ἀγριώ-

1332 515 1431 553 τερος
1450 500 1659 549 καθέστηκε.
1690 502 1752 550 Μὴ
1781 504 1970 556 φιλονείκει
1988 505 2076 556 πρὸς
2093 505 2152 543 τὸν
2180 509 2357 554 τοιοῦτον,

1333 553 1424 601 μηδὲ
1468 554 1770 607 ἀντιπαρεξάγαγε
1813 558 1914 608 Θυμῷ
1947 556 2055 608 θυμόν
2076 570 2085 578 ·
2120 556 2279 597 ἕκκλινον
2319 559 2356 597 δὲ

1332 604 1429 644 ὥσπε
1485 607 1646 658 χαλεπὰς
1673 611 1743 647 τῶν
1775 612 1913 661 πετρῶν
1942 611 1961 647 ὁ
1987 610 2090 662 σοφὸς
2117 610 2357 662 κυὸερνήτης·

1332 621 1483 710 φύλαξαι
1514 659 1551 699 δὲ
1581 659 1703 712 ὥσπερ
1734 662 1867 700 ἀσπίδα
1898 661 2020 714 κωφὴν
2039 662 2099 701 καὶ
2134 663 2283 715 βύουσαν
2311 663 2356 703 τὰ

1331 711 1406 757 ὦτα
1428 720 1548 767 αὐτ-ἧς,
1566 720 1643 767 ἥτις
1661 722 1722 759 οὐκ
1742 722 1984 761 εἶσακούσεται
2015 723 2133 775 φωνὴν
2152 723 2354 776 ἀπᾴδοντος.

1331 771 1569 825 Ἐξαγόρασον
1587 774 1646 812 τὸν
1665 773 1801 826 καιρὸν,
1813 774 1867 814 ὅτι
1886 777 1921 814 αἱ
1936 775 2067 828 ἡμέραι
2086 776 2238 827 πονηραί
2255 778 2356 816 εἰσιν·

1333 826 1367 862 ἐν
1385 826 1490 879 σοφίᾳ
1519 827 1720 878 περιπάτει,
1743 827 1855 873 εἰδὼς,
1878 827 1932 867 ὅτι
1951 827 2043 873 ξένος
2063 822 2094 868 εἶ
2111 829 2172 867 καὶ
2190 829 2358 882 πάροικος

1272 901 1319 926 „5
1334 878 1391 916 ἐπὶ
1413 881 1475 925 τῆς
1494 881 1559 930 γῆς
1578 879 1638 917 καὶ
1666 880 1911 932 παρεπίδημος
1927 911 1937 929 ,
1958 880 2073 925 καθὼς
2090 880 2219 926 πάντες
2236 884 2268 921 οἱ
2286 897 2358 920 πα-

310 921 410 971 sequi
428 920 612 959 Christum
631 921 666 958 in
689 930 733 969 te,
747 929 780 959 et
799 921 949 973 dignum
965 936 1034 961 non
1048 937 1123 961 esse
1137 933 1258 974 te‚qu1
1286 940 1310 967 Α
1332 931 1428 982 τέρες
1456 944 1530 970 σου,
1564 932 1748 985 sspo'Cm-ov
1783 935 1831 975 εἷς
1866 934 1972 984 μέσον
2000 933 2116 972 λόχων
2155 934 2358 982 dne-rom<

310 974 618 1026 persequutionem
637 973 796 1025 patiaris,
815 974 983 1013 declares.
1001 980 1048 1014 At
1067 975 1160 1014 enim
1179 990 1257 1028 per·

309 1026 410 1064 tinax
437 1034 502 1073 est,
531 1039 643 1076 neque
661 1026 843 1066 emendari
871 1037 999 1080 potest,
1025 1038 1087 1067 aut
1117 1029 1179 1066 illa
1201 1037 1260 1067 tua

311 1078 528 1138 benignitate
555 1080 769 1117 commoveri
797 1095 805 1116 t
830 1094 873 1118 ac
899 1080 1027 1119 bellua:
1047 1081 1195 1132 quidem
1214 1081 1261 1120 ad

311 1131 496 1170 homiuum
507 1131 784 1170 familiaritatem
796 1133 931 1171 cicnms
950 1134 1050 1171 sactoe
1071 1133 1262 1172 traducun-

311 1193 386 1228 tur,
409 1183 469 1221 ille
495 1196 579 1221 vero
599 1184 789 1222 immanior
809 1184 940 1223 belluis
966 1195 1018 1223 est
1043 1186 1168 1225 tactus.
1208 1187 1263 1224 Ne

310 1235 443 1274 idcirco
460 1235 548 1274 velis
565 1250 646 1273 cum
666 1235 840 1287 ejusmodi
862 1237 1006 1275 bomine
1024 1238 1153 1286 rixari,
1174 1251 1262 1276 neve

310 1286 534 1327 iracundiam
551 1301 632 1326 cum
654 1288 839 1327 iracundia
856 1290 1076 1328 committas:
1092 1291 1176 1342 fuge
1196 1304 1261 1342 po-

310 1341 393 1388 tius,
413 1350 451 1379 ut
471 1340 687 1393 periculosas
710 1351 829 1380 cautes
855 1343 996 1395 sapiens
1016 1343 1235 1394 gubernator
1252 1358 1260 1379 ε

310 1394 460 1434 observa
485 1402 604 1432 autem
639 1395 731 1433 sicut
766 1395 862 1447 aspis
890 1395 1000 1434 surda
1028 1406 1061 1434 et
1092 1397 1264 1435 obturans

311 1461 413 1486 aures
427 1460 522 1493 suaS,
535 1461 613 1498 quae
628 1461 696 1486 non
717 1447 886 1487 exaudiet
900 1463 1023 1487 vocem
1039 1449 1262 1488 incantantis.

312 1499 462 1540 Redime
481 1509 550 1538 tem
580 1515 635 1548 us,
665 1502 858 1551 Quoniam
875 1503 959 1540 dies
979 1504 1079 1542 mali
1095 1510 1199 1541 sunt.
1222 1503 1262 1541 ln

312 1553 484 1606 sapientia
495 1515 655 1601 ambula,
666 1555 779 1593 sciens
794 1555 1022 1607 peregrinum
1038 1565 1072 1594 et
1087 1555 1262 1608 hospitem

312 1620 387 1645 esse
407 1615 441 1645 te
466 1606 500 1644 in
530 1615 637 1654 terra,
670 1607 977 1658 quemadmodum
999 1618 1032 1647 et
1064 1618 1181 1661 patres
1210 1608 1262 1646 tui

312 1660 422 1698 suere.
451 1657 541 1698 Ovis
568 1660 602 1697 in
631 1660 788 1699 medium
818 1660 987 1720 luporum
1009 1662 1138 1701 missus
1165 1675 1202 1700 es
1222 1669 1262 1700 tu

312 1727 465 1764 quoque,
484 1712 576 1751 sicut
595 1714 745 1765 apostoli
765 1730 773 1751 τ
792 1714 865 1753 noh
883 1714 958 1753 fieri
976 1729 1041 1767 pro
1060 1729 1127 1754 ove
1142 1715 1264 1767 lupus,

312 1779 393 1804 cum
420 1765 515 1818 lupis
535 1766 761 1805 contendens.
778 1769 874 1806 Cave
898 1777 1072 1818 quantum
1093 1778 1203 1820 potes,
1220 1781 1264 1805 ne

313 1818 518 1857 thesaurum
539 1819 686 1870 justitia:
707 1819 853 1873 perdas;
873 1835 958 1860 cave
976 1821 1041 1859 tibi
1061 1836 1080 1860 e
1098 1821 1263 1873 direpto-

313 1871 414 1911 ribus
421 1887 432 1921 ;
447 1872 604 1925 prudens
618 1881 657 1910 ut
681 1887 826 1926 serpens
845 1888 930 1912 cave
952 1874 1017 1913 tibi
1036 1874 1084 1912 ab
1106 1873 1262 1912 insidiis.

312 1924 352 1964 Si
372 1938 454 1963 vero
470 1925 575 1964 laedat
593 1925 699 1964 etiam
718 1935 751 1964 te
768 1926 891 1980 lupus,
909 1927 939 1965 si
957 1927 1116 1966 membra
1134 1926 1265 1966 discer-

313 1986 442 2030 pturus
469 1978 536 2023 sit,
560 1992 719 2031 prwpara
741 1988 788 2028 te,
811 1989 849 2018 ut
869 1981 959 2019 seras
976 2010 987 2030 ,
1011 1994 1147 2019 memor
1165 1980 1265 2018 illius

314 2030 376 2082 qui
394 2029 495 2078 dicit,
512 2033 629 2070 Facti
646 2044 778 2071 sumus
802 2035 900 2071 sicut
925 2047 1013 2072 oves
1033 2036 1234 2072 occisionis
1252 2047 1262 2068 :

315 2080 504 2136 respiciens
523 2084 558 2122 in
580 2084 698 2137 ipsum
720 2085 929 2132 Dominum,
951 2086 1013 2138 qui
1038 2088 1087 2126 Ut
1107 2089 1194 2125 ovis
1213 2085 1268 2124 ad

317 2137 598 2175 immolandum
609 2138 747 2176 ductus
758 2146 827 2184 est,
837 2146 874 2176 et
887 2141 984 2177 sicut
995 2152 1119 2192 agnus
1132 2153 1266 2178 coram

316 2189 501 2228 tondente
513 2203 570 2237 se,
582 2198 721 2229 mutus.
731 2191 859 2230 Veniet
870 2200 904 2230 et
922 2200 990 2229 tua:
1004 2201 1142 2245 tempus
1151 2192 1264 2231 victo·

316 2241 390 2290 riae,
409 2256 507 2291 cum,
528 2242 652 2281 multis
681 2243 785 2282 malis
815 2257 896 2282 cum
923 2244 1068 2284 Christo
1096 2245 1265 2293 toleratis,

315 2293 503 2334 deviceris.
521 2296 612 2335 Nam
630 2304 664 2334 et
682 2297 858 2336 Dominus
877 2310 946 2336 non
963 2298 1103 2337 rixatus
1117 2307 1182 2345 est,
1194 2311 1263 2337 non

315 2347 529 2387 vociferatus
539 2358 604 2395 est,
613 2363 727 2401 neque
735 2349 878 2389 audivit
888 2350 923 2389 in
937 2350 1065 2404 plateis
1075 2351 1265 2402 quisquam

316 2414 438 2440 vooem
458 2402 549 2453 ejus.
579 2402 627 2441 Et
647 2417 666 2440 a
718 2402 830 2442 stolus
849 2402 885 2441 in
910 2413 1054 2456 promtu
1074 2403 1204 2443 habere
1228 2419 1266 2443 se

316 2453 365 2492 ait
386 2468 527 2494 omnem
546 2417 824 2494 inobedigmiam
843 2457 966 2495 ulcisci
985 2487 996 2506 ‚
1016 2471 1098 2496 cum
1118 2457 1266 2511 impleta

316 2507 426 2546 suerit
452 2522 574 2547 eorum
595 2508 795 2548 obedientia
805 2510 868 2561 qui
879 2509 1063 2549 obediunt.
1073 2511 1169 2549 Dum
1181 2524 1267 2549 vero

319 2561 416 2600 Deus
428 2560 643 2614 longanimis
656 2571 720 2611 est,
733 2570 767 2601 et
785 2572 822 2601 tu
838 2563 1053 2615 longanimis
1067 2571 1161 2601 esto:
1179 2563 1268 2602 dum

319 2612 427 2652 bodie
443 2628 586 2666 quoque
600 2616 735 2668 patitur
753 2615 932 2663 Christus,
947 2625 982 2654 te
997 2616 1166 2669 patiente,
1184 2631 1270 2669 pro-

320 2675 397 2718 pter
405 2666 589 2706 Christum
602 2668 752 2707 tolerare
762 2678 794 2708 et
804 2668 939 2708 Christi
949 2669 1151 2708 ministrum
1162 2683 1268 2722 opor-

321 2726 367 2757 tet
412 2720 535 2759 Clama
553 2719 598 2759 ad
619 2721 742 2770 illum,
770 2731 805 2760 et
822 2721 1020 2761 vindictam
1038 2722 1142 2760 faciet
1156 2751 1166 2766 .
1196 2722 1268 2761 cito

322 2773 581 2812 consummabit
596 2774 819 2825 iniquitatem
835 2783 1074 2828 peccatorum,
1089 2784 1124 2813 et
1135 2775 1269 2827 diriget

319 2824 453 2875 justum
475 2827 573 2865 Deus
594 2826 709 2887 judex
723 2828 842 2880 justus
866 2837 900 2867 et
921 2836 1045 2881 potens
1072 2837 1105 2866 et
1136 2828 1266 2880 longa-

324 2877 446 2924 nimis;
464 2878 676 2930 longanimis
694 2880 788 2919 enim
808 2888 859 2919 est
875 2890 910 2920 et
928 2889 1129 2928 cunctatur,
1148 2889 1187 2919 ut
1205 2894 1268 2920 nos

323 2929 367 2967 ad
389 2930 504 2982 ipsum
525 2942 772 2972 convertamur
798 2950 805 2974 ;
836 2933 893 2972 cui
921 2933 1032 2987 gloria
1065 2935 1100 2972 in
1122 2933 1264 2973 saecula.

331 2985 444 3022 ⁸tmen.

1333 985 1392 1021 καὶ
1412 983 1470 1032 σὺ,
1489 984 1610 1036 ὥσπερ
1626 986 1685 1023 καὶ
1702 987 1733 1024 οἱ
1753 987 1943 1025 ἀπόστολοι
1960 1000 1968 1009 ·
1984 986 2035 1037 μὴ
2055 986 2159 1031 λύκος
2178 986 2257 1025 ἀντὶ
2271 1001 2301 1025 π

1333 1036 1442 1075 ὅάτου
1460 1037 1556 1088 γίνου
1574 1053 1581 1060 ·
1598 1053 1626 1075 π
1649 1038 1684 1081 ὸς
1703 1037 1828 1082 λύκους
1848 1042 2053 1090 φιλονεικῶν
2068 1068 2077 1086 ‚
2095 1039 2275 1091 φυλάσσω

1335 1089 1493 1139 δύναμις,
1513 1090 1569 1128 ἵνα
1591 1107 1617 1141 μ
1635 1118 1641 1137 ,
1661 1090 1720 1128 τὸν
1739 1092 1911 1144 θησαυρὸν
1937 1095 1999 1139 τ’ἧς
2024 1092 2247 1139 δικαιοσύνης
2265 1093 2361 1131 ἀπο·

1333 1142 1438 1193 λέσῃς
1454 1157 1461 1164 ·
1478 1143 1656 1194 φυλάσσω
1673 1143 1751 1187 τοὺς
1770 1144 2025 1196 διαρπάζοντας
2038 1157 2047 1166 ·
2063 1145 2229 1197 φρόνιμος
2249 1144 2298 1183 ὢν
2313 1146 2362 1190 ὡς

1333 1195 1410 1245 ὄφις
1437 1195 1615 1246 φυλάσσου
1647 1195 1711 1239 τὰς
1738 1197 1924 1240 ἐπιὸουλάς
1942 1211 1950 1219 ·
1976 1198 2006 1235 εἰ
2037 1196 2074 1236 δὲ
2106 1199 2167 1235 καὶ
2195 1197 2360 1250 βλάψειεν

1334 1250 1352 1285 ὁ
1364 1246 1478 1294 λύκος,
1494 1248 1523 1286 εἰ
1542 1248 1652 1286 δὲκαὶ
1668 1248 1882 1301 σπαράττειν
1903 1249 2086 1298 με’λλοισε,
2095 1249 2362 1301 παρασκευάζου

1335 1299 1450 1351 φέρειν
1465 1329 1475 1347 ,
1498 1300 1721 1350 μεμνημένος
1740 1304 1801 1339 τοῦ
1833 1301 2016 1351 λέγοντος·
2037 1301 2281 1365 Ἐγενήθημιν
2314 1304 2363 1346 ὡς

1334 1351 1497 1404 πρόὸατα
1515 1355 1652 1404 σφαγῆς
1673 1367 1680 1375 ·
1705 1355 1844 1405 ἀφορῶν
1864 1356 1911 1397 εἰς
1945 1353 2049 1392 αὐτὸν
2068 1368 2126 1392 τον
2156 1352 2285 1407 Κύριον
2298 1382 2309 1403 ,
2327 1354 2382 1398 ὅς’

1334 1407 1382 1448 ὡς
1409 1404 1585 1456 πρόὸατον
1606 1405 1664 1444 ἐπὶ
1684 1405 1822 1458 σφαγὴν
1841 1406 1935 1458 ἤχθη
1949 1436 1960 1454 ,
1986 1407 2046 1445 καὶ
2065 1408 2112 1450 ὡς
2132 1407 2239 1457 ἀμνὸς
2259 1407 2362 1446 ἐναν-

1335 1457 1408 1496 τίον
1435 1461 1496 1496 τοῦ
1529 1457 1703 1510 κείροντος
1731 1458 1833 1497 αὐτὸν
1855 1460 2001 1512 ἄφωνος.
2016 1458 2119 1504 Ἥξει
2138 1459 2198 1498 καὶ
2217 1462 2282 1507 τῆς
2297 1462 2363 1507 σῆς

1335 1510 1433 1557 νίκης
1453 1514 1471 1548 ὁ
1489 1511 1624 1564 καιρὸς,
1647 1512 1730 1550 ὅταν
1757 1511 1904 1564 νικήσῃς
1924 1511 2137 1557 ἀνεξικακὶἶνν
2161 1512 2251 1563 μετὰ
2269 1512 2360 1565 Χρι-

1336 1568 1431 1602 στοῦ.
1453 1563 1524 1602 Καὶ
1536 1564 1605 1616 γὰρ
1623 1567 1641 1602 ὁ
1658 1563 1785 1616 Κύριος
1800 1567 1863 1604 οὐκ
1888 1564 2009 1617 ἤρισεν
2026 1565 2106 1603 οὐδὲ
2127 1565 2360 1617 ἐκραύγασεν,

1335 1616 1411 1655 οὐδὲ
1430 1615 1560 1662 ἤκουσέ
1577 1633 1630 1660 τις
1649 1619 1684 1656 ἐν
1703 1624 1780 1662 ταῖς
1809 1617 1994 1662 πλατείαις
2011 1618 2075 1665 τὴν
2202 1634 2222 1656 ν
2240 1619 2361 1657 αὐτοῦ’.

1336 1669 1406 1708 Καὶ
1437 1672 1455 1707 ὁ
1481 1669 1674 1714 ἀπόστολος
1706 1673 1740 1710 ἐν
1770 1671 1900 1724 ἑτοίμῳ
1925 1670 2019 1723 ἔχειν
2050 1670 2155 1723 φησὶν
2177 1671 2362 1718 ἐκδικῆσαι

1335 1728 1451 1760 πᾶσαν
1472 1723 1656 1776 παρακοὴν
1671 1752 1681 1770 ,
1697 1723 1782 1763 ὅταν
1808 1726 1978 1776 πληρωθῇ
1998 1726 2068 1762 τῶν
2088 1726 2361 1763 ὑπακουσάντων

1335 1778 1357 1821 ἠ
1377 1776 1634 1821 ὑπακοή.Θεοῦ
1667 1776 1702 1815 δὲ
1733 1780 2050 1828 μακροθυμοῧντος,
2064 1775 2284 1829 μακροθύμει
2301 1776 2362 1815 καὶ

1338 1827 1378 1866 σύ
1393 1843 1400 1849 ·
1412 1827 1469 1866 ὅτε
1487 1828 1555 1879 γὰρ
1570 1828 1723 1882 σήμερον
1740 1829 1872 1882 πάσχει
1891 1830 1922 1868 X
1951 1829 2055 1876 ιστὸς,
2072 1831 2134 1868 σοῦ
2150 1828 2201 1867 πά
2251 1843 2361 1878 οντος,

1338 1880 1396 1919 διὰ
1416 1881 1567 1933 Χριστὸν
1586 1882 1770 1932 ὑπομένειν
1797 1883 1848 1921 δεῖ
1881 1845 1946 1920 καῖ
1963 1882 2020 1921 τὸν
2055 1882 2208 1934 Χριστοῦ
2262 1881 2364 1921 ιάκο-

1338 1949 1408 1972 νον.
1431 1933 1505 1973 Βόα
1532 1934 1619 1987 πρὸς
1638 1935 1755 1981 αὐτὸν,
1775 1935 1834 1973 καὶ
1860 1935 2000 1981 ποιήσει
2020 1933 2084 1981 τὴν
2110 1933 2290 1982 ἐκδίκησιν
2325 1936 2361 1974 ἒν

1339 1986 1452 2039 τάχει·
1474 1987 1673 2026 συντελέσει
1693 1988 1758 2034 τὴν
1774 1988 1944 2038 πονηρίαν
1962 1988 2197 2040 ἁμαρτωλῶν,
2217 1986 2277 2026 καὶ
2296 2001 2360 2025 κα-

1338 2044 1493 2078 τευθυνεῖ
1514 2041 1647 2079 δίκαιον
1670 2043 1688 2079 ὁ
1707 2040 1798 2084 θεὸς
1813 2040 1933 2093 κριτὴς
1953 2040 2109 2086 δίκαιος,
2131 2039 2271 2093 ἰσχυρὸς
2300 2038 2361 2078 καὶ

1340 2093 1565 2146 μακρόΟυμος
1576 2109 1585 2118 ·
1608 2097 1825 2147 μακροθυμεῖ
1839 2092 1907 2145 γὰρ
1923 2094 2010 2146 πρὸς
2026 2093 2067 2132 τὸ
2091 2095 2186 2144 ἡμᾶς
2200 2091 2362 2145 ‘meve‘-

1339 2148 1415 2198 ψαι.
1439 2149 1544 2199 Αὐτῷ
1559 2150 1582 2195 ἡ
1599 2146 1681 2192 δόξα
1696 2148 1745 2191 εἷς
1762 2146 1843 2190 τοὺς
1854 2147 1997 2192 αἰῶνας.
2017 2146 2142 2197 Ἀμήν.

1023 3241 1641 3266 --a——Qwffi-
1661 3251 1687 3257 -
