2513 3871
68 1962 191 1990 <Eion-na·
211 1963 257 1990 vi-

68 2011 99 2031 tm
124 2005 257 2033 felicitas.

66 2249 256 2283 lsai-35,io.

912 108 926 119 κ

276 182 355 234 ’18
723 203 762 232 s.

290 299 364 324 esse
383 298 464 323 vere
480 283 646 329 delicias,
662 292 697 321 et
717 283 939 335 voluptatem
968 297 1052 321 vere
1070 283 1245 336 volupta-

290 354 376 394 tem,
395 345 554 395 nihilque
580 344 710 382 hahere
725 343 904 395 ingratum
920 343 974 381 vel
993 343 1171 396 vituperio
1186 343 1245 382 di-

289 419 398 458 gnum
422 422 430 442 :
453 404 541 456 quid
568 405 613 443 de
637 405 815 459 supplicio
849 404 1023 443 destinato
1056 404 1246 443 dicemus?

286 466 376 517 quid
394 479 476 504 vero
492 475 576 503 tunc
593 465 777 512 faciemus,
793 465 854 518 qui
871 466 906 503 in
923 465 1083 518 praesenti
1098 466 1172 505 vita
1188 466 1243 505 his

285 526 386 578 quasi
405 526 440 564 in
460 526 586 564 umbra
604 535 638 564 et
656 527 811 578 imagine
831 526 930 579 potiti
953 540 1076 564 sumus
1091 556 1101 575 ,
1120 541 1159 565 re
1173 542 1242 566 au-

283 596 356 625 tem
375 587 449 638 ipsa
474 587 549 625 illic
567 596 740 626 aeternum
759 587 978 640 supplicium
995 587 1158 626 luemus:
1178 588 1240 626 id-

283 662 353 698 que
366 662 448 686 cum
463 648 674 686 brevissimo
694 658 850 700 tempore
865 647 1050 699 przedictos
1063 662 1122 686 eru
1129 649 1240 688 eiatus

283 709 452 761 effugere,
466 718 499 747 et
519 710 671 761 reposita
693 709 781 747 bona
800 708 953 761 adipisci
972 708 1239 748 licuisset?lloc

283 778 334 808 est
351 770 444 808 enim
461 784 550 822 opus
566 771 758 807 clementiae
773 769 918 816 divinae,
928 768 1024 820 quod
1042 770 1144 808 nobis
1166 785 1238 809 cer-

283 831 416 869 tamina
437 845 506 869 non
521 832 556 869 in
578 832 723 881 longum
740 840 879 882 tempus
893 830 1159 882 protgahautur,
1176 831 1236 870 sed
1263 864 1291 887 ¹5

286 905 367 930 eum
383 892 481 930 brevi
499 892 580 930 etin
599 892 670 930 ictu
691 892 807 938 oculi(
824 900 1066 930 momentanea
1083 893 1177 931 enim
1187 903 1237 931 est
1265 903 1288 929 ,x

282 966 437 1005 praesens
448 954 521 991 vita
536 953 586 991 illi
603 957 819 1004 comparata)
830 952 1144 999 decertaverimus,
1162 954 1239 992 inli-

283 1014 368 1053 nitis
394 1015 429 1053 in
449 1015 588 1053 saeculis
609 1028 838 1063 coronemur3
858 1013 966 1066 idque
984 1023 1068 1053 tunc
1087 1015 1234 1053 damna-

286 1084 408 1115 torum
437 1076 574 1114 animas
598 1075 843 1123 excruciabit,
862 1074 1004 1126 quando
1029 1076 1238 1128 cogitabunt

280 1151 419 1182 se,cum
435 1147 549 1190 posset
564 1152 627 1189 per
649 1151 779 1189 paucos
795 1138 881 1175 istos
897 1137 972 1175 dies
986 1138 1105 1177 omnia
1116 1153 1237 1176 emen·
1271 1162 1273 1165 .

277 1197 381 1243 dare,
405 1198 619 1249 negligentia
643 1212 723 1235 usos
745 1198 1007 1236 immortalibus
1032 1213 1106 1236 sese
1129 1200 1234 1237 malis

277 1258 481 1297 tradidisse.
499 1258 608 1306 Quod
628 1273 670 1296 ne
691 1259 884 1310 patiamur,
900 1273 1106 1309 surgamus,
1123 1259 1235 1298 donec

277 1327 418 1371 tempus
435 1318 664 1370 acceptabile,
682 1318 796 1356 donec
809 1318 885 1356 dies
901 1318 1026 1356 salutis
1042 1319 1156 1369 adest,
1169 1319 1235 1358 do-

276 1393 338 1417 nec
359 1379 413 1417 vis
429 1393 556 1429 magna
575 1387 625 1416 est
646 1378 877 1430 poenitentiae.
900 1380 1021 1430 Neque
1040 1380 1134 1417 enim
1147 1394 1234 1432 prse-

273 1440 368 1478 dicta
389 1441 504 1479 solum
522 1440 614 1478 mala
631 1454 692 1478 nos
710 1440 864 1491 segniter
881 1450 1021 1492 agentes
1036 1441 1232 1494 excipient,

273 1502 346 1540 imo
363 1511 396 1540 et
416 1502 484 1539 alia
514 1501 586 1539 illis
607 1501 719 1539 multo
739 1501 918 1552 graviora.
935 1501 1019 1539 Haec
1042 1502 1136 1540 enim
1151 1513 1234 1541 sunt

273 1577 354 1614 quae
369 1563 404 1601 in
426 1563 584 1614 gehenna
602 1572 785 1615 parantur,
795 1572 828 1600 et
850 1562 893 1601 iis
909 1563 1014 1614 longe
1035 1564 1230 1602 acerbiora:
1260 1570 1282 1600 B

272 1638 292 1661 a
305 1625 409 1662 tantis
422 1633 542 1662 autem
556 1624 731 1662 excidisse
745 1623 847 1662 bonis
863 1632 1000 1662 tantum
1018 1625 1123 1663 insert
1135 1625 1234 1663 dolo-

273 1685 337 1730 ris,
356 1684 807 1735 asssictionis,angustiae,ut
823 1685 961 1723 etiamsi
980 1686 1120 1724 nullum
1133 1687 1232 1725 aliud

272 1755 361 1784 esset
381 1746 600 1798 supplicium
622 1746 870 1798 peccatoribus
885 1745 1122 1795 destinatum,
1141 1747 1232 1786 illud

272 1806 387 1844 solum
410 1816 526 1857 posset
542 1807 746 1859 graviorem
771 1806 851 1844 aliis
868 1807 1036 1858 gehennae
1067 1808 1232 1846 cruciati-

272 1867 341 1905 bus
367 1868 498 1905 inserre
526 1882 665 1919 pcenam
687 1867 886 1919 animmque
911 1868 1228 1919 perturbationem.

329 1930 393 1966 11.
414 1928 539 1966 Animo
557 1937 672 1966 tecum
695 1937 821 1980 reputa
836 1928 919 1966 vita:
934 1929 1032 1967 illius
1050 1939 1182 1968 statum
1199 1940 1232 1969 et

274 1990 526 2033 conditionem.
539 1999 713 2041 quantum
727 1990 861 2028 scilicet
876 2005 1002 2043 capere
1017 2001 1135 2044 potes:
1151 2007 1232 2031 nam

274 2065 339 2103 pro
355 2051 404 2089 rei
420 2050 595 2102 dignitate
611 2051 711 2089 nullo
742 2065 902 2089 sermone
918 2051 1092 2090 declarari
1114 2053 1206 2092 valet
1221 2069 1229 2090 :

274 2111 337 2151 sed
356 2127 401 2150 ex
424 2113 466 2150 iis
485 2127 563 2163 quae
582 2111 802 2161 audivimus,
824 2113 925 2163 quasi
947 2128 1009 2165 per
1024 2114 1229 2165 aenigmata,

277 2173 468 2212 obscuram
487 2172 678 2224 quamdam
703 2174 778 2224 ejus
796 2173 845 2210 rei
868 2174 1104 2225 conjecturam
1130 2176 1233 2214 sacia-

275 2249 365 2273 mus.
383 2235 572 2287 Aufugit,
595 2235 723 2286 inquit,
738 2237 861 2282 dolor,
883 2239 1041 2274 tristitia
1058 2247 1093 2275 ec
1110 2242 1233 2290 gemi-

274 2305 346 2335 tus.
369 2296 467 2344 Quid
498 2296 608 2345 igitur
634 2311 672 2334 ea
705 2297 779 2335 vita
804 2297 944 2335 felicius
963 2307 1012 2335 est
1032 2298 1048 2334 .⁰
1070 2299 1147 2336 Non
1181 2309 1231 2337 est

273 2357 325 2395 ibi
347 2357 536 2395 metuenda
563 2368 750 2409 paupertas
770 2368 800 2396 et
823 2358 1019 2409 aegritudo,
1041 2360 1161 2398 nullus
1181 2361 1231 2399 ibi

272 2418 393 2466 laedit,
418 2419 538 2455 nullus
556 2418 714 2463 laediiur,
742 2419 861 2457 nullus
884 2419 1000 2457 irritat
1017 2434 1079 2458 nec
1102 2420 1226 2459 irrita-

272 2487 354 2527 tur,
382 2480 500 2517 nullus
522 2480 700 2526 irascitur,
723 2489 783 2517 aut
810 2479 966 2525 invidet,
988 2490 1050 2518 aut
1075 2482 1229 2519 absurda

272 2540 553 2593 eoncupiscentia
579 2541 797 2589 exardescit,
826 2556 928 2581 nemo
947 2541 992 2580 de
1011 2544 1227 2581 necessario·
1255 2550 1278 2580 C

273 2615 355 2638 rum
386 2611 583 2639 commeatu
603 2601 735 2639 anxius
760 2611 832 2650 est,
857 2617 961 2641 nemo
980 2618 1086 2655 super
1113 2605 1229 2653 magi-

272 2671 383 2699 stratu
418 2671 479 2699 aut
508 2663 708 2714 principatu
731 2662 845 2700 dolet:
867 2663 984 2702 omnis
1011 2665 1106 2702 enim
1134 2666 1226 2702 assc—

270 2732 394 2761 ctuum
427 2724 578 2776 procella
605 2724 724 2762 sedata
754 2725 1016 2776 exstinguitur,
1038 2725 1154 2763 omnia
1190 2728 1224 2764 in

271 2798 378 2836 pace,
396 2784 516 2822 loetitia
537 2794 570 2821 et
597 2785 750 2833 gaudio,
771 2786 890 2824 omnia
916 2786 1108 2837 tranquilla
1129 2796 1230 2825 etse-

270 2859 350 2883 rena
366 2875 375 2893 ,
399 2845 516 2883 omnia
542 2845 637 2892 dies,
660 2846 845 2898 splendor,
861 2847 946 2885 lux:
968 2862 1036 2886 non
1066 2848 1133 2886 lux
1163 2847 1228 2886 lio-

268 2905 410 2953 dierna,
427 2905 487 2943 sed
519 2906 587 2943 alia
611 2915 706 2944 tanto
737 2907 802 2945 liae
823 2908 1067 2960 splendidior,
1093 2918 1229 2959 quanto

268 2966 409 3005 lucerna
446 2966 508 3004 lux
538 2966 625 3007 dici.
659 2968 764 3006 Nulla
798 2968 846 3006 ibi
878 2978 979 3007 nocte
1015 2984 1126 3020 neque
1154 2984 1226 3007 nu-

267 3027 367 3065 bium
389 3043 560 3065 concursu
579 3029 791 3065 obscuratur
808 3046 816 3075 ;
841 3043 902 3067 nec
922 3029 1021 3068 ardet
1035 3060 1045 3076 ‚
1073 3044 1135 3067 nec
1151 3045 1227 3068 cor-

266 3103 355 3141 pora
385 3089 518 3127 adurit.
550 3089 657 3128 Nulla
691 3104 784 3137 nox,
819 3105 930 3141 neque
958 3105 1100 3143 vespera
1114 3121 1126 3142 ,
1150 3105 1218 3130 non

798 202 984 232 loannis
1019 200 1261 231 cmu'sos‘r.

306 3190 321 3214 f
343 3188 446 3222 smil.
467 3194 543 3234 ἔργῳ
560 3191 589 3221 δὲ
609 3193 726 3221 alm-'zu
745 3205 798 3227 την
825 3194 944 3224 κόλασιν
962 3195 1115 3230 rimu-aru.
1136 3193 1175 3224 In
1194 3204 1276 3235 qun-

264 3249 340 3274 tuor
357 3241 433 3274 Max.
453 3247 573 3275 almi-,2
590 3240 694 3272 deest.

307 3303 321 3326 κ
345 3292 445 3326 Salii.
463 3294 496 3324 in
515 3300 605 3324 textu
622 3299 846 3337 στεφανοῦσθαι,
860 3295 891 3327 ἰη
917 3307 1020 3338 marg.
1038 3303 1269 3342 orefuuwor'avu.

304 3356 318 3370 ²
342 3346 416 3378 Duo
434 3345 508 3377 Mss.
530 3348 652 3378 δάκνω.
670 3344 757 3378 ibid.
777 3358 861 3378 unus
876 3356 1100 3394 συνταράττιιν.

302 3401 318 3422 t.
342 3396 687 3429 Sm=it.‹·1unn.<(:0‹l.
710 3404 806 3432 ,τύ-ιτα
826 3405 922 3443 εθρνζνκ,
943 3406 1023 3434 ἔσται
1043 3407 1089 3436 ναὶ
1107 3407 1264 3445 ιύαῃστζυη

260 3459 305 3486 fij]
325 3469 400 3495 '‘ft—2>
412 3478 416 3483 .

1301 201 1509 232 Ancuissi‘.
1547 202 1906 234 CONSTANTINOP-

1321 283 1469 323 κόλασιν
1488 286 1632 336 ἐροῦμεν
1647 300 1657 333 ;
1675 285 1711 323 τί
1732 285 1768 324 δὲ
1784 285 1863 325 τότε
1882 286 2076 339 πράξομεν,
2099 288 2261 336 ἡσθέντες
2278 288 2344 340 μὲν

1320 346 1368 390 ὡς
1388 347 1424 384 ἓν
1442 353 1525 398 σκιᾷ
1547 346 1607 384 καὶ
1645 346 1752 384 εἰκόνι
1772 350 1891 396 τανῦν,
1913 346 2026 401 ’ἔργῳ
2047 349 2083 388 δὲ
2106 350 2170 397 τὴν
2191 351 2343 401 βάσανον

1318 407 1462 446 αἰωνίαν
1476 408 1664 451 τιννύοντες
1679 409 1764 455 ἐκεῖ,
1780 408 1964 447 καὶταῦτα
1983 409 2056 454 ἐξὸν
2071 411 2105 448 ἐν
2121 412 2246 463 βραχεῖ
2261 411 2344 463 χρό·

1318 484 1368 521 τῳ
1386 470 1431 508 τά
1451 485 1489 507 τε
1511 469 1679 522 εἰρημένα
1698 469 1962 522 στρεὸλωτήρια
1980 471 2156 523 διαφυγεῖν
2168 501 2179 519 ,
2193 471 2252 510 καὶ
2272 474 2342 510 τῶν

1318 530 1558 580 ἀποκειμένων
1578 532 1776 568 ἀπολαῦσαι
1803 531 1941 578 καλῶν;
1969 530 2041 570 Καὶ
2067 532 2135 585 γὰρ
2153 532 2214 570 καὶ
2239 536 2342 571 τοῦτο

1316 592 1378 635 τῆς
1396 596 1457 630 τοῦ
1483 594 1575 630 Θεοῦ
1604 591 1864 643 φιλανθρωπίας
1884 592 1996 643 ἔργον,
2023 592 2064 631 τὸ
2083 593 2133 643 μὴ
2162 595 2212 636 εἷς
2229 597 2343 642 μῆκος

1317 655 1401 701 ἡμῖν
1421 653 1612 697 ε’κταθῆναι
1631 652 1709 695 τοὺς
1734 655 1871 702 ἀγῶνας
1890 653 2046 705 μακρὸν,
2066 654 2141 691 ἀλλ’
2159 655 2194 692 ἐν
2215 655 2344 706 βραχιῑ

1315 712 1376 749 καὶ
1391 713 1566 764 ἀκαριαίῳ
1577 713 1637 751 καὶ
1650 713 1831 765 ὀφθαλμοῦ
1845 715 1930 764 ῥιπῇ
1944 717 2058 761 (τοῦτο
2068 714 2135 765 γὰρ
2146 718 2168 761 ἡ
2181 718 2342 766 παροῦσα

1316 771 1384 817 ζωὴ
1410 772 1496 822 πρὸς
1517 772 1678 817 ἐκείνην)
1713 771 1992 823 ἀγωνισαμένους
2019 773 2054 810 ἐν
2087 778 2158 816 τοῖς
2185 772 2342 825 ἀπείροις

1313 835 1597 884 *στεφανωθῆναι
1614 834 1748 871 αἰῶσιν.
1764 834 1845 885 Οὐχ
1858 835 1904 876 ὡς
1918 833 2019 885 ἔτυχε
2033 833 2070 871 δὲ
2088 833 2148 871 καὶ
2170 838 2273 873 τοῦτο
2286 833 2340 872 τό·

1313 909 1349 932 τε
1370 894 1431 936 τὰς
1454 896 1522 931 τῶν
1542 894 1785 944 κολαζομένων
1811 895 1946 933 ἀνιάσει
1963 895 2089 947 ψυχὰς,
2111 895 2194 934 ὅταν
2218 895 2340 943 ἐννοή-

1313 970 1435 999 σωσιν,
1456 955 1509 994 ὅτι
1525 955 1637 1008 παρὸν
1656 957 1690 993 ἐν
1708 961 1784 999 ταῖς
1798 954 1930 1006 ὀλίγαις
1948 955 2098 1008 ἡμέραις
2111 955 2255 1000 ταύταις
2272 971 2341 994 κα-

1313 1016 1487 1068 τορθῶσαι
1499 1016 1540 1055 τὸ
1558 1023 1643 1063 πᾶν,
1657 1017 1895 1067 ἀμελήσαντες
1915 1023 1985 1060 τοῖς
2003 1017 2186 1061 ἀθανάτοις
2200 1017 2342 1062 ἑαυτοὺς

1312 1078 1521 1129 παρέδωκαν
1537 1084 1669 1122 κακοῖς.
1680 1078 1795 1130 υΟπερ
1809 1077 1865 1117 ἵνα
1881 1078 1930 1130 μὴ
1947 1078 2128 1130 πάθωμεν,
2144 1080 2343 1120 διαναστῶ-

1312 1155 1376 1189 μεν
1389 1139 1452 1183 ἕως
1464 1140 1583 1191 καιρὸς
1597 1140 1859 1190 εὐπρόσδεκτος,
1871 1138 1936 1183 ἕως
1950 1140 2067 1192 ἡμέρα
2083 1139 2340 1193 σωτηρίας,ἑ’ως

1311 1200 1424 1246 πολλὴ
1446 1204 1507 1247 τῆς
1528 1201 1712 1249 μετανοίας
1735 1203 1756 1246 ἡ
1781 1201 1890 1252 ἰσχύς.
1912 1200 2004 1240 Οὐδὲ
2020 1201 2088 1253 γὰρ
2108 1202 2151 1239 τὰ
2172 1202 2339 1253 εἰρημένα

1311 1260 1414 1309 μόνον
1430 1265 1524 1310 ἡμᾶς
1543 1260 1720 1305 ἐκδέξεται
1743 1261 2012 1312 ῥᾳθυμήσαντας
2032 1262 2125 1301 κακὰ
2139 1290 2149 1308 ,
2170 1262 2260 1301 ἀλλὰ
2279 1265 2340 1302 καὶ

1311 1320 1412 1371 ἕτερα
1428 1323 1546 1372 πολλῷ
1571 1321 1698 1359 τούτων
1715 1322 1960 1374 χαλεπώτερα.
1977 1325 2011 1361 Τ
2015 1327 2103 1362 α’ὗτα
2126 1323 2188 1374 μὲν
2205 1325 2274 1375 γὰρ
2299 1326 2335 1363 ἐν

1308 1383 1352 1432 τῇ
1369 1381 1504 1432 γεέννῃ,
1521 1381 1581 1419 καὶ
1609 1381 1741 1420 τούτων
1761 1382 1953 1435 πικρότερα
1969 1399 1976 1406 ·
1997 1386 2019 1430 ἡ
2047 1383 2083 1422 δὲ
2102 1387 2172 1422 τῶν
2199 1387 2340 1436 ἀγαθῶν

1309 1443 1513 1486 ἀπόπτωσις
1532 1442 1705 1490 τοσαύτην
1729 1442 1803 1496 ἔχει
1821 1442 1884 1490 τὴν
1912 1443 2057 1491 ὀδύνην,
2073 1445 2246 1492 τοσαύτην
2274 1445 2339 1493 τὴν

1308 1505 1424 1556 θλῖψιν
1442 1503 1502 1543 καὶ
1518 1504 1580 1550 τὴν
1597 1504 1854 1556 στενοχωρίαν,
1870 1507 1916 1549 ὡς
1932 1507 1963 1543 εἷ
1982 1506 2040 1544 καὶ
2056 1506 2214 1556 μηδεμία
2225 1522 2339 1558 τιμω-

1311 1564 1366 1618 ρία
1395 1569 1466 1609 τοῖς
1493 1567 1641 1604 ἐνταῦθα
1673 1565 1933 1616 ἁμαρτάνουσιν
1967 1565 2102 1613 ἔκειτο,
2123 1567 2230 1615 αὐτὴν
2256 1570 2337 1607 καθ’

1315 1625 1442 1673 ἑαυτὴν
1463 1626 1609 1678 ἀρκέσαι
1625 1627 1694 1663 τῶν
1722 1628 1756 1664 ἐν
1775 1629 1818 1678 τῇ
1835 1627 1954 1679 γεέννῃ
1975 1628 2257 1680 βασανιστηρίων
2274 1645 2339 1668 πι-

1308 1687 1496 1738 κρότερον“
1511 1687 1627 1725 δακεῖν
1641 1716 1651 1736 ,
1678 1686 1739 1725 καὶ
1760 1688 1971 1740 συνταράξαι
1994 1688 2056 1733 τὰς
2078 1689 2251 1742 ἡμετέρας
2271 1693 2341 1744 ψυ-

1305 1748 1383 1800 χάς.

1363 1925 1555 1973 Ἰίννόησον
1576 1925 1643 1978 γάρ
1664 1941 1724 1977 μοι
1740 1927 1803 1971 τ’ἧς
1821 1927 1912 1972 ζωῆς
1931 1924 1993 1973 τὴν
2014 1924 2230 1964 κατάστασιν
2249 1924 2338 1965 ἐκεί-

1308 2003 1383 2035 νης,
1401 1989 1478 2026 καθ’
1499 1985 1582 2026 ὅσον
1603 1989 1764 2033 ἐννοῆσαι
1785 1986 1928 2024 δυνατόν
1941 2002 1948 2009 ·
1963 1986 2048 2039 πρὸς
2063 1986 2132 2038 γὰρ
2151 1985 2214 2034 τὴν
2236 1985 2336 2030 ἀξίαν

1308 2049 1418 2093 οὐδεὶς
1444 2053 1530 2100 ἡμῖν
1553 2049 1694 2101 ἀρκέσει
1713 2048 1812 2100 λόγος
1826 2064 1834 2072 ·
1851 2049 1927 2086 ἀλλ’
1950 2048 1983 2093 ἐξ
2003 2042 2051 2085 ὧν
2071 2046 2242 2098 ἀκούομεν
2258 2046 2335 2086 ὥσ-

1307 2126 1374 2163 περ
1399 2110 1454 2148 διά
1476 2126 1578 2148 τινων
1613 2109 1828 2160 αἰνιγμάτων
1848 2108 2013 2158 λάὸωμέν
2043 2124 2120 2146 τινα
2139 2107 2335 2160 φαντασίαν

1307 2175 1412 2218 αὐτῆς
1433 2171 1605 2224 ἀμυδράν,
1620 2170 1782 2220 Ἀπέδρα,
1803 2169 2044 2222 φησὶν,ὀδύνη
2074 2170 2133 2208 καὶ
2160 2169 2252 2217 λύπη
2275 2169 2334 2208 καὶ

1309 2232 1511 2284 στεναγμός.
1541 2231 1588 2269 Τί
1618 2225 1674 2268 οἶν
1696 2230 1827 2277 ταύτης
1857 2229 2122 2283 μακαριώτερον
2151 2229 2276 2282 γένοιτ’
2292 2230 2334 2268 ἂν

1307 2297 1369 2341 τῆς
1389 2297 1479 2340 ζωῆς
1494 2309 1504 2340 ;
1522 2295 1599 2331 Οὐκ
1618 2293 1710 2331 ἔστιν
1740 2294 1812 2330 ἐκεῖ
1841 2292 1961 2330 πενίαν
1983 2293 2095 2330 δεῖσαι
2123 2291 2183 2329 καὶ
2212 2291 2332 2331 νόσον·

1307 2357 1369 2393 οὐκ
1387 2354 1478 2393 ἔστιν
1497 2355 1683 2392 ἀδικοῦντα
1703 2353 1778 2392 οὐδὲ
1795 2353 2020 2403 ἀδικούμενον
2042 2354 2140 2398 ἰδεῖν,
2160 2355 2198 2390 οὐ
2217 2368 2332 2404 παρο-

1309 2418 1450 2462 ξύνοντα
1473 2416 1531 2455 καὶ
1551 2415 1847 2467 παροξυνόμενον,
1864 2416 1927 2453 οὐκ
1941 2415 2161 2468 ὀργιζόμενον
2175 2445 2186 2461 ,
2203 2415 2240 2454 οὗ
2262 2417 2334 2466 βα·

1308 2480 1508 2526 σκαίνοντα,
1524 2479 1587 2515 οὐκ
1607 2477 1772 2529 ἐπιθυμίᾳ
1787 2476 1908 2529 ἀτόπῳ
1927 2476 2150 2528 φλεγόμενον,
2167 2478 2231 2528 οὐχ
2246 2475 2334 2529 ὑπὲρ

1307 2544 1368 2587 τῆς
1383 2542 1452 2578 τῶν
1472 2538 1672 2589 ἀναγκαίων
1692 2538 1841 2576 ἀλύοντα
1866 2535 2052 2589 χορηγίας,
2071 2536 2136 2588 οὐχ
2151 2535 2241 2588 ὑπὲρ
2263 2539 2332 2588 ἀρ-

1304 2606 1371 2654 χῆς
1403 2601 1461 2640 καὶ
1481 2600 1684 2642 δυναστείας
1711 2597 1945 2648 κοπτόμενον·
1963 2604 2061 2636 πᾶσα
2090 2597 2158 2649 γὰρ
2191 2601 2212 2645 ἡ
2243 2597 2331 2645 ζάλη

1302 2667 1372 2702 τῶν
1393 2665 1426 2701 ἐν
1444 2665 1528 2712 ἡμῖν
1551 2664 1671 2699 παθῶν
1693 2660 1879 2698 σὸεσθεῑσα
1897 2659 2103 2703 ἀπόλλυται,
2122 2658 2180 2697 καὶ
2193 2657 2331 2697 ι’ττοίντα

1301 2726 1335 2762 ἐν
1357 2723 1476 2773 εἰρήνῃ
1496 2721 1554 2759 καὶ
1583 2720 1775 2772 εὐφροσύνῃ
1802 2719 1900 2758 ἔσται
1922 2720 1980 2757 καὶ
2003 2725 2112 2772 χαρᾷ,
2133 2719 2250 2759 πάντα
2270 2720 2330 2759 εὔ-

1301 2785 1356 2822 δια
1372 2784 1431 2822 καὶ
1445 2782 1594 2835 γαληνὰ,
1612 2783 1726 2820 πάντα
1742 2781 1858 2833 ἡμέρα
1876 2781 1935 2819 καὶ
1949 2780 2156 2833 λαμπρότης
2170 2781 2229 2820 καὶ
2245 2783 2330 2834 φῶς,

1301 2849 1371 2898 φῶς
1401 2847 1438 2883 οὐ
1466 2849 1566 2883 τοῦτο
1599 2844 1638 2882 τὸ
1671 2846 1752 2891 νῦν,
1777 2843 1854 2881 ἀλλ’
1874 2842 1990 2892 ἕτερον
2016 2842 2137 2880 τούτου
2166 2845 2328 2881 τοσοῦτον

1299 2907 1556 2958 λαμπρότερον,
1569 2905 1647 2943 ὅσον
1665 2904 1844 2956 λυχνιαίου
1864 2907 1963 2941 τοῦτο
1978 2903 2217 2956 φαιδρότερον.
2233 2903 2328 2943 Οὔτε

1299 2969 1368 3022 γὰρ
1384 2971 1454 3007 ἐκεῖ
1474 2967 1581 3014 νυκτὶ,
1600 2966 1677 3004 οὔτε
1698 2967 1874 3018 συνδρομῇ
1895 2971 1908 2986 ‘'
1923 2965 2116 3018 κρύπτεται
2135 2967 2246 3018 νεφῶν
2260 2981 2268 2990 ·
2287 2966 2327 3004 οὗ

1301 3030 1393 3069 καίει
1409 3030 1466 3067 καὶ
1484 3028 1600 3080 φλέγει
1615 3027 1659 3065 τὰ
1674 3027 1842 3077 σώματα·
1860 3027 1936 3064 οὔτε
1955 3026 2025 3077 γὰρ
2044 3023 2200 3073 νὶιξ,οὗτε
2219 3026 2325 3065 ἑσπέ-

1302 3107 1345 3143 ρα
1363 3092 1454 3138 ἐκεῖ,
1472 3090 1510 3128 οὐ
1531 3089 1647 3140 κρύος,
1671 3090 1709 3126 οὐ
1729 3089 1879 3135 θάλπος,
1903 3088 1965 3124 οὐκ
1986 3087 2076 3132 ἄλλη
2106 3101 2158 3129 τις
2185 3088 2324 3138 τροπῶν

1359 3200 1373 3214 e
1397 3188 1500 3223 Savil.
1520 3195 1552 3220 et
1570 3199 1652 3219 unus
1667 3185 1754 3218 (lod.
1773 3188 1967 3221 καλύπτιται.
1994 3182 2096 3217 Paulo
2121 3191 2195 3227 post
2217 3182 2320 3217 Savil.

1319 3249 1429 3287 'fivlw‘'
1442 3269 1449 3282 ‚
1470 3254 1551 3273 unus
1568 3238 1654 3273 Cod.
1674 3247 1796 3285 κρομῄς,
1814 3237 1928 3270 Morcl.
1952 3244 1984 3269 et
1999 3236 2054 3268 tilii
2072 3239 2168 3282 κρύος.
2188 3236 2321 3279 [Supra

1312 3294 1484 3338 legi-luitur
1511 3298 1558 3327 καὶ
1576 3303 1645 3337 φὼς.
1671 3299 1719 3325 ναι
1738 3297 1768 3324 οὐ
1786 3298 1928 3325 «τοῦτο...-
1946 3292 2050 3323 τοὺτου
2066 3291 2196 3332 τοσούτῳ
2212 3292 2239 3322 λ.
2259 3294 2325 3323 ὅσον

1306 3351 1453 3391 inlunio-a
1471 3362 1499 3380 τ.
1520 3362 1549 3390 ρ.
1567 3348 1630 3378 ozza
1650 3351 1707 3390 γὰρ
1735 3349 1792 3378 ἐκεῖ
1807 3347 1864 3382 νὺξ.
1881 3344 1945 3377 οὐδ’(
1969 3356 1995 3375 ο.
2014 3357 2062 3387 xp.
2087 3343 2223 3386 νεφελῶν.
2240 3342 2322 3382 Qum

1302 3412 1317 3430 e
1334 3402 1391 3433 Sui
1403 3399 1457 3431 ilio
1472 3398 1685 3431 mutmiuius.
1706 3395 1717 3440 Ῑ
