2513 3871
245 2502 332 2530 sudi-

144 2546 256 2571 ‹iornrn
270 2544 332 2572 offi-

144 2595 221 2611 cium
245 2595 330 2622 quam

145 2626 312 2655 molentum.

356 180 449 236 ,483

358 286 476 314 motus
493 274 663 322 ediscere,
685 282 719 312 et
733 287 793 312 eos
806 273 868 324 qui
889 272 1085 311 inordinati
1104 280 1188 310 sunt
1207 285 1306 310 rese-

355 349 455 382 care,
468 334 530 386 qui
545 347 629 372 vero
648 332 770 373 debito
787 332 914 372 ordine
932 341 967 372 et
985 331 1092 371 modo
1110 330 1308 385 procedunt

355 395 528 443 excolere,
542 403 576 433 et
593 393 629 432 in
650 393 778 432 melius
793 392 970 432 deducere
989 408 998 430 :
1015 406 1128 445 neque
1141 392 1259 431 exitus
1271 391 1308 431 in

358 456 541 508 publicum
561 455 698 494 curiose
716 453 889 506 indagare
907 455 943 493 in
964 463 1108 508 promtu
1128 462 1208 503 est;
1225 467 1308 492 nam

355 515 453 569 quod
471 517 533 555 illa
555 516 658 569 inops
678 516 725 555 sit
744 525 778 555 et
797 515 998 569 patrocinio
1018 515 1214 564 destituta,
1235 528 1309 555 non

356 586 470 630 potest
482 577 557 630 ipse
569 587 642 616 tam
656 586 844 616 accuratus
855 577 977 616 decori
991 587 1024 616 et
1036 576 1173 615 honesti
1186 576 1309 629 explo-

357 649 452 678 rator
475 653 560 678 esse.
587 635 731 679 Etenim
754 652 835 676 cum
857 638 933 690 ipsa
955 638 1025 677 sibi
1044 637 1163 677 omnia
1187 635 1307 676 admi-

356 700 507 739 nistrare
534 709 701 752 cogatur,
723 699 752 738 si
778 708 1015 752 temperanter
1038 698 1162 739 vivere
1192 698 1305 746 nolit,
1330 707 1355 736 c

355 761 510 801 exeundi
528 761 730 800 occasiones
745 760 967 800 comminisci
989 769 1118 813 potest.
1138 760 1309 812 Oportet·-

355 836 425 874 que
448 822 604 873 aliquem
627 822 810 874 jubentem
838 821 937 859 domi
959 835 1119 868 manere,
1141 820 1202 871 qui
1225 820 1309 858 tales

355 882 557 922 occasiones
585 881 772 935 praecidat,
794 895 835 920 ac
864 881 1056 920 neccssaria
1084 880 1310 934 suppeditet,

357 957 491 982 necnon
517 944 686 983 seminam
711 957 784 981 rem
811 942 908 981 illius
927 952 1135 981 curantem:
1156 941 1308 980 arcenda

357 1004 443 1043 item
460 1014 513 1043 est
530 1019 548 1042 a
568 1004 754 1043 funeribus
771 1018 812 1045 ac
828 1003 1043 1057 pervigiliis.
1068 1003 1180 1042 Novit
1194 1004 1306 1052 enim,

355 1066 457 1104 novit
478 1064 734 1104 callidissimus
753 1066 814 1104 ille
832 1079 975 1117 serpeus
998 1079 1060 1117 per
1085 1064 1176 1103 bona
1201 1065 1308 1103 etiam

353 1139 460 1178 opera
472 1126 572 1165 virus
581 1140 748 1179 spargere
760 1140 865 1164 suum
879 1142 887 1163 τ
898 1140 1057 1178 opusque
1067 1135 1118 1164 est
1131 1126 1307 1176 virginem

355 1186 592 1237 undequaque
616 1187 749 1225 muniri
765 1216 775 1234 ,
796 1197 830 1225 et
853 1201 934 1225 raro
963 1201 1026 1238 per
1045 1200 1179 1224 annum
1198 1186 1307 1225 domo

351 1247 485 1298 egredi,
506 1261 634 1300 nempe
657 1261 739 1285 cum
757 1247 1025 1285 indeclinabiles
1044 1260 1085 1284 ac
1103 1246 1306 1285 necessariae

353 1316 478 1359 urgent
494 1322 623 1346 causae.
645 1308 683 1346 Si
703 1308 784 1358 quis
804 1321 888 1345 vero
905 1307 1015 1354 dicat,
1035 1320 1104 1344 non
1124 1321 1215 1358 opus
1234 1320 1308 1346 esse

353 1377 390 1406 ut
404 1383 459 1407 res
478 1367 686 1417 hujusmodi
703 1369 870 1421 episcopo
887 1368 1147 1416 committatur,
1166 1368 1306 1406 noverit
1327 1376 1352 1407 D

352 1430 403 1476 is,
434 1430 658 1482 singularum
688 1444 807 1468 rerum
836 1439 1017 1481 gestarum
1047 1429 1247 1468 occasiones
1272 1439 1306 1468 et

352 1504 476 1529 causas
501 1490 548 1529 ad
574 1493 693 1544 ipsum
719 1491 919 1529 referendas
943 1505 1040 1540 esse;
1065 1491 1112 1529 ita
1132 1500 1171 1529 ut
1192 1491 1305 1530 multo

351 1551 489 1599 utilius,
499 1552 528 1590 si
540 1552 658 1590 omnia
676 1552 751 1605 ipse
764 1551 1081 1598 administrans,iis
1094 1551 1307 1591 criminibus

349 1612 441 1650 liber
461 1613 603 1651 futurus
623 1613 690 1662 sit,
710 1627 790 1664 quae
812 1622 960 1666 propter
981 1612 1136 1651 aliorum
1163 1622 1304 1666 peccata

349 1673 470 1713 subire
481 1675 601 1724 debet,
616 1689 726 1726 quam
738 1675 783 1722 si,
801 1674 947 1713 dimissa
965 1673 1170 1727 hujusmodi
1186 1674 1303 1713 admi·

350 1735 576 1783 nistratione,
604 1750 668 1788 pro
688 1736 842 1774 aliorum
862 1737 970 1787 gestis
989 1735 1035 1774 de
1059 1735 1196 1774 ratione
1217 1735 1305 1773 red-

348 1797 464 1836 denda
494 1806 642 1836 tremere
669 1806 831 1848 cogatur.
857 1797 913 1835 Ad
935 1797 1027 1844 haec,
1047 1796 1109 1848 qui
1130 1811 1193 1849 per
1212 1810 1248 1834 se
1269 1795 1305 1834 id

349 1859 439 1910 agit,
453 1858 648 1897 admodum
669 1858 772 1897 facile
790 1858 908 1897 omnia
930 1857 1103 1910 percurrit
1119 1873 1127 1894 ε
1145 1858 1206 1909 qui
1223 1871 1305 1895 vcro

349 1919 516 1958 omnibus
541 1920 624 1958 aliis
645 1919 690 1958 ad
710 1934 810 1957 suam
832 1919 1039 1958 sententiam
1064 1920 1248 1971 pertractis
1267 1920 1305 1958 id

347 1993 452 2031 agere
470 1980 625 2032 cogitur,
650 1994 717 2019 non
739 1989 872 2019 tantam
889 1980 994 2018 liabet
1015 1980 1147 2018 laboris
1172 1981 1302 2019 remis-

348 2041 482 2080 sionem
507 2056 549 2081 οι
571 2056 611 2080 eo
630 2041 727 2094 quod
743 2056 811 2080 non
831 2041 887 2079 sui
907 2041 1019 2080 solius
1035 2041 1186 2080 arbitrio
1204 2052 1301 2094 agat,

350 2112 482 2152 quanta
505 2105 643 2154 negotia
670 2112 701 2142 et
725 2103 899 2141 tumultus
920 2117 982 2155 per
1001 2116 1059 2141 cos
1082 2102 1143 2153 qui
1171 2103 1303 2142 adver·
1323 2115 1349 2147 E

349 2173 472 2202 santur
495 2173 529 2202 et
550 2179 613 2217 pro
633 2178 698 2203 suo
719 2173 878 2216 pugnant
895 2163 1049 2216 judicio.
1074 2165 1212 2202 Verum
1233 2178 1302 2203 non

349 2239 471 2264 omnes
500 2225 546 2264 dc
577 2225 778 2276 virginibus
806 2225 1066 2264 sollicitudines
1097 2225 1301 2264 recensendi

349 2285 497 2324 fiacultas
529 2295 580 2325 est
611 2302 619 2323 ε
648 2287 778 2324 etenim
808 2300 888 2324 cum
912 2285 947 2324 in
968 2285 1093 2323 album
1112 2286 1303 2325 reserendae

349 2355 447 2394 sunt,
479 2361 547 2386 non
574 2361 701 2400 parum
727 2347 859 2398 negotii
885 2341 1061 2385 facessunt
1079 2347 1132 2396 ei,
1152 2347 1207 2387 cui
1229 2347 1303 2389 haec

348 2406 610 2446 administratio
629 2407 833 2446 concredita
853 2417 915 2446 est.

399 2468 624 2508 Judiciorum
650 2469 812 2508 officium
840 2469 1044 2507 innumeras
1068 2469 1161 2521 parit
1186 2469 1301 2508 mole-

348 2529 450 2577 stias,
470 2530 624 2568 multum
646 2530 797 2581 negotii,
820 2530 1138 2578 totdislicultates,
1153 2539 1240 2580 quot
1259 2544 1302 2569 ne

349 2590 500 2629 forenses
518 2591 664 2642 quidem
686 2591 827 2643 jndices
847 2592 1023 2631 subcunt:
1044 2590 1222 2642 siquidem
1239 2593 1300 2644 jus

347 2651 463 2703 ipsum
483 2651 635 2704 reperire
656 2651 754 2690 labor
777 2662 849 2701 est,
869 2662 1048 2705 repertum
1074 2667 1142 2691 non
1165 2653 1301 2691 violare

1309 2697 1357 2724 400

778 191 817 221 S.
855 189 1039 220 JOANMS
1074 187 1315 220 CHRYSOST.
1355 187 1562 222 Ancttmt’.
1599 187 1956 221 CONSTANTINOP-

1378 271 1438 310 καὶ
1470 270 1515 311 τὰ
1551 271 1614 323 μὲν
1634 272 1793 316 ἀτάκτως
1817 271 1991 325 φερόμενα
2009 272 2224 324 περικόψαι,
2238 271 2283 312 τὰ
2306 273 2343 313 δὲ
2363 275 2400 313 ἐν

1376 331 1473 376 τάξει
1490 331 1551 370 καὶ
1568 335 1689 387 ῥυθμῷ
1710 334 1844 384 μᾶλλον
1865 334 2036 380 ἀσκῆσαι,
2049 331 2111 371 καὶ
2127 333 2186 371 ἐπὶ
2208 332 2249 371 τὸ
2265 334 2401 384 βέλτιον

1379 393 1540 444 ἀγαγεῖν·
1571 393 1650 432 οὔτε
1682 394 1745 439 τὰς
1779 393 1914 438 ἐξόδους
1945 392 2235 445 περιεργάζεσθαι
2271 394 2400 448 ῥᾴδιον.

1377 451 1421 492 ‘ll
1451 453 1520 506 γὰρ
1549 453 1654 493 πενία
1695 455 1755 493 καὶ
1787 455 1828 493 τὸ
1861 454 2139 506 ἀπροστάτευτον
2164 456 2228 494 οὐκ
2256 454 2401 507 ἀφίησιν

1378 515 1482 553 αὐτὸν
1518 514 1648 567 α’κριόἦ
1684 516 1746 562 τῆς
1786 514 1901 566 ἐκείνῃ
1932 514 2179 567 προσηκούσης
2213 515 2402 567 εὐκοσμίας

1376 575 1536 626 γενέσθαι
1556 574 1754 624 ἐξεταστήν.
1776 575 1917 614 ¹²⁶0wv
1934 575 2003 629 γὰρ
2021 577 2126 627 ἑαυτῇ
2145 576 2262 615 πάντα
2277 578 2400 617 διακο-

1377 642 1447 674 νεῖν
1475 637 1729 689 ἀναγκάζηται,
1758 636 1907 684 πολλὰς,
1933 637 1966 675 εἴ
1993 651 2033 688 γε
2055 637 2214 688 βούλοιτο
2242 637 2293 689 μὴ
2323 653 2399 678 σω·

1379 703 1528 750 φρονεῖν,
1548 701 1616 737 τῶν
1632 698 1790 750 προόδων
1808 697 1872 741 τὰς
1891 697 2081 750 προφάσεις
2101 698 2187 749 ἔχει.
2199 698 2270 738 Καὶ
2281 700 2400 740 δεῖτὸν

1377 759 1563 798 κελεύοντα
1588 759 1776 803 διαπαντὸς
1793 758 1882 798 οἴκοι
1906 757 2044 809 μένειν,
2070 759 2130 797 καὶ
2149 758 2278 803 ταύτας
2295 774 2401 813 περι-

1378 820 1484 871 κόψαι
1518 819 1608 864 “ede
1644 820 1856 872 προφάσεις,
1895 819 1954 858 καὶ
1992 819 2054 867 τὴν
2086 821 2156 857 τῶν
2199 819 2401 871 ἀναγκαίων

1378 881 1588 933 αὐτάρκειαν
1611 881 1858 933 παρασχόντα,
1877 880 1937 918 καὶ
1963 879 2026 927 τὴν
2046 880 2132 932 πρὸς
2151 883 2263 919 ταῦτα
2281 882 2401 920 διακο-

1377 942 1572 992 νησομένην
1596 945 1684 994 αὐτῇ
1701 958 1708 965 ·
1726 944 1776 980 δεῖ
1796 941 1829 981 δὲ
1845 942 1904 980 καὶ
1925 943 2080 994 ἐκφορῶν
2099 941 2159 979 καὶ
2179 942 2401 995 παννυχίδων

1378 1003 1568 1056 ἀπείργειν.
1590 998 1675 1042 Οἶδε
1696 1003 1781 1055 γὰρ,
1796 997 1885 1042 οἶδεν
1907 1006 1925 1041 ὁ
1944 1003 2194 1055 πολυμήχανος
2211 1003 2288 1056 ὄφις
2305 1006 2400 1043 ἐκεῖ·

1377 1081 1431 1108 νος
1451 1065 1511 1103 καὶ
1542 1065 1597 1103 διὰ
1625 1068 1789 1117 χρηστῶν
1808 1063 1967 1116 πράξεων
1991 1063 2049 1101 τὸν
2070 1066 2175 1104 αὐτοῦ
2196 1065 2400 1117 παρασπεί-

1379 1142 1448 1178 ρειν
1469 1126 1533 1165 ἰόν.
1558 1127 1626 1166 Καὶ
1650 1126 1720 1178 χρὴ
1741 1125 1804 1172 τὴν
1826 1125 1998 1177 παρθένον
2018 1126 2237 1178 πανταχόθεν
2257 1127 2399 1179 τειχίζε-

1377 1190 1469 1234 σθαι,
1498 1187 1558 1225 καὶ
1589 1189 1745 1238 ὀλιγάκις
1764 1191 1824 1226 τοῦ
1851 1187 1981 1230 παντὸς
2014 1189 2172 1225 ἐνιαυτοῦ
2199 1187 2402 1240 προόαίνειν

1375 1249 1438 1292 τῆς
1476 1246 1615 1294 οἰκίας,
1644 1247 1726 1284 ὅταν
1762 1246 1998 1298 ἀπαραίτητοι
2027 1247 2087 1284 καὶ
2115 1249 2305 1298 ἀναγκαῖαι
2335 1265 2402 1288 κα-

1375 1306 1565 1358 τεπείγωσι
1588 1306 1790 1359 προφάσεις.
1822 1308 1865 1345 Εἰ
1891 1305 1926 1345 δὲ
1956 1306 2052 1358 λέγοι
2078 1322 2150 1353 τις,
2181 1306 2280 1346 οὐδὲν
2313 1301 2402 1347 εἶναι

1375 1367 1506 1406 τούτων
1532 1367 1631 1420 ἔργον
1667 1369 1718 1419 τῷ
1749 1367 1931 1421 ἐπισκόπῳ
1951 1367 2226 1420 μεταχειρίζειν,
2245 1360 2284 1406 εὖ
2301 1367 2402 1416 ἵστω,

1373 1428 1427 1467 ὅτι
1447 1431 1516 1467 τῶν
1546 1427 1621 1481 ‘'e'cp'
1645 1429 1796 1476 ἑκάστης
1824 1427 2014 1481 γινομένων
2035 1431 2071 1467 αἱ
2091 1428 2267 1481 φροντίδες
2285 1428 2346 1468 καὶ
2365 1432 2401 1469 αἱ

1375 1490 1484 1528 αἰτίαι
1514 1492 1562 1534 εἰς
1590 1491 1721 1529 ἐκεῖνον
1753 1490 1872 1542 ἔχουσι
1893 1489 1957 1538 τὴν
1984 1489 2174 1543 ἀναφοράν.
2206 1491 2334 1544 Πολλῷ
2364 1490 2400 1532 δὲ

1373 1551 1654 1604 λυσιτελέστερον
1687 1552 1788 1590 αὐτὸν
1817 1551 1957 1591 ἅπαντα
1986 1550 2252 1602 διακονούμενον
2282 1553 2400 1600 ἀπηλ-

1373 1611 1503 1664 λάχθαι
1523 1613 1755 1664 ἐγκλημάτων
1769 1642 1778 1658 ,
1795 1611 1816 1650 ἃ
1834 1611 1890 1650 διὰ
1911 1612 1972 1656 τὰς
1991 1615 2061 1651 τῶν
2081 1611 2206 1664 ἑτέρων
2226 1612 2402 1666 ἁμαρτίας

1372 1673 1557 1724 ὑπομένειν
1587 1673 1742 1724 ἀνάγκη,
1771 1673 1877 1720 ἢτῆς
1910 1673 2086 1718 διακονίας
2119 1674 2305 1725 ἀφειμένον
2338 1674 2401 1718 τὰς

1373 1734 1459 1786 ὑπὲρ
1491 1727 1539 1772 ὧν
1567 1734 1719 1787 ἔπραξαν
1755 1734 1866 1787 ἕτεροι
1892 1735 2034 1788 τρέμειν
2058 1735 2210 1778 εὐθύνας.
2238 1734 2332 1787 Πρὸς
2363 1736 2399 1774 δὲ

1371 1795 1505 1839 τούτοις
1541 1798 1559 1834 ὁ
1600 1794 1662 1845 μὲν
1700 1796 1744 1833 δι’
1785 1798 1910 1833 ἑαυτοῦ
1948 1800 2058 1835 ταῦτα
2101 1795 2266 1849 πράττων
2309 1795 2399 1847 μετὰ

1372 1857 1506 1903 πολλῆς
1525 1859 1586 1903 τῆς
1605 1856 1762 1900 εὐκολίας
1782 1857 1920 1896 ἅπαντα
1945 1856 2178 1910 διεξέρχεται·
2195 1860 2214 1896 ὁ
2233 1857 2269 1897 δὲ
2289 1861 2401 1910 ἀναγσ

1372 1918 1561 1968 καζόμενος
1591 1918 1680 1969 μετὰ
1707 1922 1767 1958 τοῦ
1801 1919 1932 1957 πείθειν
1966 1918 2028 1961 τὰς
2060 1919 2225 1957 ἁπάντων
2255 1918 2401 1971 γνώμας

1370 1983 1474 2018 τοῦτο
1487 1985 1598 2018 ποιεῖν
1614 2010 1624 2028 ,
1647 1982 1684 2019 οὐ
1702 1979 1875 2027 τοσαύτην
1889 1980 1962 2033 ἔχει
1978 1980 2041 2027 τὴν
2063 1981 2179 2020 ἀνεσιν
2198 1983 2238 2019 ἐκ
2252 1983 2312 2019 τοῦ
2336 1983 2400 2028 τῆς

1371 2041 1578 2093 αὖτουργίας
1611 2044 1795 2092 ἀφεῖσθαι,
1822 2041 1888 2080 ὅσα
1922 2041 2113 2092 πράγματα
2145 2042 2205 2080 καὶ
2236 2041 2401 2095 θορύὸους

1369 2101 1427 2140 διὰ
1463 2101 1544 2146 τοὺς
1587 2102 1859 2146 ἀντιπίπτοντας
1899 2103 1959 2141 καὶ
1992 2109 2069 2147 ταῖς
2113 2103 2216 2141 αὐτοῦ
2262 2105 2399 2155 κρίσεσι

1370 2162 1603 2215 μαχομένους.
1625 2163 1732 2202 Ἀλλὰ
1766 2164 1885 2207 πάσας
1905 2162 1969 2213 μὲν
1993 2165 2056 2202 οὐκ
2077 2164 2118 2201 ἃν
2138 2163 2311 2215 δυναίμην
2330 2180 2398 2204 κα-

1368 2225 1529 2275 ταλέγειν
1548 2224 1611 2268 τὰς
1629 2225 1718 2276 ὑπὲρ
1734 2227 1803 2263 τῶν
1824 2223 2005 2276 παρθένων
2027 2224 2222 2277 φροντίδας.
2245 2225 2315 2264 Καὶ
2331 2224 2400 2278 γὰρ

1369 2286 1429 2324 καὶ
1448 2285 1531 2323 ὅταν
1563 2285 1668 2329 αὐτὰς
1699 2285 1933 2339 ἐγγράφεσθαι
1953 2286 2064 2337 ’δὲῃ,
2093 2287 2132 2324 οὐ
2172 2285 2217 2324 τὰ
2248 2285 2400 2338 τυχόντα

1368 2346 1567 2399 παρέχουσι
1593 2348 1787 2398 πράγματα
1810 2349 1860 2399 τῷ
1886 2347 2017 2393 ταύτην
2049 2345 2318 2399 πεπιστευμένῳ
2335 2345 2400 2394 τὴν

1369 2407 1583 2459 οἰκονομίαν.

1421 2470 1475 2508 Τὸ
1499 2469 1535 2508 δὲ
1564 2472 1632 2507 τῶν
1661 2469 1807 2522 κρίσεων
1841 2468 1944 2521 μέρος
1977 2469 2102 2521 μυρίας
2136 2468 2199 2520 μὲν
2229 2468 2303 2522 ἔχει
2336 2468 2400 2513 τὰς

1368 2530 1580 2582 ἐπαχθείας,
1611 2531 1744 2578 πολλὴν
1767 2531 1801 2570 δὲ
1823 2531 1886 2577 τὴν
1916 2531 2105 2583 ἀσχολίαν,
2130 2530 2190 2569 καὶ
2215 2529 2399 2575 δυσκολίας

1367 2590 1560 2640 τοσαύτας,
1576 2590 1659 2633 ὅστις
1680 2590 1756 2629 οὐδὲ
1776 2593 1808 2628 οἱ
1827 2596 1898 2633 τοῖς
1918 2590 2040 2634 ἔξωθεν
2062 2589 2213 2634 δικάζειν
2237 2588 2397 2639 καθήμε-

1367 2665 1418 2688 νοι
1437 2651 1578 2703 φέρουσι
1595 2666 1602 2673 ·
1625 2651 1684 2688 καὶ
1715 2650 1783 2703 γὰρ
1803 2652 1913 2702 εὑρεῖν
1940 2651 2024 2688 αὐτὸ
2044 2651 2083 2688 τὸ
2109 2650 2243 2688 δίκαιον
2274 2647 2396 2701 ἔργον,

345 2712 505 2752 difficile.
523 2714 600 2751 Non
618 2712 723 2751 modo
735 2722 854 2752 autem
869 2714 1046 2765 negotium
1059 2713 1299 2752 etdissscultas
1320 2737 1346 2764 A
1367 2711 1426 2748 καὶ
1444 2711 1588 2763 εὑρόντα
1609 2711 1658 2761 μὴ
1680 2712 1877 2762 διαφθεῖραι
1895 2710 2063 2762 χαλεπόν.
2090 2712 2167 2749 Οὐκ
2188 2710 2341 2763 ἀσχολία
2360 2711 2397 2750 δὲ

346 2773 460 2819 adest,
490 2777 549 2813 sed
576 2774 681 2812 etiam
707 2775 906 2827 periculum
936 2789 1004 2813 non
1027 2789 1192 2827 parvum.
1215 2776 1296 2815 Jam

347 2835 439 2873 euim
450 2835 596 2887 quidam
611 2851 655 2875 cx
671 2836 933 2875 infirmioribus
949 2836 983 2875 in
999 2836 1136 2887 negotia
1147 2835 1298 2889 delapsi,

346 2897 427 2947 quia
462 2897 695 2949 patrocinium
736 2911 803 2935 non
840 2897 1028 2944 invenere,
1061 2897 1154 2936 circa
1189 2897 1298 2936 fidem

349 2958 544 3009 naufragati
564 2967 657 2997 sunt.
678 2957 786 2996 Multi
801 2958 896 2996 enim
908 2973 952 2996 ex
966 2958 1132 2997 laesorum
1149 2972 1297 2996 numero

351 3033 417 3056 uon
439 3019 575 3066 minus,
598 3033 706 3070 quam
735 3019 830 3072 ipsos
850 3019 1038 3068 laedentes,
1063 3034 1121 3058 eos
1139 3019 1203 3071 qui
1228 3018 1297 3058 sibi

349 3093 414 3116 non
443 3080 558 3117 serunt
577 3094 680 3132 opt-m
709 3080 792 3118 odio
818 3081 949 3119 habent
967 3096 973 3117 :
992 3095 1033 3119 ac
1053 3095 1163 3133 neque
1183 3094 1295 3132 nego·

390 3241 404 3260 Ι·
431 3239 488 3269 Alli
506 3245 643 3283 bfw'j'dfa
665 3245 757 3283 αὖτῇ,
777 3240 831 3273 nlli
850 3251 934 3279 αντή-

386 3301 390 3310 ·
424 3288 484 3319 ΑΙίἰ
501 3295 552 3327 τάς
568 3298 716 3334 ν’ρσρμὰς.

385 3342 400 3365 ¹¹
427 3341 758 3383 ΑΙίἰε-ρ“ίνά·ιτ·ιι,ἕι1ἰἱ
778 3347 971 3385 t;·'kr·1‘2rae,·.

1367 2773 1472 2823 μόνον
1487 2773 1546 2810 καὶ
1569 2772 1746 2818 δυσκολία,
1767 2771 1858 2810 ἀλλὰ
1878 2771 1938 2809 καὶ
1967 2771 2118 2814 κίνδυνος
2145 2771 2334 2823 πρόσεστιν
2358 2773 2397 2812 οὗ

1367 2834 1503 2885 μικρός.
1521 2833 1615 2878 Ἤδη
1635 2832 1703 2885 γὰρ
1722 2847 1810 2875 τινες
1831 2835 1899 2870 τῶν
1919 2832 2174 2884 ἀσθενεστέρων
2191 2832 2396 2885 πράγμασιν

1365 2895 1598 2946 ἐμπεσόντες,
1619 2894 1740 2942 ἐπειδὴ
1772 2895 1989 2947 προστασίας
2018 2897 2080 2933 οὐκ
2105 2895 2250 2948 ἔτυχον,
2271 2896 2396 2935 δναυά·

1366 2973 1477 3010 γησαν
1493 2957 1575 3008 περὶ
1600 2957 1663 3002 τὴν
1681 2956 1814 2993 πίστιν.
1838 2957 1969 2994 Πολλοὶ
1988 2955 2056 3008 γὰρ
2083 2959 2154 2995 τῶν
2173 2956 2396 3007 ἠδικημένων

1366 3021 1430 3072 οὐχ
1464 3013 1568 3065 ἦττον
1604 3021 1672 3056 τῶν
1702 3016 1924 3063 ἠδικηκότων
1971 3017 2050 3060 τοὺς
2100 3017 2150 3067 μὴ
2185 3020 2395 3069 βοηθοῦντας

1368 3084 1528 3130 μισοῦσι·
1562 3078 1622 3118 καὶ
1657 3077 1737 3117 οὔτε
1778 3077 2000 3129 πραγμάτων
2046 3076 2283 3129 διαστροφὴν,
2315 3076 2394 3117 οὔτε

1430 3249 1441 3263 ·
1467 3238 1568 3271 sinit.
1599 3244 1631 3270 ct
1662 3235 1789 3279 aliquot
1818 3234 1895 3267 Mu.
1925 3233 2150 3279 iipstlontf.
2169 3233 2267 3278 Sion}
2290 3233 2393 3267 Paulo

1387 3299 1461 3335 pont
1485 3301 1566 3323 unius
1586 3293 1807 3331 πεπιστευμένῳ
1824 3295 1878 3327 τὴν
1892 3290 2050 3322 Statorius.
