2513 3871
45 2507 169 2535 lmbrica
178 2513 221 2536 ent

31 2548 157 2576 hun-,ana
173 2559 221 2577 na-

33 2595 96 2617 tura
109 2613 116 2622 ,
136 2592 193 2617 cito

232 203 296 260 44
643 213 681 244 s-

239 306 408 348 tantoque
426 298 544 336 studio
562 306 682 335 eontra
702 311 740 334 se
758 297 816 334 vel
834 295 880 333 ab
900 294 1002 332 initio
1018 303 1191 344 uteretur,

239 359 268 396 si
288 367 542 410 perseveraret,
563 357 666 394 facile
685 370 722 394 se
739 356 1003 394 debellaturum
1018 369 1093 393 esse
1115 355 1192 393 exi-

237 421 410 458 stimavit.
421 419 574 469 Ideoque
593 418 789 465 festinavit,
803 417 1013 465 excubavit,
1027 426 1192 468 totusque

238 490 360 518 contra
381 489 432 525 te,
455 481 528 517 imo
546 480 663 532 potius
683 488 805 517 contra
823 487 928 530 caput
947 491 1052 515 suum
1073 477 1192 515 insur-

238 541 346 587 rexit,
370 541 398 579 si
419 550 533 579 tamen
555 541 714 579 volueris
732 550 874 578 strenue
893 539 1076 577 obsistere.
1101 539 1192 586 Quis

236 601 330 640 enim
343 602 490 640 celerem
507 603 605 640 illam
618 612 730 647 tuam.
745 603 919 640 sinceram
933 610 1040 651 atque
1053 601 1192 639 ferven-

235 672 306 700 tem
322 664 368 701 ad
385 664 475 702 bona
495 664 724 702 mutationem
743 677 809 700 non
829 662 978 700 miratus
993 662 1068 700 cst?
1091 662 1190 715 Epu-
1215 669 1238 699 B

234 724 352 763 larum
369 725 463 764 enim
479 726 671 764 oblectatio
687 724 878 763 contemtui
898 733 985 771 erat,
1002 723 1110 762 luxus
1128 738 1191 763 ve-

235 786 347 825 stium
366 787 673 840 vilipendebatur,
694 786 900 824 calcabatur
917 786 1027 823 fastus
1045 787 1160 824 omnis
1175 816 1188 838 7

235 856 309 886 tota
330 848 391 886 illa
412 858 566 887 externae
585 848 823 901 philosophiae
844 861 927 885 cura
947 848 1132 886 confertim
1152 848 1188 885 in

234 908 359 948 divina
374 911 514 961 eloquia
530 910 701 948 translata
716 910 830 947 fuerat
849 926 855 946 :
875 909 1016 947 lectioni
1035 908 1111 947 dies
1131 923 1191 948 so-

235 969 317 1019 lidi,
340 971 491 1009 orationi
513 980 630 1009 noctes
653 975 798 1022 integrm
815 969 1082 1022 deputabantur
1101 987 1108 1007 :
1125 985 1188 1023 pa-

235 1039 344 1069 ternze
364 1031 550 1083 dignitatis
570 1032 668 1069 nulla
688 1031 834 1077 mentio,
857 1030 1068 1069 divitiarum
1090 1032 1188 1070 nulla

236 1091 436 1130 recordatio
461 1108 468 1129 :
493 1093 642 1130 fratrum
676 1101 793 1130 autem
828 1105 940 1143 genua
971 1093 1185 1144 complecti,

233 1166 426 1205 eorumque
457 1154 609 1206 pedibus
639 1167 824 1191 accurrere
838 1183 848 1200 ‚
880 1153 976 1191 omni
1003 1154 1188 1191 nobilitate

233 1213 424 1251 sublimius
438 1214 640 1266 judicabas.
659 1215 740 1252 Haec
759 1214 973 1252 malevolum
990 1214 1093 1251 illum
1112 1229 1189 1252 cru-

232 1273 390 1318 ciabant,
413 1275 487 1311 haec
503 1273 546 1310 ad
569 1274 743 1311 acriorem
763 1286 919 1324 pugnam
937 1273 1187 1310 conserendam

232 1334 427 1372 incitarunt
454 1351 462 1371 :
491 1343 644 1371 attamen
666 1347 736 1371 non
757 1334 859 1370 letale
886 1333 1015 1370 vulnus
1038 1333 1183 1373 inflixit.

233 1396 323 1432 Nam
354 1395 383 1432 si
412 1403 492 1446 post
524 1393 737 1431 diuturnum
764 1401 927 1444 tempus,
955 1402 1032 1444 post
1051 1384 1188 1444 jejunia
1213 1404 1238 1434 C

231 1455 356 1502 multa,
374 1454 690 1493 humicubationes
701 1453 859 1503 aliasque
870 1453 1140 1492 exercitationes
1157 1462 1190 1493 te

230 1517 435 1569 dejecisset,
463 1530 575 1567 neque
595 1525 678 1554 tunc
696 1513 956 1567 desperandum
976 1524 1085 1562 esset,
1108 1515 1191 1553 licet

231 1577 434 1616 maximum
450 1577 623 1614 damnum
641 1585 828 1628 putaretur
843 1585 921 1627 post
937 1576 1069 1613 multos
1087 1576 1192 1614 sudo-

233 1653 288 1677 res
305 1669 316 1688 ,
349 1639 489 1677 labores
522 1647 554 1676 et
582 1637 750 1676 victorias
774 1637 819 1674 ita
847 1637 1018 1688 prosterni
1038 1653 1046 1673 :
1064 1651 1190 1675 verum

233 1701 317 1752 quia
331 1701 364 1738 in
377 1701 453 1753 ipso
470 1700 652 1752 procinctu
670 1698 874 1737 certaminis
886 1706 918 1735 te
933 1698 1192 1750 supplantavit,

233 1762 271 1800 id
289 1762 404 1799 solum
420 1761 556 1808 effecit,
578 1770 615 1799 ut
631 1760 811 1798 fortiorem
831 1768 862 1797 te
877 1759 1043 1797 redderet
1061 1759 1105 1796 ad
1124 1775 1191 1812 pu·

234 1837 340 1874 gnam
355 1836 436 1860 cum
455 1823 532 1875 ipso
550 1820 752 1859 ineundam.
766 1820 878 1859 Modo
893 1820 987 1857 enim
1004 1829 1036 1857 te
1052 1835 1069 1857 e
1085 1829 1191 1872 portu

234 1885 446 1929 solventem,
466 1898 533 1921 non
552 1898 595 1921 ex
613 1882 850 1935 negotiatione
866 1891 1112 1929 revertentem,
1129 1896 1192 1920 nec

234 1955 398 1984 onustam
418 1946 596 1984 mercibus
613 1959 739 1983 navem
759 1943 998 1989 reducentem,
1019 1944 1112 1981 ferus
1131 1944 1192 1982 ille

235 2008 350 2059 pirata
378 2007 524 2045 adortus
553 2016 616 2045 cst.
653 2009 703 2043 Ac
723 2004 1028 2056 quemadmodum
1059 2005 1088 2042 si
1112 2005 1193 2055 quis

234 2083 443 2120 generosum
462 2069 598 2106 leonem
618 2081 804 2119 aggressus
824 2066 952 2119 pellem
980 2067 1056 2118 ejus
1075 2067 1192 2105 solum
1216 2085 1240 2115 1)

235 2130 375 2177 raserit,
399 2130 501 2167 illum
518 2129 663 2180 quidem
682 2128 773 2166 nihil
792 2127 901 2174 laedit,
919 2127 980 2165 sed
1001 2137 1119 2165 contra
1139 2141 1192 2167 se-

235 2191 354 2243 ipsum
373 2191 503 2230 excitat
524 2205 603 2229 eum
616 2221 625 2237 ‚
645 2204 686 2228 ac
705 2190 900 2227 firmiorem
919 2198 952 2226 et
973 2198 1075 2240 captu
1093 2188 1192 2227 diffi-

234 2252 394 2290 ciliorem
416 2252 537 2290 reddit
557 2268 564 2288 :
588 2251 638 2289 sic
658 2260 689 2289 et
710 2249 908 2288 communis
934 2250 1094 2287 omnium
1116 2250 1188 2287 ini-

234 2314 350 2352 micus
365 2328 446 2352 cum
461 2314 569 2351 altam
588 2313 746 2363 infligere
761 2312 903 2363 plagam
920 2319 1065 2348 conatus
1084 2320 1187 2360 esset,

234 2390 254 2413 a
275 2390 382 2429 scopo
401 2375 546 2427 quidem
565 2374 760 2423 aberravit,
782 2372 842 2411 sed
859 2372 904 2411 ad
924 2372 1067 2424 vigilias
1082 2381 1116 2411 et
1129 2373 1190 2425 je·-

232 2437 332 2489 junia
355 2439 585 2489 promtiorem
607 2435 775 2473 reddidit.

287 2501 324 2536 9.
349 2498 505 2538 Lubrica
519 2507 569 2535 est
582 2497 735 2534 humana
751 2504 875 2533 natura
887 2526 896 2543 ,
911 2495 980 2533 cito
990 2494 1186 2547 decipitur,

235 2559 298 2598 sed
318 2559 388 2597 cito
412 2574 430 2596 a
454 2558 580 2597 fraude
598 2572 633 2595 se
657 2556 820 2609 expedit;
841 2565 874 2594 et
895 2556 986 2594 sicut
1006 2555 1190 2594 confestim

33 2634 108 2660 cad-¹
124 2655 130 2661 ,
146 2636 203 2660 cuo
237 2620 343 2668 cadit,
359 2621 406 2658 ita
418 2620 601 2658 confestim
612 2619 776 2669 erigitur.
793 2617 980 2669 Siquidem
995 2617 1120 2655 beatus
1131 2616 1191 2654 ille

33 2675 168 2711 resurgit.

237 2679 306 2730 νὴ,
330 2681 506 2720 Davidem
523 2681 619 2730 dico,
641 2680 702 2731 qui
725 2680 856 2717 electus
875 2679 943 2716 suit
962 2678 997 2716 in
1019 2692 1136 2729 regem
1159 2687 1191 2716 et

237 2742 460 2795 proplietam,
478 2757 558 2779 cum
581 2741 692 2779 multa
714 2741 882 2792 praeclare
899 2739 1053 2787 fecisset,
1075 2738 1192 2776 bomi-

236 2817 316 2841 nem
337 2818 372 2841 se
391 2818 464 2841 esse
486 2802 710 2848 monstravit,
733 2811 766 2839 et
786 2801 908 2839 alicnae
931 2801 1054 2838 uxoris
1070 2814 1190 2837 amore

235 2874 359 2917 captus
379 2874 426 2902 est
447 2881 453 2900 :
472 2878 533 2901 nec
555 2864 602 2901 ibi
622 2863 737 2901 solum
755 2862 936 2909 constitit,
965 2861 1023 2900 sed
1046 2868 1191 2914 propter

279 2972 295 2995 Ι»
318 2971 373 3002 Sic
388 2969 490 3003 savit.
515 2978 546 3001 ct
563 2981 677 3000 omues
704 2969 781 3002 Mss.
801 2967 916 3000 Morel.
942 2979 1022 3000 vero
1046 2973 1242 3010 μετάστασιν.

546 3025 575 3055 ῑὶ
598 3027 718 3058 &cO-22:05
731 3046 738 3059 ‚
756 3028 820 3052 etc.
851 3022 912 3052 llic
936 3018 1038 3052 Sus-il.
1057 3025 1089 3049 et
1105 3015 1248 3049 (Lodices

236 3086 350 3107 omncs
367 3074 545 3116 sequimur.
563 3072 654 3105 Infra
676 3083 792 3105 omnes
820 3073 896 3104 Mss.
923 3078 961 3110 εὶς
978 3078 1155 3114 ἀναγνώσεις
1168 3097 1175 3110 ,
1187 3069 1248 3101 Sa-

235 3023 311 3054 Mox
343 3016 519 3056 ministro}

237 3126 295 3159 vil.
311 3135 344 3158 ct
359 3125 475 3158 Mon-l.
497 3132 533 3163 22,-
551 3133 723 3168 ἀνάγνωσιν.

283 3193 295 3207 ⁴·
321 3188 408 3215 τοῦτο
425 3179 517 3212 deest
535 3181 566 3211 in
582 3179 735 3211 omnibus
753 3179 828 3212 31⁵⁵.
845 3205 852 3218 ‚
869 3176 925 3210 sod
951 3178 983 3210 in
1002 3175 1105 3209 savit.
1130 3184 1162 3208 ct
1179 3175 1249 3207 Μο-

237 3236 296 3268 rel.
328 3233 481 3267 liabetur.
499 3233 574 3264 Mox
607 3238 643 3270 εἲ,-

238 3297 353 3320 omnes
368 3286 443 3318 Mss.
463 3293 491 3315 et
512 3282 613 3317 Snvil.
634 3283 747 3315 Most-l.
770 3296 845 3313 xero
864 3289 900 3320 εἰς
916 3289 1020 3326 μάχην
1047 3286 1249 3328 σφοδροτέραν

239 3348 357 3381 ἤγαγε-ι.
377 3338 466 3369 Infra
485 3348 598 3369 omncs
616 3336 691 3368 Mas.
719 3341 765 3369 ια’(
789 3342 961 3378 χνμτυνιάς.
986 3335 1100 3369 Morcl,
1121 3344 1199 3366 vcro
1215 3341 1248 3364 et

673 3238 775 3274 μ’)χην
798 3237 928 3275 ἐξήγειρε
962 3233 1174 3276 σῗοῗιροτίραν.
1194 3229 1249 3261 Sic

240 3389 339 3423 S-uvil.
362 3395 408 3423 ιαὶ
427 3397 481 3428 τήν
495 3396 669 3432 χαμευνίκυ,

285 3444 297 3462 ·’
322 3444 405 3475 Tres
424 3443 498 3475 Mas.
519 3448 684 3484 ytmpr'vqf.
705 3440 857 3477 1”π·;ν’ἶην“,“ι
878 3443 953 3480 ὗμκ.
973 3438 1074 3471 Sus-il.
1093 3437 1250 3472 ctMurel.

722 212 907 244 JOANNJS
943 211 1185 242 cuRYSOS'r.
1221 211 1431 243 anctum).
1469 212 1828 245 CONSTANTtNOP.

1268 296 1463 349 τηλικαύτῃ
1474 297 1698 350 χρησάμενον
1719 299 1796 335 κατ’
1816 296 1921 334 αὐτοῦ
1941 295 2236 347 σπουδῇ,τοῦτον,
2260 296 2290 334 εἷ

1265 356 1493 407 παραμείνειε
1508 387 1518 402 ,
1539 357 1665 409 ῥαδίως
1679 358 1782 396 αὐτὸν
1804 355 2111 407 καταπολεμήσειν
2125 356 2290 408 προσεδό-

1264 432 1364 464 κησε.
1382 418 1450 456 Διὰ
1463 422 1564 457 τοῦτο
1584 419 1762 466 ἔσπευσεν,
1775 417 2023 471 ἐγρηγόρησεν,
2035 417 2166 469 ἠγέρθη
2181 416 2288 459 πολὺς

1265 478 1357 516 κατὰ
1376 483 1436 517 σοῦ
1453 510 1463 528 ,
1485 481 1617 530 μᾶλλον
1638 479 1674 517 δὲ
1695 479 1785 517 κατὰ
1805 482 1865 525 τῆς
1885 480 2008 516 ἑαυτοῦ
2027 479 2203 529 κεφαλῆς,
2226 476 2286 516 ἐὰν

1265 539 1414 592 θελήσῃς
1429 544 1552 587 στῆναι
1568 541 1744 593 γενναίως.
1763 540 1829 584 Τίς
1847 540 1915 591 γάρ
1937 555 1997 578 σου
2014 538 2077 586 τὴν
2097 538 2209 583 ὀξεῖαν
2226 539 2286 577 καὶ

1264 602 1434 654 εἰλικρινῆ
1457 603 1515 640 καὶ
1535 602 1676 646 ζέουσαν
1696 602 1755 640 ἐπὶ
1775 601 1820 640 τὰ
1841 599 1954 652 ἀγαθὰ
1973 599 1988 620 ¹’
2012 600 2197 650 μετάθεσιν
2223 601 2286 638 οὐκ

1265 662 1483 714 ἐθαύμασεν;
1504 664 1734 714 Ἰἰδεσμάτων
1757 663 1820 714 μὲν
1839 662 1908 714 γὰρ
1929 661 2041 714 τρυφὴ
2060 667 2286 714 παρεωρᾶτο,

1264 724 1472 763 πολυτέλεια
1501 724 1537 763 δὲ
1562 728 1705 771 ἐσθῆτος
1735 723 2052 775 καταπεφρόνητο,
2084 727 2154 766 πᾶς
2184 727 2288 774 τῦφος

1263 787 1552 833 καταπεπάτητο,
1572 793 1670 825 πᾶσα
1688 789 1709 832 ἡ
1730 786 1811 838 περὶ
1823 785 1885 832 τὴν
1900 782 2021 829 ἔξωθεν
2041 783 2165 836 σοφίαν
2179 798 2287 823 σπου-

1264 848 1304 895 δὴ
1331 849 1463 900 ἀθρόως
1483 849 1541 886 ἐπὶ
1567 848 1611 886 τὰ
1633 851 1708 885 θεῖα
1730 847 1961 897 μετενήνεκτο
1980 845 2101 897 λόγια·
2122 844 2202 883 ὅλαι
2223 843 2286 895 μὲν

1263 911 1312 954 εἰς
1333 910 1528 961 ἀνάγνωσιν
1550 910 1701 962 ἡμέραι,
1718 908 1798 947 ὅλαι
1817 907 1853 947 δὲ
1871 909 1918 952 εἷς
1935 907 2040 960 εὐχὰς
2060 905 2288 954 ἀνηλίσκοντο

1263 971 1384 1015 νύκτες
1403 985 1410 992 ·
1432 973 1495 1009 οὐκ
1510 972 1607 1016 ἀξίας
1626 966 1667 1018 ἦν
1686 972 1882 1021 μνησθῆναι
1899 971 2093 1021 πατρικῆς,
2115 970 2154 1006 οὗ
2175 968 2286 1006 πλοῦ-

1262 1048 1321 1070 τον
1339 1035 1374 1070 ἐν
1396 1032 1580 1084 νῷ·λα6ἐῖν
1599 1046 1606 1054 ·
1630 1032 1669 1071 τὸ
1690 1032 1725 1070 δὲ
1745 1030 1900 1082 γονάτων
1919 1031 2089 1068 ἅπτεσθαι
2105 1058 2114 1075 ,
2129 1028 2189 1067 καὶ
2203 1028 2288 1066 ποσὶ

1263 1094 1494 1147 προστρέχειν
1516 1095 1672 1146 ἀδελφῶν
1687 1123 1697 1139 ,
1716 1096 1843 1130 ετοῦτο
1868 1092 1985 1138 πάσης
2005 1090 2175 1142 εὐγενείας
2191 1088 2287 1128 ἀνώ-

1262 1171 1360 1207 τερον
1380 1156 1487 1206 ᾔδεις.
1518 1157 1644 1194 Ταῦτα
1671 1155 1787 1206 ἔθλιψε
1814 1154 1872 1192 τὸν
1894 1153 2045 1204 πονηρὸν
2063 1181 2072 1199 ,
2103 1155 2212 1189 ταῦτα
2239 1153 2288 1195 εἰς

1265 1217 1386 1267 μάχην
1407 1216 1561 1267 ἐξήγειρε
1583 1215 1817 1268 σφοδροτέραν
1832 1227 1839 1235 ·
1861 1216 1936 1252 ἀλλ’
1962 1215 2000 1251 οὐ
2021 1212 2161 1266 καιρίαν
2180 1212 2287 1251 ἔδωκε

1263 1276 1327 1322 τὴν
1360 1277 1517 1326 πληγήν.
1551 1278 1595 1313 Εἰ
1626 1275 1690 1325 μὲν
1723 1275 1789 1327 γὰρ
1821 1274 1910 1324 μετὰ
1936 1274 2060 1327 χρόνον
2088 1273 2196 1312 πολὺν
2222 1288 2288 1319 νη-

1264 1336 1381 1380 στείας
1409 1353 1447 1374 τε
1480 1342 1637 1387 συνεχεῖς
1673 1336 1733 1373 καὶ
1768 1335 1962 1388 χαμευνίας
1991 1335 2051 1373 καὶ
2081 1335 2146 1380 τὴν
2177 1334 2287 1381 ἄλλην

1264 1397 1416 1443 ἄσκησιν
1430 1397 1638 1444 κατέὸαλεν,
1649 1391 1691 1443 ἦν
1708 1396 1770 1446 μὲν
1783 1395 1860 1434 οὐδὲ
1877 1396 1955 1434 τότε
1967 1397 2180 1446 ἀπογνῶναι,
2195 1394 2289 1441 πλὴν

1263 1457 1398 1505 πολλὴν
1426 1458 1468 1496 ἄν
1502 1473 1554 1501 τις
1589 1457 1653 1509 ἔφη
1688 1457 1752 1504 τὴν
1784 1456 1913 1507 ζημίαν
1943 1459 2178 1508 γεγενῆσθαι,
2201 1455 2290 1506 μετὰ

1263 1519 1411 1562 πολλοὺς
1445 1521 1594 1571 ἱδρῶτας
1626 1519 1686 1556 καὶ
1713 1518 1837 1562 πόνους
1874 1518 1934 1556 καὶ
1968 1518 2066 1562 νίκας
2094 1521 2155 1564 τῆς
2181 1518 2290 1565 ἥττης

1262 1580 1504 1632 ἀγενομένης·
1533 1583 1610 1619 ἀλλ’
1639 1580 1758 1627 ἐπειδὴ
1781 1580 1856 1630 ἅμα
1875 1583 1925 1632 τῷ
1949 1579 2036 1631 πρὸς
2064 1580 2164 1618 αὐτὸν
2195 1581 2288 1618 ἀπο-

1264 1643 1433 1682 δύσασθαι
1454 1674 1464 1691 ,
1485 1642 1694 1680 ὑπεσκέλισε
1709 1672 1718 1690 ,
1739 1645 1903 1680 τοσοῦτον
1920 1641 2026 1687 ἤνυσε
2053 1641 2156 1691 μόνον
2179 1671 2190 1690 ,
2209 1641 2289 1679 ὅσον

1265 1703 1529 1754 σπουδαιότερον
1550 1704 1596 1745 εἷς
1616 1702 1680 1748 τὴν
1701 1704 1780 1740 κατ’
1800 1704 1902 1740 αὐτοῦ
1926 1702 2044 1753 μάχην
2061 1700 2287 1754 ἐργάσασθαι.

1263 1764 1362 1818 Ἄρτι
1380 1765 1447 1816 γάρ
1467 1781 1520 1803 σοι
1541 1763 1722 1802 ἐκπλέοντι
1741 1793 1751 1811 ,
1773 1762 1832 1800 καὶ
1867 1764 1930 1800 οὐκ
1958 1764 1998 1800 ἐκ
2030 1765 2095 1809 τῆς
2121 1761 2291 1814 ἐμπορίας

1265 1825 1505 1873 ἐπανελθόντι,
1525 1824 1600 1864 οὐδὲ
1621 1825 1739 1875 πλήρη
1759 1823 1816 1861 τὸν
1838 1823 1962 1876 φόρτον
1983 1822 2224 1877 ἐπιφερομένῳ
2238 1853 2248 1872 ,
2272 1825 2291 1861 ὁ

1266 1887 1373 1930 δεινὸς
1397 1887 1539 1926 ἐπέθετο
1569 1886 1749 1939 πειρατής.
1780 1885 1849 1923 Καὶ
1870 1885 2030 1936 καθάπερ
2060 1884 2184 1924 λέοντα
2213 1899 2292 1936 γεν-

1264 1949 1358 1988 ναῖόν
1391 1965 1444 1992 τις
1475 1950 1610 1987 ἀνελεῖν
1641 1947 1892 2000 ἐπιχειρήσας,
1924 1946 2064 1985 ἐπειδὰν
2097 1945 2162 1992 τὴν
2187 1945 2291 1998 δορὰν

1264 2016 1278 2032 “””
1293 2010 1464 2054 ἐπιξύσειε
1479 2009 1597 2060 μόνον,
1613 2012 1742 2048 ἐκεῖνον
1766 2008 1828 2059 μὲν
1846 2008 1997 2060 ἔὸλαψεν
2025 2007 2121 2047 οὐδὲν
2140 2036 2149 2052 ,
2173 2007 2292 2060 ἤγειρε

1266 2073 1302 2113 δὲ
1321 2077 1398 2112 καθ’
1419 2076 1541 2111 ἑαυτοῦ
1558 2074 1703 2122 μᾶλλον,
1720 2070 1779 2109 καὶ
1796 2070 2054 2123 ἀσφαλέστερον
2067 2069 2128 2108 καὶ
2143 2067 2294 2107 δυσανά-

1265 2137 1376 2173 λωτον
1402 2139 1462 2172 τοῦ
1490 2136 1613 2172 λοιποῦ
1638 2132 1853 2178 πεποίηκεν·
1883 2132 1973 2170 οὕτω
1996 2132 2038 2177 δὴ
2065 2130 2124 2169 καὶ
2146 2134 2164 2168 ὁ
2182 2130 2294 2174 κοινὸς

1265 2196 1427 2234 ἁπάντων
1442 2195 1563 2247 ἐχθρὸς
1585 2197 1727 2245 βαθεῖαν
1745 2193 1974 2245 ἐπιχειρήσας
1993 2191 2123 2237 πλῆξαι
2138 2190 2293 2242 πληγὴν,

1264 2258 1387 2296 τούτου
1406 2257 1466 2307 μὲν
1484 2256 1657 2308 ἀπέτυχεν
1673 2285 1682 2303 ,
1704 2254 1929 2307 ἐγρηγορέναι
1956 2252 1991 2292 δὲ
2010 2253 2069 2291 καὶ
2086 2253 2207 2305 νήφειν
2232 2257 2294 2291 τοῦ

1265 2320 1388 2357 λοιποῦ
1404 2316 1646 2370 παρεσκεύασε
1666 2317 1812 2366 μᾶλλον.

1318 2490 1529 2542 Ὀλισθηρὸν
1551 2489 1619 2542 γὰρ
1640 2492 1662 2535 ἦ
1684 2487 1884 2540 ἀνθρωπίνη
1912 2485 2034 2538 φύσις,
2056 2484 2116 2523 καὶ
2140 2483 2198 2529 ὀξὺ
2227 2483 2298 2534 μὲν»

1265 2555 1458 2600 κλαπῆναι,
1477 2552 1536 2596 ὀξὺ
1556 2551 1591 2590 δὲ
1612 2552 1806 2601 ἀνενεγκεῖν
1823 2551 1861 2587 ἐκ
1882 2550 1946 2593 τῆς
1968 2545 2127 2592 ἀπάτης,
2142 2544 2200 2583 καὶ
2220 2544 2290 2582 ὥσ·

1265 2632 1331 2669 περ
1346 2614 1469 2652 πίπτει
1484 2612 1634 2664 ταχέως,
1655 2610 1744 2650 οὕτω
1766 2609 1825 2648 καὶ
1844 2613 1968 2647 θᾶττον
1990 2607 2185 2646 ἀνίσταται.
2200 2604 2292 2645 ‘Koet

1264 2676 1332 2728 γὰρ
1351 2678 1369 2713 ὁ
1390 2674 1562 2726 μακάριος
1593 2675 1720 2715 ἐκεῖνος
1749 2670 1858 2722 ἀνὴρ,
1888 2670 1946 2708 τὸν
1969 2668 2076 2706 Δαυὶδ
2095 2667 2187 2718 λέγω
2204 2696 2214 2715 ,
2233 2666 2291 2705 τὸν

1265 2737 1426 2777 ἐκλεκτὸν
1449 2734 1597 2786 βασιλέα
1611 2733 1670 2771 καὶ
1689 2731 1884 2783 προφήτην,
1899 2730 2005 2777 ἡνίκα
2026 2727 2140 2768 πολλὰ
2157 2726 2294 2779 κατώρ-

1266 2802 1374 2836 θωσεν
1391 2827 1401 2843 ,
1420 2798 1483 2834 οὐκ
1507 2795 1628 2833 ἔλαθεν
1652 2794 1831 2845 ἅνθριιιπος
1850 2792 1897 2829 ὢν
1913 2821 1923 2838 ,
1944 2790 2022 2829 ἀλλ’
2042 2790 2180 2843 ἠράσθη
2208 2787 2292 2828 ποτὲ

1265 2859 1428 2911 γυναικὸς
1448 2856 1650 2908 ἀλλοτρίας,
1670 2855 1729 2893 καὶ
1749 2856 1810 2892 οὐκ
1826 2853 1910 2899 ἔστη
1933 2851 2039 2905 μέχρι
2052 2850 2174 2890 τούτου
2189 2881 2198 2900 ‚
2214 2850 2294 2888 ἀλλ’

1282 2973 1318 2997 ιιι
1335 2966 1367 2998 in
1384 2972 1488 2996 textu.
1509 2964 1518 3005 [
1538 2963 1614 2994 Mox
1646 2962 1724 2993 Sav.
1744 2964 1811 3003 ἅμα
1828 2969 1868 3003 τῷ
1885 2966 2049 2997 ἀποστῆναι
2073 2962 2122 2993 καὶ
2144 2959 2294 2992 ἀποδύσα-

1290 3025 1355 3052 σθαι
1370 3024 1444 3063 πρὸς
1461 3017 1579 3057 adram]
1592 3014 1684 3047 Infra
1698 3014 1756 3045 Sm
1767 3011 1800 3044 il.
1819 3016 1888 3046 κατ’
1904 3016 1997 3045 αὑτοῦ
2009 3011 2200 3054 μάχην.Ῑ)υο
2215 3009 2293 3041 Mss-

1289 3074 1396 3104 ἆαοτοῦ
1409 3075 1513 3112 μάχην
1530 3065 1666 3099 hubent.
1685 3064 1800 3097 Morel.
1821 3068 1888 3098 κατ’
1905 3068 1995 3098 «itote
2011 3069 2101 3100 νίκη-ι.

1332 3128 1344 3141 ‘
1366 3121 1469 3154 Snvil.
1487 3125 1593 3160 νὺξειε,
1614 3126 1647 3149 ΩΙ-
1665 3117 1696 3149 in
1717 3128 1822 3159 marg·
1842 3121 1991 3156 ἐπιξέσιιι.

1328 3176 1339 3199 f
1365 3172 1470 3207 Snvil.
1486 3174 1518 3204 in
1550 3179 1640 3204 textu
1673 3175 1722 3203 καὶ
1751 3176 1809 3212 γὰρ
1826 3173 1841 3203 ὸ
1858 3175 2006 3213 μακάριος
2021 3193 2028 3206 ,
2047 3172 2062 3202 ὸ
2079 3170 2214 3204 ὶκλικτὸς
2236 3171 2294 3209 βα-

1284 3229 1376 3264 σιλεὺς
1393 3231 1440 3259 καὶ
1461 3233 1628 3271 apolonie-m·
1649 3228 1732 3260 ἡνίκα
1748 3226 1852 3256 πολλοὶ
1870 3248 1877 3259 ,
1892 3229 1957 3252 etc.
1976 3229 2013 3252 ut
2030 3230 2140 3263 supra.
2155 3219 2196 3251 In
2208 3229 2297 3250 mnr-

1282 3278 1355 3320 ginc
1374 3289 1451 3309 vero
1468 3305 1476 3318 ,
1495 3283 1544 3310 τὸν
1560 3282 1710 3318 μακάριον
1727 3277 1834 3311 Δαυὶὸ,
1855 3279 1904 3307 τὸν
1920 3278 2056 3308 ἐκλεκτὸν
2077 3275 2225 3318 βασιλέα,
2248 3276 2298 3306 καὶ

1282 3339 1437 3375 apo-mem
1460 3358 1467 3367 ,
1499 3335 1581 3368 ἡνίκα
1610 3332 1708 3364 nost&
1737 3332 1934 3370 κατώρθωσεν
1950 3353 1958 3367 ,
1989 3330 2038 3360 ⁰21
2059 3329 2164 3360 ouem
2180 3329 2295 3371 ἅνθρω-

1286 3400 1339 3419 ππν
1355 3387 1436 3418 ὄντα.
