2513 3871
415 228 508 289 494

413 321 576 375 periculo
593 322 749 360 eximere
768 324 885 360 Aaron
896 351 907 369 ,
922 333 992 360 non
1008 321 1088 360 Heli
1106 350 1118 372 ,
1136 334 1205 360 non
1223 320 1369 360 beatum

210 395 304 426 Num.
316 403 350 425 ιε
366 395 397 426 3.
413 389 517 428 illum
534 389 668 436 virum,
683 396 845 427 sanctum
863 417 875 438 ‚
893 387 1102 441 prophetam
1113 418 1125 438 ,
1139 388 1342 427 mirabilem
1355 417 1368 441 ,

210 459 385 531 find-33·
412 455 644 495 mitissimum
670 454 832 494 omnium
868 455 930 507 qui
960 464 1060 494 erant
1087 470 1196 508 super
1225 464 1370 505 terram,

411 588 474 640 qui
491 587 539 626 ab
556 587 655 627 illius
681 589 814 629 virtute
834 598 973 629 tantum
995 590 1169 629 absumus
1184 620 1196 641 ,
1219 590 1306 630 satis
1323 590 1371 629 ad

410 655 653 695 defensionem
682 671 757 696 esse
793 659 949 710 poterit,
968 657 1066 710 quod
1101 658 1204 697 nobis
1238 657 1371 698 conscii

411 721 537 771 simus,
548 737 611 762 nos
626 723 835 776 hujusmodi
849 739 980 764 munus
996 725 1095 764 nullo
1111 724 1230 764 studio
1250 740 1372 765 conse·

412 798 543 842 quutos
561 804 636 829 esse
653 807 660 827 :
676 806 758 830 cum
774 791 930 831 maxime
951 791 1073 831 mult'oe
1098 807 1143 831 ex
1161 791 1371 845 hujusmodi

412 857 701 897 ordinationibus
720 873 787 897 non
815 859 940 898 divina
959 859 1073 911 gratia
1098 859 1205 907 fiant,
1225 858 1286 897 sed
1306 859 1372 897 ho·

349 959 358 965 .
414 924 556 963 minum
575 925 706 965 studio.
722 925 855 966 ,ludam
867 928 962 965 Deus
976 926 1142 978 elegit,et
1155 926 1190 965 in
1207 935 1368 964 sanctum

415 991 524 1031 illum
543 992 692 1032 eborum
712 994 907 1047 cooptavit,
923 1004 1029 1046 atque
1051 994 1119 1046 ipsi
1137 993 1370 1047 apostolicam

414 1057 628 1110 dignitatem
653 1069 692 1099 ut
711 1061 858 1113 reliquis
887 1061 1061 1108 tradidit;
1080 1061 1152 1099 imo
1181 1059 1370 1113 quidpiam

212 1133 308 1160 loun.
332 1138 379 1160 ιε.
414 1126 497 1180 plus
509 1127 726 1179 deditquam
737 1128 829 1177 aliis,
846 1128 1076 1181 pecuniarum
1088 1140 1215 1179 nempe
1228 1126 1372 1178 dispen-

210 1171 243 1201 δ’
413 1193 598 1233 sationem.
617 1195 715 1241 Quid
737 1195 877 1246 igitur?
892 1208 936 1232 ειη
957 1193 1042 1246 quia
1059 1203 1210 1244 utroque
1226 1205 1373 1230 munere

412 1269 532 1298 contra
553 1275 660 1312 quam
676 1260 799 1298 debuit
819 1274 906 1299 usus
929 1269 981 1299 est
998 1289 1008 1307 ,
1027 1274 1109 1298 cum
1130 1273 1210 1298 eum
1229 1288 1238 1306 ,
1261 1271 1370 1310 quem

411 1325 681 1379 praedicandum
700 1335 930 1379 susceperat,
957 1325 1141 1378 prodidit,
1161 1334 1195 1363 et
1218 1323 1370 1362 creditas

411 1395 580 1447 pecunias
610 1395 703 1433 male
739 1393 941 1448 impendit,
964 1394 1184 1447 supplicium
1204 1393 1331 1445 effugit
1351 1393 1370 1429 Ρ

411 1460 517 1498 Certe
536 1459 602 1498 hoc
619 1459 843 1513 potissimum
869 1458 1013 1498 nomine
1031 1459 1178 1511 gravius
1201 1458 1285 1497 inde
1299 1459 1369 1497 sibi

409 1528 631 1581 supplicium
641 1527 921 1580 attraxit3idque
933 1528 1012 1580 jure
1029 1527 1166 1565 merito.
1179 1526 1258 1564 Non
1275 1526 1370 1565 enim

411 1608 433 1632 a
450 1595 527 1633 Deo
555 1594 708 1647 acceptis
737 1594 936 1633 honoribus
959 1593 1004 1632 ad
1031 1595 1108 1646 ejus
1139 1593 1370 1632 offensionem

413 1661 586 1700 utendum
598 1671 661 1712 est,
673 1661 732 1701 sed
751 1662 798 1701 ad
814 1663 845 1701 ei
863 1663 976 1715 magis
988 1660 1215 1715 placendum.
1226 1661 1292 1700 llle
1310 1675 1370 1700 ve-

413 1743 458 1769 ro
471 1760 481 1778 ,
498 1729 582 1781 quia
596 1730 730 1782 majore
743 1729 913 1782 dignatus
926 1730 1074 1774 honore,
1087 1728 1176 1767 dum
1191 1738 1303 1780 rogat,
1315 1728 1372 1767 de·

413 1798 532 1837 bitum
549 1797 617 1836 sibi
635 1797 854 1850 supplicium
874 1798 1032 1849 effingere
1045 1810 1148 1850 posse
1160 1797 1371 1849 liceat‚per-

417 1866 502 1905 inde
520 1868 595 1918 agit
613 1866 694 1904 acsi
718 1866 801 1917 quis
820 1879 864 1904 ex
888 1865 1085 1904 incredulis
1111 1865 1248 1905 Judaeis
1260 1864 1372 1902 Chri-

213 1941 295 1969 Jnnn
313 1937 380 1991 ρεἴ».
418 1942 514 1972 stum
533 1931 683 1970 audiens
710 1932 902 1980 dicentem,
920 1932 1008 1969 ,Nisi
1036 1933 1245 1978 venissem,
1264 1939 1298 1968 et
1316 1931 1374 1968 lo-

216 1990 265 2010 ²²'
287 1990 336 2019 ²¹⁸
418 2001 731 2054 quntussuissem
751 2003 805 2037 eis
822 2029 832 2048 ,
845 2008 1046 2052 peccatum
1064 2013 1142 2036 non
1157 2000 1341 2037 haberent
1357 2015 1374 2047 ;

418 2077 455 2107 et
471 2071 547 2106 m‘st'
560 2070 672 2120 signa
684 2069 859 2119 jecissem
877 2067 1039 2117 eis,qua²
1056 2065 1189 2103 nullus
1203 2065 1307 2103 alius
1317 2066 1378 2118 fe-

428 2143 549 2180 cerat,
565 2143 762 2184 peccatum
780 2147 856 2170 non
875 2133 1078 2181 haberent,
1093 2133 1320 2170 Servatorem
1335 2145 1377 2170 ac

423 2201 623 2239 beneficum
644 2199 820 2237 incusaret
839 2198 896 2237 his
925 2198 1045 2237 verbis
1062 2214 1069 2235 :
1087 2199 1163 2237 Cur
1183 2197 1310 2236 venisti
1335 2212 1377 2237 ac

420 2269 590 2321 loquutus
602 2268 662 2306 es?

677 2282 741 2305 cur
755 2268 856 2318 signa
872 2267 982 2305 fecisti
996 2297 1008 2316 ,
1024 2276 1062 2304 ut
1076 2267 1210 2317 majore
1221 2280 1283 2304 nos
1294 2280 1379 2319 sup-

419 2336 528 2389 plicio
541 2335 728 2374 afficeres?
741 2333 811 2373 Sed
835 2334 968 2373 suroris
995 2348 1036 2372 ac
1061 2347 1208 2372 summm
1227 2333 1377 2371 insaniae

419 2410 502 2439 sunt
519 2401 592 2439 haec
609 2400 730 2438 verba.
747 2398 910 2437 Medicus
926 2400 1022 2438 enim
1037 2413 1106 2437 non
1121 2407 1160 2436 ut
1178 2407 1211 2436 te
1225 2397 1378 2437 damna-

420 2476 473 2505 ret
499 2467 685 2517 venit‚scd
711 2476 749 2505 ut
766 2476 926 2514 cut-areu
946 2481 1015 2505 non
1032 2476 1071 2505 ut
1087 2476 1120 2505 te
1145 2476 1377 2519 aegrotantem

419 2535 632 2588 despiceret,
655 2533 716 2573 sed
748 2543 786 2572 ut
803 2534 927 2572 morbo
947 2534 1087 2588 penitus
1119 2534 1303 2574 liberaret.
1325 2536 1378 2573 Te

419 2612 538 2641 autem
559 2602 654 2640 ultro
673 2601 750 2654 ejus
771 2600 938 2638 manibus
957 2601 1183 2639 summovisti
1201 2616 1209 2638 :
1226 2601 1374 2653 gravius

420 2669 531 2721 igitur
548 2668 767 2722 supplicium
787 2667 925 2705 subeas.
948 2666 1264 2716 Quemadmodum
1281 2669 1376 2707 enim

419 2737 447 2775 si
469 2736 641 2775 curationi
660 2744 692 2773 te
708 2734 942 2780 subdidisses,
960 2750 978 2773 a
997 2734 1159 2787 pristinis
1170 2734 1274 2774 malis
1290 2735 1377 2774 libe-

390 2813 403 2830 ·
422 2804 550 2842 rareris
567 2819 575 2840 :
592 2803 642 2841 sic
661 2801 744 2854 quia
767 2810 974 2854 prmsentem
989 2801 1147 2853 effugisti
1164 2832 1174 2850 ,
1191 2815 1260 2840 non
1282 2802 1377 2840 ultra

422 2871 553 2922 poteris
562 2870 621 2908 illa
632 2870 844 2920 abstergere,
857 2882 1010 2919 cumque
1022 2882 1090 2906 non
1107 2868 1235 2921 possis,
1248 2868 1377 2908 borum

424 2950 545 2988 poenas
561 2935 684 2983 dabis;
705 2944 739 2973 ct
764 2935 847 2986 quia
870 2944 1207 2986 vannm,quantum
1223 2950 1327 2989 penes
1346 2946 1379 2975 te

423 3002 504 3050 suit,
517 3002 592 3053 ejus
608 2999 884 3039 sollicitudinem
893 3000 1022 3050 fecisti,
1038 2999 1117 3039 ideo
1137 3016 1207 3040 non
1225 3016 1346 3055 parem
1363 3033 1375 3049 ,

425 3085 531 3122 quam
549 3080 628 3109 aute
648 3070 818 3109 collatum
837 3084 857 3107 a
880 3069 954 3107 Deo
979 3069 1148 3108 honorem
1163 3100 1173 3118 ,
1194 3069 1257 3108 sed
1274 3069 1380 3122 longo

426 3137 624 3186 graviorem
637 3135 831 3175 cruciatum
846 3135 1049 3174 sustinebis.
1060 3135 1203 3174 Etenim
1215 3136 1259 3183 is,
1272 3151 1380 3188 quem

428 3203 598 3243 beneficia
614 3211 754 3253 accepta
785 3202 969 3241 meliorem
1002 3216 1070 3242 non
1105 3202 1281 3254 reddunt,
1298 3204 1381 3256 jure

477 3381 487 3394 ⁸·
516 3369 574 3401 Atii
592 3374 648 3411 γάρ
667 3369 744 3402 οὗτοι
762 3375 813 3402 τοῦ
829 3377 915 3402 fleca.
936 3368 1025 3401 lusi-n
1042 3370 1143 3413 aliqui
1161 3369 1242 3406 ἠλεί.

481 3433 493 3447 ·
521 3421 582 3454 Alii
600 3428 803 3463 «inunum.

848 238 885 268 S.
922 238 998 268 JOA
1009 238 1109 269 NMS
1144 237 1386 269 CHRYSOST.

1395 570 1421 599 A

1401 2234 1425 2265 C

1425 239 1634 270 ARCHIEP·
1672 239 2029 271 CONSTANTINOP-

1443 322 1546 373 μένος
1563 324 1627 362 οὗκ
1646 323 1848 371 ἀπήλαυσαν
1875 324 2030 375 ἀγαθῶν.
2048 321 2159 376 Ὁρᾷς
2181 325 2229 367 ὡς
2246 325 2285 362 οὗ
2308 329 2380 370 τοῖς
2402 324 2464 380 ἃρ-

1442 385 1592 430 πάζουσι
1612 384 1742 437 μόνον,
1772 385 1851 425 ἀλλ’
1880 386 1956 425 οὐδὲ
1981 390 2054 429 τοῖς
2083 386 2123 423 ἐκ
2149 387 2213 431 τῆς
2243 388 2313 424 τῶν
2338 385 2467 439 ἐτέρων

1444 447 1598 493 σπουδῆς
1626 446 1684 485 ἐπὶ
1710 451 1812 486 τοῦτο
1838 446 2060 498 ἐρχομένοις,
2085 445 2244 485 λείπεταί
2273 462 2327 490 τις
2355 448 2393 485 ἐν
2417 441 2467 491 οἷς

412 521 681 573 quasiamicum
697 535 778 561 cum
793 523 869 561 Deo
884 522 1143 576 colloquentem
1159 523 1239 562 :vix
1254 522 1370 571 nobis,
1384 533 1431 560 ⁴⁰⁴
1445 506 1486 545 ἃ*
1514 506 1710 546 πταίσωσιν
1741 508 1926 559 ἀπθλογία·
1947 506 2068 546 Ὅπου
2092 507 2188 559 ’γὰρ
2220 509 2253 546 οἱ
2282 511 2345 546 τῶ
2376 508 2469 547 Θωῧ

1443 572 1720 622 χειροτονοῦντος
1750 567 2058 620 παραιτησάμενοι
2096 567 2266 611 πολλάκις
2294 566 2468 614 τοσαύτην

1444 631 1582 668 ἔδωκαν
1595 629 1719 676 δίκην,
1740 629 1800 667 καὶ
1820 628 1917 668 οὐδὲν
1951 628 2096 680 ἴσχυσεν
2122 628 2298 673 ἐξελέσθαι
2315 632 2376 667 τοῦ
2395 643 2468 668 κεν·

1444 690 1543 729 δύνου
1571 690 1694 729 τούτου
1723 690 1802 729 οὔτε
1822 689 1881 728 τὸν
1909 689 2064 743 Ἀαρὼν,
2084 689 2162 729 οὔτε
2180 689 2239 728 τὸν
2266 689 2371 736 dm,
2389 688 2468 729 οὔτε

1443 753 1502 791 τὸν
1523 753 1696 803 μακάριον
1712 754 1841 792 ἐκεῖνον
1870 753 1981 804 ἄνδρα
1995 782 2004 799 ,
2023 751 2082 789 τὸν
2104 751 2222 802 ἅγιον,
2241 750 2301 790 τὸν
2326 751 2470 804 προφή-

1443 830 1506 861 τ-ην
1518 844 1527 862 ,
1544 815 1602 853 τὸν
1621 815 1842 864 θαυμαστὸν,
1859 814 1918 852 τὸν
1944 819 2050 865 πρᾶον
2074 813 2230 864 μάλιστα
2242 812 2384 851 πάντων
2400 815 2471 851 τῶν

1443 876 1503 914 ἐπὶ
1521 877 1585 921 τῆς
1601 877 1684 926 γῆς,
1713 875 1771 913 τὸν
1795 877 1842 919 ὡς
1861 876 1959 926 φίλον
1987 875 2163 913 λαλοῦντα
2191 876 2242 928 τῷ
2260 875 2364 926 Θεῷ,
2382 887 2471 926 σχο-

1443 937 1488 988 λῇ
1508 952 1546 988 γε
1567 939 1653 987 ἡμῖν
1681 942 1752 979 τοῖς
1787 940 1948 975 τοσοῦτον
1973 936 2161 974 ἀποδέουσι
2179 939 2242 982 τῆς
2261 936 2389 987 ἀρετῆς
2407 936 2472 981 τῆς

1442 997 1574 1042 ἐκείνω
1599 998 1787 1044 δυνήσεται
1818 998 1904 1050 πρὸς
1933 997 2125 1048 ἀπολογίαν
2156 996 2304 1048 α’ρκέσαι
2322 996 2363 1035 τὸ
2388 1010 2471 1035 συν-

1443 1058 1572 1097 ειδέναι
1602 1060 1736 1102 ἑαυτοῖς
1764 1059 1872 1109 μηδὲν
1898 1059 1987 1110 ὑπὲρ
2006 1058 2137 1105 ταύτης
2156 1057 2390 1096 ἐσπουδακόσι
2408 1058 2472 1103 τῆς

1443 1120 1573 1170 ἀρχῆς·
1598 1119 1658 1157 καὶ
1678 1119 1833 1169 μάλιστα
1859 1119 1916 1158 ὅτε
1938 1119 2068 1157 πολλαὶ
2094 1119 2225 1156 τούτων
2250 1121 2321 1156 τῶν
2347 1131 2471 1170 χειρο-

1443 1181 1567 1216 τονιῶν
1599 1179 1660 1217 οὖκ
1689 1180 1758 1218 ἀπὸ
1776 1182 1839 1224 τῆς
1871 1179 1966 1223 Θείας
1995 1178 2173 1230 γίγνονται
2191 1179 2358 1232 χάριτος,
2379 1177 2472 1216 α’λλᾶ

1445 1240 1505 1277 καὶ
1534 1240 1604 1277 ἀπὸ
1631 1242 1695 1285 τῆς
1723 1242 1793 1277 τῶν
1826 1240 2018 1292 ἀνθρώπων
2051 1242 2217 1286 σπουδῆς.
2246 1241 2319 1279 Τὸν
2337 1239 2472 1279 Ἰούδαν

1445 1302 1464 1337 ὁ
1482 1299 1573 1343 Θεὸς
1600 1299 1796 1346 ἐξελέξατο,
1819 1300 1880 1338 καὶ
1911 1301 1960 1344 εἷς
1987 1301 2046 1338 τὸν
2075 1301 2172 1351 ἅγιον
2207 1302 2336 1339 ἐκεῖνον
2367 1299 2473 1339 κατέ·

1396 1364 1419 1395 Β
1443 1359 1520 1404 λεξε
1534 1359 1637 1413 χορὸν
1651 1390 1660 1407 ,
1676 1360 1735 1399 καὶ
1762 1360 1826 1407 τὴν
1840 1361 2078 1407 ἀποστολικῆν
2094 1361 2191 1406 ἀξίαν
2209 1360 2298 1412 μετὰ
2314 1363 2385 1399 τῶν
2397 1361 2474 1398 λοι-

1443 1423 1519 1460 πῶν
1537 1420 1748 1474 ἐνεχείρισεν
1761 1437 1769 1446 ·
1789 1422 1898 1460 ἔδωκε
1930 1421 1967 1459 δέ
1987 1437 2022 1459 τι
2047 1422 2107 1460 καὶ
2132 1424 2202 1460 τῶν
2231 1421 2346 1460 ἄλλων
2365 1420 2472 1460 πλέον

1446 1484 1541 1534 αὐτῷ
1558 1511 1568 1528 ,
1607 1482 1671 1528 τὴν
1718 1485 1787 1521 τῶν
1823 1482 2018 1535 χρημάτων
2055 1482 2269 1533 οἰκονομίαν.
2309 1480 2354 1521 Τί
2391 1475 2474 1530 oiim

1445 1547 1567 1594 ἐπειδὴ
1598 1546 1733 1591 τούτοις
1769 1548 1979 1600 ἀμφοτέροις
1998 1547 2161 1591 ἐναντίως
2178 1546 2384 1599 ’ἐχρήσατο
2411 1547 2474 1585 καὶ

1444 1610 1481 1648 ὃν
1511 1609 1697 1656 ἐπιστεύθη
1741 1609 1924 1660 κηρύττειν
1967 1608 2169 1659 προῦδωκε,
2209 1608 2270 1647 καὶ
2302 1607 2325 1646 ἃ
2356 1608 2473 1651 καλῶς

1444 1672 1588 1709 διοικεῖν
1605 1670 1822 1722 ἐνεχειρίσθη
1835 1700 1844 1717 ,
1863 1673 1976 1708 ταῦτα
1997 1670 2157 1717 ἀνήλωσε
2177 1671 2314 1717 κακῶς,
2333 1667 2472 1722 ἐξέφυγε

1444 1732 1509 1778 τὴν
1535 1732 1728 1784 τιμωρίαν;
1749 1733 1803 1771 Δι’
1822 1731 1907 1769 αὐτὸ
1927 1731 1991 1782 μὲν
2015 1725 2074 1770 οὖν
2099 1734 2203 1770 τοῦτο
2221 1731 2281 1769 καὶ
2300 1731 2472 1783 χαλεπω-

1444 1793 1548 1846 τέραν
1579 1795 1692 1845 ἑαυτῷ
1726 1792 1789 1840 τὴν
1824 1791 1925 1839 δίκην
1955 1793 2168 1844 εἰργάσατο·
2197 1791 2259 1829 καὶ
2299 1793 2397 1842 μάλα
2432 1808 2473 1843 γε

1445 1854 1600 1898 εἰκότως.
1635 1856 1688 1893 Οὐ
1714 1854 1783 1906 γὰρ
1817 1856 1864 1898 εἰς
1894 1854 1935 1892 τὸ
1968 1856 2019 1906 τῷ
2049 1856 2133 1907 Θεῷ
2162 1853 2392 1907 προσκρούειν
2422 1854 2473 1893 δεῖ

1447 1919 1735 1968 κατακεχρῆσθαι
1756 1921 1832 1959 ταῖς
1860 1915 1958 1967 παρὰ
1984 1918 2078 1954 Θεοῦ
2107 1914 2305 1966 διδομέναις
2334 1921 2474 1966 τιμαῖς,

1448 1980 1525 2017 ἀλλ’
1557 1980 1602 2022 εἷς
1634 1978 1674 2016 τὸ
1703 1978 1837 2028 μᾶλλον
1871 1975 2033 2028 ἀρέσκειν
2069 1977 2175 2028 αὐτῷ.
2199 1975 2245 2014 ‘0
2273 1975 2333 2022 δὲ,
2351 1977 2474 2024 ἐπειδὴ

1447 2041 1553 2078 πλέον
1586 2038 1798 2090 τετίμηται,
1833 2037 1891 2076 διὰ
1920 2043 2026 2077 τοῦτο
2059 2037 2162 2082 ἀξιῶν
2196 2040 2410 2091 ἀποφυγεῖν,
2439 2039 2474 2077 ἐν

1449 2095 1498 2145 οἷς
1529 2101 1569 2139 ἂν
1604 2101 1812 2144 κολάζεσθαι
1847 2098 1927 2150 δέῃ,
1946 2100 2197 2150 παραπλήσιον
2233 2105 2327 2138 ποιεῖ
2354 2098 2477 2152 ὥσπερ

1448 2163 1488 2200 ἂν
1516 2163 1547 2201 εἴ
1568 2179 1620 2207 τις
1646 2162 1705 2200 καὶ
1734 2164 1803 2199 τῶν
1833 2161 1991 2200 ἀπίστων
2026 2160 2206 2199 Ἰουδαίων
2233 2160 2386 2204 ἀκούσας
2414 2165 2475 2200 τοῦ

1449 2226 1600 2277 Χριστοῦ
1615 2223 1795 2275 λέγοντος,
1814 2222 1867 2260 ὅτι
1897 2223 1939 2260 Εἰ
1956 2221 2005 2272 μὴ
2026 2216 2133 2268 ἦλθον
2151 2220 2212 2259 καὶ
2231 2221 2388 2269 ἐλάλησα
2407 2223 2475 2260 αὐ-

1449 2291 1542 2332 τοῖς,
1583 2284 1759 2336 ἁμαρτίαν
1787 2285 1850 2322 οὐκ
1887 2277 2000 2336 εἶχον·
2023 2282 2083 2321 καὶ
2115 2283 2144 2320 εἰ
2182 2282 2231 2333 μὴ
2264 2282 2309 2322 τὰ
2344 2289 2477 2333 σημεῖα

1450 2346 1585 2385 ἐποίουν
1606 2348 1640 2385 ἐν
1672 2347 1803 2392 αὐτοῖς,
1824 2344 1846 2382 ἃ
1877 2344 1998 2395 μηδεὶς
2026 2343 2131 2387 ἄλλος
2150 2342 2338 2391 ἐποίησεν,
2359 2344 2476 2396 ἆμαρ·

1449 2408 1528 2446 τίαν
1556 2410 1617 2446 οὐκ
1647 2402 1760 2460 εἶχον,
1791 2406 1958 2458 ἐγκαλοίη
1977 2408 2028 2458 τῷ
2049 2406 2192 2457 Σωτῆρι
2219 2405 2280 2443 καὶ
2310 2404 2474 2460 εὐεργέτῃ

1449 2471 1580 2520 λέγων·
1596 2470 1630 2508 τί
1649 2470 1717 2520 γὰρ
1742 2469 1854 2521 ἤρχου
1880 2468 1941 2506 καὶ
1971 2466 2124 2513 ἐλάλεις;
2145 2466 2180 2504 τί
2200 2466 2237 2504 δὲ
2263 2466 2391 2511 ἐποίεις
2409 2482 2472 2514 ση-

1452 2537 1555 2581 μεῖα,
1573 2530 1630 2568 ἵνα
1655 2530 1821 2580 μειζόνως
1845 2532 1940 2579 ἡμᾶς
1958 2528 2135 2580 κολάσῃς;
2157 2527 2260 2566 Ἀλλὰ
2280 2527 2407 2577 μανίας
2430 2527 2474 2565 τὰ

1451 2592 1594 2644 ῥήματα
1624 2594 1755 2637 ταῦτα,
1777 2592 1836 2628 καὶ
1862 2593 1924 2636 τῆς
1955 2589 2109 2640 ἐσχάτης
2138 2586 2399 2640 παραπληξίας.
2429 2588 2475 2628 'O

1449 2653 1517 2704 γὰρ
1535 2652 1649 2703 ἰατρὸς
1664 2652 1730 2704 οὐχ
1747 2651 1804 2690 ἵνα
1825 2667 1864 2689 σε
1884 2650 2075 2701 κατακρίνῃ
2094 2644 2211 2697 ἦλθεν,
2233 2650 2324 2689 ἀλλὰ
2342 2651 2475 2700 μᾶλλον

1450 2714 1672 2767 θεραπεύσων
1683 2727 1691 2734 ·
1703 2714 1768 2764 οὐχ
1786 2713 1841 2750 ἵνα
1858 2727 1895 2750 σε
1916 2716 2081 2750 νοσοῦντα
2095 2711 2224 2762 παρίδῃ
2238 2741 2248 2756 ,
2266 2711 2346 2750 ἀλλ’
2361 2710 2418 2751 ἵνα
2436 2728 2476 2752 σε

1449 2773 1635 2825 ἀπαλλάξῃ
1653 2777 1715 2821 τῆς
1733 2773 1834 2812 νόσου
1850 2772 1978 2812 τέλεον.
1997 2771 2047 2810 Σὺ
2067 2772 2102 2810 δὲ
2125 2771 2250 2810 σαυτὸν
2272 2771 2360 2810 ἕκὼν
2389 2774 2476 2811 ἀπε-

1450 2835 1622 2888 στέρησας
1641 2836 1710 2872 τῶν
1731 2835 1862 2873 ἐκείνου
1881 2836 2008 2886 χειρῶν
2022 2848 2030 2856 ·
2058 2833 2162 2885 δέχου
2177 2832 2292 2871 τοίνυν
2309 2834 2477 2885 χαλεπω·

1449 2897 1554 2948 τέραν
1573 2895 1636 2942 τὴν
1659 2895 1853 2947 τιμωρίαν.
1876 2894 2017 2945 Ὥσπερ
2042 2894 2111 2945 γὰρ
2139 2895 2168 2931 εἰ
2197 2887 2289 2938 εἶξας
2307 2896 2351 2945 τῇ
2371 2896 2475 2946 θερα-

1450 2958 1554 3011 πεία,
1575 2958 1635 2996 καὶ
1664 2960 1732 2995 τῶν
1750 2956 1930 3008 προτέρων
1950 2956 1991 2993 ἂν
2019 2955 2229 3005 ἀπηλλάγης
2253 2957 2396 3002 κακῶν,
2415 2953 2477 2993 οὗ·-

1450 3036 1517 3063 τως
1547 3018 1668 3065 ἐπειδὴ
1697 3017 1979 3069 παραγενόμενον
2014 3016 2094 3054 ἰδὼν
2128 3016 2277 3067 ἔφυγες,
2301 3013 2393 3054 ὀὒκ
2424 3014 2477 3054 (τι

1451 3080 1690 3133 ἀπονίψασθαι
1722 3083 1833 3117 ταῦτα
1872 3078 2024 3128 δυνήσῃ,
2059 3076 2108 3128 μὴ
2143 3078 2332 3128 δυνάμενος
2351 3075 2387 3115 δέ
2416 3076 2477 3114 καὶ

1451 3143 1583 3182 τούτων
1603 3141 1723 3182 δώσεις
1737 3141 1802 3186 τὴν
1821 3140 2014 3191 τιμωρίαν·
2038 3139 2096 3177 καὶ
2122 3140 2196 3176 ἀνθ’
2222 3132 2271 3176 ὧν
2294 3138 2389 3189 αὐτῷ
2409 3152 2477 3188 μα·

1451 3204 1554 3243 ταίαν
1579 3204 1643 3250 τὴν
1673 3201 1826 3248 σπουδὴν
1855 3201 2044 3249 ἐποίησας,
2065 3200 2104 3238 τό
2129 3214 2169 3250 γε
2201 3199 2304 3252 μέρος
2322 3198 2363 3238 τὸ
2391 3199 2450 3238 σὸν
2467 3228 2477 3246 ,

1523 3372 1538 3395 ¹·
1563 3370 1623 3403 Atii
1642 3374 1735 3404 ojnfr'
1755 3376 1789 3403 ἂν
1806 3375 1891 3404 dnov-
