2549 3825
607 256 666 284 AD
703 255 942 285 STAGtutuM
986 256 1011 283 A
1050 255 1248 284 DEMONE
1288 257 1520 286 VEXATUM.
1563 257 1648 287 [ΑΒ.
1689 257 1751 287 ΙΠ.
2099 243 2190 306 259

155 342 214 381 καὶ
233 341 352 393 μαθὼν
367 339 500 382 πάντας
517 338 626 391 ἄρδην
650 337 846 385 ἀπώλεσεν,
864 338 902 374 οὗ
922 338 979 375 τὸν
1003 341 1145 390 ἠμαρτη
1158 360 1166 366 -

154 402 240 440 κότα
260 401 362 453 μόνον
379 429 392 450 ,
420 399 510 438 ἀλλὰ
535 398 596 437 καὶ
623 404 797 451 συγγενεῖς
825 398 886 436 καὶ
916 398 1086 448 οἰκείους,
1109 399 1169 436 καὶ

153 466 222 502 τῶν
254 461 462 514 θρεμμάτων
495 460 535 499 τὸ
565 461 719 506 πλῆθος,
755 459 841 510 ὅπερ
873 460 939 511 οὖχ
967 460 1015 502 ὡς
1047 459 1168 510 ἔτυχεν

154 526 247 575 αὐτῷ
277 522 340 569 τὴν
370 521 486 574 ψυχὴν
516 519 727 572 διετάραξεν.
760 521 806 558 Εἰ
834 519 903 572 γὰρ
935 522 1038 570 ἡμεῖς
1064 521 1168 557 ἀλλο-

151 583 265 637 τρίους
282 584 431 634 ὁρῶντες
453 582 704 632 κολαζομένους
730 580 805 620 οὐδὲ
833 582 915 619 ἰδεῖν
947 580 1144 632 ἀνεχόμεθα
1159 609 1170 629 ,

152 645 185 684 τί
203 646 264 684 οὔκ
280 643 320 682 ἂν
339 643 464 682 ἔπαθεν
482 645 610 686 ἐκεῖνος
623 642 702 686 τοὺς
722 641 915 694 ὁμοφύλους
933 641 994 680 καὶ
1013 657 1167 694 συστρα-

152 705 279 748 τιώτας
310 703 477 747 τοιούτοις
499 702 721 756 περιὸάλλων
751 707 896 750 κακοῖς;
924 702 960 740 τί
991 701 1026 740 δὲ
1053 705 1075 748 ἡ
1100 705 1169 740 τῶν

153 765 387 805 Γαὸαωνιτῶν
407 765 526 812 ἀπάτη
552 764 612 803 καὶ
632 768 654 811 ἡ
676 763 845 816 γενομένη
862 763 954 802 κατὰ
971 765 1040 802 τῶν
1058 763 1169 816 πέραν

152 830 212 866 τοῦ
227 825 402 878 Ἰορδάνου
426 825 713 871 κατοικησάντων
741 826 858 876 φυλῶν
883 824 1042 877 ὖποψία;
1069 824 1104 863 τί
1133 823 1170 863 δὲ

151 888 191 926 τὸ
202 887 367 937 πολέμοις
382 886 441 924 καὶ
454 885 587 938 μάχαις
599 884 939 938 συναναστρέφεσθαι
959 886 1147 929 διαπαντός
1160 902 1170 933 ;

152 948 210 986 καὶ
224 947 327 986 ποίαν
344 946 383 985 ἂν
405 948 536 999 ἀφῆκεν
558 949 592 986 ἓν
607 946 823 985 καταστάσει
847 945 963 999 ψυχὴν
983 947 1168 998 γενέσθαι;

152 1010 196 1048 Εἰ
223 1009 290 1061 γὰρ
315 1008 375 1046 καὶ
401 1011 506 1046 νικῶν
528 1007 697 1055 διετέλει,
722 1009 799 1046 ἀλλ’
819 1007 913 1057 ὅμως
927 1007 991 1055 τὴν
1013 1007 1083 1045 ἀπὸ
1099 1011 1167 1046 τῶν

150 1070 325 1121 τροπαίων
361 1068 488 1117 ἡδονὴν
527 1073 549 1116 ἡ
589 1071 658 1108 τῶν
696 1068 996 1121 περιλειπομένων
1031 1069 1170 1122 φροντὶς

151 1129 380 1182 συνετάραττε
397 1159 408 1178 ,
433 1130 492 1168 καὶ
520 1134 542 1177 ἡ
566 1133 635 1169 τῶν
660 1122 800 1182 κλήρων
824 1129 860 1169 δὲ
889 1130 1037 1181 διανομὴ
1058 1129 1168 1169 πολὺν

152 1191 216 1241 μὲν
233 1191 358 1239 πόνον,
373 1191 506 1236 πολλὰς
525 1191 560 1230 δὲ
581 1197 749 1244 παρεῖχεν
771 1192 867 1245 αὐτῷ
885 1191 947 1235 τὰς
967 1192 1166 1236 δυσκολίας.

152 1253 223 1292 Καὶ
247 1253 361 1292 ἴσασιν
389 1253 464 1292 ὅσοι
486 1253 546 1292 καὶ
564 1252 628 1299 τὴν
650 1256 824 1305 τυχοῦσαν
845 1252 965 1292 οὐσίαν
993 1254 1172 1305 διανεῖμαι

153 1314 351 1366 ἐτάχθησαν
372 1315 531 1366 ἀδελφοῖς
551 1314 573 1361 ἢ
590 1321 661 1358 τοῖς
684 1314 849 1367 ἑτέρωθεν
868 1314 1061 1366 γινομένοις
1079 1317 1172 1362 κλη-

154 1375 311 1425 ρονόμοις
336 1374 439 1419 τινός.
472 1375 548 1418 Τὰς
579 1374 648 1428 γὰρ
681 1374 758 1421 ἑξῆς
786 1379 844 1414 τοῦ
875 1376 960 1414 λαοῦ
994 1376 1174 1430 συμφορὰς

153 1436 229 1474 οὐδὲ
256 1429 355 1487 οἶμαι
379 1437 448 1474 δεῖν
471 1435 596 1488 λέγειν·
623 1438 661 1474 οὐ
680 1435 748 1488 γὰρ
769 1436 801 1474 εἴ
826 1452 877 1480 τις
909 1437 1074 1489 ὀδυνηρὸν
1100 1437 1173 1488 βίον

154 1499 312 1550 διήγαγε,
331 1498 514 1551 πρόκειται
533 1502 591 1536 νῦν
613 1499 744 1546 εἰπεῖν,
769 1498 848 1536 ἀλλ’
872 1498 902 1536 εἴ
927 1514 979 1542 τις
998 1501 1068 1537 τῶν
1088 1499 1174 1550 σφό-

154 1560 219 1610 δρα
232 1559 512 1611 εὖηρεστηκότων
531 1562 582 1611 τῷ
601 1560 695 1610 Θεῷ.

210 1790 362 1844 Ριόπερ,
392 1793 423 1828 εἷ
449 1792 557 1838 δοκεῖ,
576 1791 635 1829 τὸν
656 1791 739 1829 Ἠλὶ
760 1791 1009 1842 παρέλθωμεν·
1030 1791 1173 1842 καὶγὰρ

154 1846 249 1896 οἶτος
262 1855 331 1890 τῶν
345 1851 675 1904 προσκεκρουκότων
695 1851 769 1890 ἐστὶ
791 1851 847 1890 διὰ
865 1851 929 1898 τὴν
951 1854 1019 1890 τῶν
1037 1850 1172 1889 παίδων

155 1912 299 1960 κακίαν,
321 1915 452 1963 μᾶλλον
476 1913 512 1950 δὲ
532 1913 589 1951 διὰ
608 1913 672 1961 τὴν
693 1915 800 1951 αὐτοῦ
822 1913 1009 1965 ῥᾳθυμίαν.
1033 1916 1086 1952 Οὐ
1105 1913 1172 1965 γὰρ

155 1973 208 2012 ὅτι
232 1973 403 2026 πονηροὺς
422 1967 495 2025 εἶχε
513 1975 642 2018 παῖδας
661 1973 846 2018 ἐκολάζετο
860 2004 870 2022 ,
891 1975 968 2012 ἀλλ’
998 1974 1052 2012 ὅτι
1082 1975 1173 2027 πέρα

155 2039 214 2073 τοῦ
232 2035 366 2078 δέοντος
378 2033 544 2087 φειδωλὸς
559 2029 617 2082 ἦν,
631 2035 690 2073 καὶ
702 2039 774 2079 τοῖς
787 2040 846 2074 τοῦ
861 2037 955 2074 Θεοῦ
969 2035 1086 2086 νόμοις
1097 2038 1174 2074 ἐνυ-

156 2093 369 2148 ὅριζομένοις
387 2097 448 2133 οὐκ
463 2095 606 2145 ἤμυνεν·
627 2095 716 2146 ἅπερ
730 2095 789 2133 καὶ
807 2096 908 2139 αὖτὸς
923 2096 1069 2135 συνιδὼν
1085 2098 1173 2147 μετὰ

158 2155 219 2202 τὴν
238 2155 388 2208 σφοδρὰν
405 2156 552 2202 ἀπειλὴν
572 2155 668 2207 ἔλεγε
681 2172 689 2179 ·
710 2156 837 2210 Κύριος
857 2157 958 2200 αὐτὸς
971 2157 1010 2195 τὸ
1030 2159 1174 2211 ἀρεστὸν

157 2217 303 2255 ἐνώπιον
326 2219 431 2256 αὐτοῦ
458 2217 614 2264 ποιήσει.
649 2218 714 2256 Διὸ
740 2218 781 2264 δὴ
802 2221 922 2256 τοῦτον
945 2220 1174 2270 παρελθόντες

155 2278 310 2329 ἔλθωμεν
323 2277 381 2317 ἐπὶ
397 2279 455 2316 τὸν
473 2278 658 2328 Σαμουὴλ,
673 2278 708 2322 ὃς
723 2278 854 2332 ἐτράφη
873 2280 935 2330 μὲν
951 2282 989 2318 ἐκ
1004 2281 1126 2324 παιδὸς
1140 2284 1173 2319 ἐν

155 2343 204 2392 τῷ
225 2343 296 2393 ναῷ
311 2368 320 2386 ,
339 2340 520 2390 ηὐδοκίμει
540 2340 576 2378 δὲ
598 2340 785 2384 διαπαντὸς
813 2341 962 2380 ἐνώπιον
982 2346 1041 2380 τοῦ
1059 2346 1171 2382 (9505-

155 2401 328 2448 τοσαύτην
352 2401 388 2438 δὲ
413 2403 451 2439 ἐκ
470 2399 613 2453 πρώτης
634 2401 772 2447 ἡλικίας
795 2402 993 2446 ἐπεδείξατο
1007 2403 1072 2450 τὴν
1095 2407 1174 2456 ἀρε-

155 2460 232 2508 τὴν,
248 2463 294 2504 ὡς
308 2460 389 2512 πρὶν
407 2463 453 2503 εἷς
469 2460 594 2513 ἄνδρας
613 2462 722 2500 ἐλθεῖν
743 2468 813 2505 τοῖς
833 2466 1044 2514 θαυμαστοῖς
1058 2467 1175 2516 ἐγκρι-

156 2525 257 2568 θῆναι
269 2520 476 2572 προφήταις,
497 2521 556 2559 καὶ
572 2526 683 2560 ταῦτα
702 2527 762 2561 τοῦ
780 2523 988 2575 πράγματος
1005 2526 1175 2564 ἐπιλελοι-

155 2580 259 2625 πότος
277 2581 368 2620 τότε.
388 2583 442 2620 Οὐ
462 2581 529 2635 γὰρ
544 2577 599 2629 ἦν,
617 2582 740 2634 φησὶν,
761 2582 879 2635 ὅρασις
899 2584 1150 2624 διαστέλλουσα
1163 2617 1172 2634 ,

157 2642 215 2680 καὶ
235 2644 331 2694 ῥῆμα
346 2642 460 2693 τίμιον
473 2637 529 2690 ἦν.
550 2637 662 2687 Οὗτος
680 2643 720 2691 δὴ
738 2637 796 2682 οὖν
813 2648 830 2683 ὁ
849 2645 1034 2694 Σαμουὴλ,
1053 2650 1071 2685 ὃ
1086 2647 1174 2697 μετὰ

156 2705 293 2743 πολλῶν
307 2704 463 2756 δακρύων
476 2705 625 2757 τεχθεὶς,
641 2709 779 2758 πρῶτον
801 2706 863 2757 μὲν
877 2711 965 2760 ὁρῶν
977 2710 1099 2748 ἑαυτοῦ
1117 2710 1174 2749 τὸν

157 2764 363 2804 διδάσκαλον
384 2765 504 2818 ἐκείνῳ
522 2768 572 2819 τῷ
598 2769 737 2819 ἐλεεινῷ
757 2769 991 2820 ἀπενεχθέντα
1018 2770 1174 2823 θανάτῳ,

157 2825 244 2864 οὕτω
257 2825 425 2878 συνεχύθη
444 2826 503 2864 καὶ
523 2828 715 2880 ἐταράχθη,
729 2831 775 2871 ὡς
790 2830 880 2873 εἰκὸς
895 2830 1097 2882 εὐγνώμονα
1111 2849 1175 2882 μα-

158 2886 263 2935 θητὴν
279 2887 338 2926 καὶ
353 2887 589 2940 φιλόστοργον.
608 2891 708 2928 Μετὰ
724 2890 759 2929 δὲ
774 2893 876 2929 τοῦτο
890 2892 948 2930 καὶ
958 2892 1019 2936 τὰς
1031 2895 1174 2932 Ἰουδαϊ-

1193 702 1217 733 C

1198 1445 1222 1474 D

1200 2359 1223 2388 E

1188 2929 1234 2952 21¹2

1242 346 1358 376 terra.
1383 339 1486 378 Talia
1506 348 1663 378 orantem
1677 338 1824 378 audiens
1842 340 1938 378 Deus
1957 353 2098 378 causam
2116 340 2189 385 illi,

1241 412 1305 436 cur
1319 400 1474 451 superati
1489 400 1640 450 fuerant,
1655 401 1796 453 aperuit
1813 418 1823 440 ε
1845 415 1952 452 quam
1967 401 2029 439 ille
2045 415 2125 440 cum
2138 401 2192 440 di·

1240 458 1401 509 dicisset,
1419 461 1578 513 perdidit
1595 475 1665 500 una
1683 475 1818 510 omnes,
1836 476 1906 500 non
1925 476 2008 502 eum
2027 462 2090 514 qui
2109 477 2193 515 pec-

1241 530 1381 558 caverat
1399 522 1529 571 solum,
1553 522 1615 561 sed
1639 531 1806 574 cognatos
1824 537 1965 574 quoque
1986 532 2019 561 et
2037 524 2193 576 propin-—

1241 592 1331 629 quos
1358 594 1570 632 omnemque
1598 582 1770 620 familiam
1790 597 1872 620 cum
1895 597 2061 634 pecorum
2076 584 2195 622 multi·

1242 639 1379 677 tudine.
1401 641 1445 680 Id
1460 652 1577 680 autem
1594 643 1690 681 haud
1707 657 1837 695 parum
1855 643 1952 680 illius
1970 645 2196 696 perturbavit

1241 700 1415 739 animum.
1434 703 1527 740 Nam
1542 704 1571 741 si
1590 717 1652 742 nos
1668 717 1751 742 cum
1768 703 1902 741 alienos
1916 717 2056 755 quoque
2075 706 2196 756 puniri

1242 761 1433 809 cernimus,
1447 775 1490 800 ne
1509 763 1630 802 videre
1647 763 1792 814 quidem
1809 763 2015 811 toleramus,
2032 765 2124 815 quid
2135 766 2197 804 ille

1242 834 1313 859 non
1335 835 1462 874 passus
1483 832 1555 873 est,
1575 824 1637 875 qui
1656 824 1873 863 contribules
1887 833 1920 862 et
1940 824 2198 864 commilitones

1242 881 1349 920 tantis
1369 882 1550 921 afficiebat
1564 884 1698 922 malis?
1718 884 1818 933 Quid
1831 894 1950 922 autem
1970 885 2196 924 Gabaonita-

1243 956 1323 979 rum
1339 943 1437 981 fraus
1455 943 1689 994 tribuumque
1706 954 1803 983 trans
1821 946 2014 986 Jordanem
2026 945 2198 985 habitan-

1243 1003 1336 1041 tium
1364 1003 1538 1056 suspicio,
1570 1004 1658 1055 quid
1690 1015 1858 1057 perpetua
1886 1006 2063 1044 bellorum
2094 1016 2200 1058 atque

1244 1076 1446 1116 pugnarum
1467 1064 1672 1102 exercitatio
1685 1065 1703 1102 Ξ)
1717 1079 1824 1115 quem
1844 1065 1910 1104 ista
1929 1075 2060 1104 statum
2088 1067 2199 1105 animi

1245 1138 1315 1162 non
1331 1125 1568 1163 evertissent?
1588 1125 1665 1163 Etsi
1685 1125 1779 1163 enim
1794 1126 1958 1164 vincebat
1972 1127 2119 1178 jugiter,
2137 1128 2198 1167 vi·-

1246 1184 1366 1237 ctoriae
1391 1194 1509 1224 tamen
1533 1185 1755 1238 voluptatem
1778 1186 2002 1237 reliquorum
2022 1187 2201 1226 bellorum

1246 1259 1331 1284 cura
1349 1246 1561 1295 offuscabat,
1582 1247 1805 1297 sortiumque
1818 1246 2027 1286 distributio
2043 1263 2201 1287 summos

1247 1306 1302 1344 illi
1331 1306 1470 1344 labores
1500 1306 1731 1358 ingentesque
1762 1307 1993 1346 difficultates
2027 1308 2201 1361 pariebat.

1248 1368 1388 1406 Norunt
1403 1367 1468 1405 ista
1483 1367 1545 1417 qui
1557 1367 1614 1406 vel
1626 1367 1811 1405 minimam
1830 1368 2065 1406 substantiam
2081 1369 2202 1407 fratri-

1248 1427 1334 1474 bus,
1355 1435 1415 1464 aut
1436 1427 1658 1478 quibuslibet
1681 1427 1835 1479 alicujus
1862 1428 2056 1467 heredibus
2076 1429 2200 1468 distri·

1248 1488 1427 1526 buendam
1464 1497 1705 1540 susceperunt.
1744 1489 1862 1527 Plebis
1895 1499 2014 1528 autem
2048 1491 2203 1542 reliquas

1248 1549 1414 1601 deinceps
1440 1549 1657 1587 calamitates
1690 1563 1754 1587 nec
1785 1550 1986 1589 referendas
2019 1551 2200 1590 existimo.

1250 1611 1373 1660 Neque
1399 1610 1494 1647 enim
1513 1618 1563 1647 est
1584 1610 1758 1662 propositi
1785 1611 1895 1649 nostri
1922 1625 2100 1651 aerumnas
2124 1614 2204 1651 sin-

1251 1669 1417 1722 gulorum
1435 1683 1634 1718 numerare,
1651 1669 1712 1708 sed
1742 1684 1865 1709 eorum
1886 1681 2023 1711 tantum
2046 1673 2109 1725 qui
2128 1675 2204 1713 Deo

1249 1729 1446 1768 admodum
1470 1730 1645 1781 placuere.

1304 1791 1340 1827 6.
1373 1790 1548 1839 Quocirca
1565 1819 1575 1839 ,
1605 1790 1636 1828 si
1665 1789 1824 1840 videtur,
1853 1791 1933 1831 Heli
1970 1794 2200 1847 omittamus,

1248 1851 1381 1903 quippe
1392 1860 1426 1889 et
1437 1851 1466 1889 is
1479 1866 1542 1903 per
1555 1851 1711 1889 filiorum
1725 1853 1828 1900 vitia,
1843 1853 1915 1892 imo
1930 1869 2012 1893 vero
2027 1870 2089 1906 pcr
2101 1870 2204 1895 suam

1249 1912 1502 1963 negligentiam
1528 1912 1677 1951 offendit
1700 1914 1829 1951 Deum.
1855 1914 1978 1965 Neque
2003 1916 2097 1954 enim
2123 1917 2205 1956 ideo

1250 1972 1348 2023 quod
1367 1973 1479 2010 malos
1498 1973 1645 2011 haberet
1667 1973 1761 2011 filios
1779 1975 2015 2026 puniebatur,
2036 1977 2099 2015 sed
2119 1979 2204 2028 quia

1250 2035 1344 2071 ultra
1368 2032 1531 2072 debitum
1557 2035 1791 2088 increpationi
1818 2047 2041 2089 pepercerat,
2065 2049 2098 2078 et
2123 2054 2205 2078 cum

1250 2094 1316 2133 Dei
1329 2094 1423 2146 leges
1440 2095 1680 2144 violarentur,
1697 2096 1854 2135 severius
1872 2097 1908 2135 in
1925 2098 2003 2136 illos
2019 2099 2116 2138 ultus
2135 2114 2205 2139 non

1251 2165 1314 2194 est.
1331 2157 1444 2208 Cujus
1463 2157 1512 2195 rei
1530 2166 1563 2194 et
1585 2157 1662 2210 ipse
1678 2157 1747 2196 sibi
1768 2159 1930 2197 conscius
1948 2170 2029 2212 post
2048 2161 2205 2213 ingentes

1252 2217 1331 2255 illas
1351 2218 1465 2256 minas
1479 2218 1596 2256 aiebat
1615 2234 1622 2255 :
1642 2219 1836 2257 Dominus
1852 2222 1932 2270 ipse
1943 2223 2048 2272 quod
2061 2225 2202 2261 bonum
2221 2253 2249 2274 ι,
2272 2242 2348 2278 RQ·-
2375 2244 2406 2275 3·

1251 2288 1307 2316 est
1330 2281 1371 2316 in
1392 2280 1514 2317 oculis
1534 2282 1613 2318 suis
1621 2280 1768 2333 saciet,
1794 2280 1847 2318 Eo
1867 2281 1986 2332 itaque
2005 2284 2136 2322 omisso
2157 2285 2202 2323 ad
2225 2286 2274 2314 ¹⁸·

1251 2340 1453 2379 Samuelem
1470 2340 1667 2378 veniamus.
1684 2340 1719 2378 Is
1731 2354 1750 2377 a
1766 2355 1877 2392 puero
1893 2343 2049 2381 nutritus
2067 2344 2102 2382 in
2117 2354 2203 2383 teui-
2258 2357 2402 2384 Samen<

1251 2400 1312 2452 plo
1332 2401 1407 2437 Deo
1425 2414 1563 2452 semper
1579 2414 1681 2438 carus
1695 2409 1726 2438 et
1747 2401 1971 2450 gratissimus
1985 2403 2067 2451 suit,
2085 2413 2202 2443 tanta-
2218 2399 2405 2466 m‘f¹‘¹:¹¹s¹'¹⁰

1250 2475 1319 2512 que
1331 2460 1472 2498 virtutis
1487 2460 1617 2498 indicia
1631 2475 1650 2497 a
1666 2460 1779 2512 prima
1791 2461 1910 2498 statim
1921 2471 2020 2500 aetate
2033 2466 2200 2515 praetulit,
2215 2486 2297 2508 nm,

1252 2531 1290 2559 ut
1305 2530 1491 2572 autequam
1511 2519 1555 2558 ad
1574 2520 1694 2558 viriles
1713 2535 1821 2558 annos
1840 2521 2002 2559 evaderet
2023 2523 2114 2562 inter
2128 2526 2201 2563 mi-

1252 2582 1380 2620 rabiles
1409 2581 1599 2633 propbetas
1625 2581 1897 2625 iuscribcrctur,
1921 2582 2027 2632 idque
2052 2598 2133 2622 cum
2161 2600 2200 2623 ea

1252 2657 1306 2681 res
1324 2653 1406 2680 tuuc
1424 2642 1590 2680 ‹lest-cisse
1609 2642 1753 2679 omniuo
1772 2641 1965 2680 videretur.
1989 2645 2079 2681 Non
2098 2648 2200 2684 enim
2221 2664 2352 2701 [neg-3
2377 2673 2403 2691 ¹,

1252 2713 1347 2750 erae,
1365 2704 1492 2756 inquit,
1505 2706 1605 2742 ‘visio
1620 2704 1856 2745 discernens.
1870 2712 2028 2752 cratque
2040 2708 2200 2745 ·1·crl›um

1249 2769 1469 2817 pretiosum.
1489 2765 1552 2801 llic
1568 2778 1651 2813 crgo
1665 2763 1821 2806 Sinum-¹.
1836 2765 1896 2814 qui
1913 2775 1989 2816 pust
2003 2766 2133 2804 multas
2147 2767 2201 2805 la-

1252 2841 1393 2879 crymas
1415 2835 1516 2864 nutus
1536 2827 1669 2869 siu-rut,
1691 2824 1846 2876 priunum
1869 2825 2013 2875 quidem
2039 2841 2121 2866 cum
2143 2829 2200 2866 iu-

1253 2898 1409 2925 tum-cun·
1424 2887 1629 2937 iinzngistrmu
1641 2886 1674 2923 iu
1688 2895 1834 2923 mortem
1851 2886 1948 2924 illum
1962 2887 2200 2927 miserabilem

160 2947 446 2998 κὰςήναγκάζετο
462 2953 614 3002 συνεχῶς
626 2955 760 3003 θρηνεῖν
773 2954 963 3006 συμφοράς.
979 2957 1025 2993 Οἱ
1045 2955 1080 2993 δὲ
1098 2962 1175 2994 παῖ-
1201 2965 1226 2995 Α
1252 2949 1454 2993 devectum,
1472 2948 1516 2985 ita
1533 2948 1698 2984 confusus
1713 2947 1991 2996 .·1tqm·1urbatus
2004 2957 2069 2992 cst.
2090 2958 2126 2986 ut
2142 2949 2201 2986 tle-

159 3008 212 3051 δες
232 3011 335 3048 αὐτοῦ
355 3010 469 3049 ἄδικοι
487 3011 581 3055 ὄντες
599 3012 657 3050 καὶ
679 3015 864 3065 μοχθηροὶ,
886 3016 944 3053 καὶ
963 3018 1010 3059 εἷς
1029 3016 1176 3068 ἔσχατον

160 3069 324 3120 πονηρίας
343 3071 556 3122 ἐλαύνοντες,
571 3073 684 3125 τούτῳ
702 3090 741 3112 τε
763 3074 908 3115 ἐλύπουν
929 3077 1030 3115 αὐτὸν
1051 3078 1110 3116 καὶ
1128 3081 1176 3131 τῷ

162 3129 210 3178 μὴ
227 3130 393 3170 δύνασθαι
410 3133 672 3184 κληρονομῆσαι
689 3138 750 3181 τῆς
762 3136 882 3188 ἐκείνῳ
897 3140 1176 3190 παρασχεθείσης

163 3194 279 3241 τιμῆς.
305 3193 448 3240 Ταύτην
476 3194 675 3246 διαδέχεται
694 3195 758 3243 τὴν
780 3198 931 3247 ἀθυμίαν
947 3226 956 3242 ,
982 3201 1115 3248 μᾶλλον
1142 3201 1176 3239 δὲ

164 3251 239 3291 οὐδὲ
259 3253 475 3306 διαδέχεται,
496 3257 534 3293 οὗ
553 3255 621 3308 γὰρ
634 3257 824 3303 ἐπαύσατο,
847 3258 936 3296 ἀλλὰ
956 3261 1178 3311 προστίθεται

165 3312 272 3364 ταύτῃ
292 3317 314 3360 ἡ
337 3317 399 3360 τ’ῆς
418 3318 486 3353 τῶν
512 3315 741 3367 Ἰσραηλιτῶν
760 3319 929 3365 αἰτήσειιις
952 3323 1154 3372 παρανομία
1170 3353 1178 3367 ,

166 3369 245 3408 ἔνθα
261 3370 349 3409 οὕτω
371 3373 575 3420 κατέπεσεν,
595 3375 642 3418 ὡς
661 3375 719 3412 καὶ
740 3377 995 3426 παρακλήσεως
1015 3381 1179 3426 δεηθῆναι

167 3429 308 3474 πολλῆς.
332 3429 496 3470 Ἄκουσον
520 3425 578 3470 οὖν
607 3433 638 3470 τί
654 3449 756 3484 φησιν
783 3437 876 3487 αὐτῷ
893 3439 910 3474 ὁ
926 3437 1033 3480 Θαίς·
1055 3439 1108 3475 Οὐ
1142 3440 1175 3477 οὲ

1252 3011 1351 3048 eelmt
1384 3018 1522 3060 gratum
1553 3007 1780 3056 amicumque
1805 3007 2041 3058 diseipuhuu.
2079 3009 2201 3047 Pus-{ea

1252 3072 1421 3110 .luduicus
1443 3070 1658 3107 calamitates
1679 3069 1762 3106 llere
1782 3069 1985 3119 cogebatur.
2010 3070 2117 3108 l‘orm
2137 3072 2203 3109 lilii

1255 3133 1377 3185 ipsius,
1395 3146 1475 3168 cuin
1498 3130 1610 3180 iniqui
1627 3139 1659 3166 et
1676 3129 1759 3166 mali
1777 3138 1888 3166 esseut
1902 3160 1911 3173 ,
1933 3139 2040 3180 utque
2059 3131 2104 3169 ad
2127 3132 2203 3169 cul-

1255 3207 1333 3231 men
1354 3191 1548 3241 iniquitatis
1563 3189 1817 3241 pervenissent,
1831 3199 1864 3227 et
1884 3190 1949 3227 boe
1965 3191 2041 3243 ipso
2054 3206 2204 3230 utu-mre

1256 3255 1357 3293 illum
1377 3251 1578 3289 alliciebant
1592 3281 1602 3295 ,
1624 3260 1656 3288 et
1677 3251 1773 3301 quml
1793 3251 1863 3289 silui
1892 3252 2041 3304 praestiti
2062 3253 2205 3291 lionoris

1257 3315 1401 3352 heredes
1415 3326 1487 3351 esse
1502 3327 1570 3350 ιιυιι
1586 3321 1738 3364 possent.
1762 3313 1937 3351 snm-‚wit
1954 3313 2034 3351 Ιιιιίι·
2051 3316 2206 3358 iun-mri,

1258 3379 1328 3414 imo
1345 3391 1424 3412 ιἰϊυ
1438 3388 1506 3413 uon
1524 3373 1704 3415 suecessit,
1722 3388 1802 3411 cunt
1819 3374 1917 3425 prior
1938 3374 2093 3412 ιιιιιιιίιιιιι
2110 3377 2206 3425 quie-

1261 3438 1381 3482 vim-t,
1401 3435 1459 3474 sed
1481 3435 1641 3486 adjectus
1661 3443 1710 3473 est
1729 3434 1837 3479 alius,
1859 3436 2096 3474 israelitarum
2117 3437 2208 3473 mli-

1932 3490 1994 3526 17.
