2549 3825
909 247 969 276 AD
1006 247 1285 276 THEODORUM
1322 246 1499 276 LAPSUM
1509 266 1518 275 .

231 331 332 371 θόντα
353 332 425 369 ἐκεῖ
443 333 676 381 μετανοῆσαι·
693 328 802 372 οὐδεὶς
822 328 987 375 ἀθλητὴς,
1003 327 1144 365 ἐπειδὰν
1159 326 1252 370 ἐξέλ-

229 396 271 444 θῃ
292 392 332 431 τὸ
349 391 499 439 στάδιον,
521 391 580 430 καὶ
596 390 612 411 ‘¹
627 393 712 440 λυθῇ
732 390 772 428 τὸ
792 389 946 441 θέατρον,
964 387 1127 427 παλαίειν
1148 387 1249 426 δύνα-

226 469 300 491 ται.
325 454 450 491 Ταῦτα
469 453 523 491 ἀεὶ
544 452 694 503 λογίζου,
711 450 772 489 καὶ
798 450 862 497 τὴν
881 449 995 494 ὀξεῖαν
1020 454 1080 488 τοῦ
1098 454 1250 500 πονηροῦ

228 513 408 566 μάχαιραν
424 512 623 565 σύντριψον,
642 513 686 550 δι’
707 505 748 557 ἧς
765 510 916 554 πολλοὺς
932 513 1077 562 ἀναιρεῖ.
1095 509 1192 556 Αὕτη
1214 508 1252 547 δέ

225 576 320 612 ἐστιν
340 577 361 620 ἦ
384 574 581 624 ἀπόγνωσις
595 603 604 619 ,
629 572 651 618 ἣ
678 570 756 614 τοὺς
775 569 1060 618 καταὲληθέντας
1087 569 1250 608 ἐκκόπτει

225 638 287 681 τῆς
308 634 456 677 ἐλπίδος.
472 633 630 686 Ἰσχυρὸν
653 635 754 670 τοῦτο
778 635 838 670 τοῦ
855 634 980 683 ἐχθροῦ
1000 631 1039 669 τὸ
1055 631 1173 679 ὅπλον,
1190 629 1250 668 καὶ

224 695 301 740 τοὺς
324 695 468 738 ἁλόντας
497 694 623 745 ἑτέρως
649 694 687 731 οὗ
717 691 881 743 κατέχει,
915 693 991 730 ἀλλ’
1017 691 1040 738 ἢ
1059 690 1170 743 τούτῳ
1193 692 1249 729 δε-

224 757 361 807 σμεύων
375 758 424 807 τῷ
441 757 572 807 δεσμῷ,
586 755 621 793 ὃν
639 753 697 792 ἐὰν
713 754 900 803 ἐθέλωμεν,
911 754 1004 791 Θεοῦ
1018 753 1138 805 χάριτι
1156 753 1251 803 διαῤ-

225 817 328 869 ῥῆξαι
351 817 569 867 δυνησόμεθα
594 815 744 867 ταχέως.
773 808 866 853 Οἶδα
885 814 925 852 τὸ
954 814 1078 866 με’τρον
1107 813 1250 858 ἐξελθὼν

222 882 286 924 τῆς
304 879 503 924 ἐπιστολῆς,
524 877 614 915 ἀλλὰ
636 881 650 897 ‘³
670 876 860 928 σύγγνωθι·
890 879 928 914 οὗ
949 876 1018 930 γὰρ
1040 875 1127 915 ἑκὼν
1149 879 1252 914 τοῦτο

223 939 363 985 ἔπαθον,
381 941 456 977 ἀλλ’
474 939 541 977 ὑπὸ
559 942 620 985 τῆς
637 938 776 990 ἀγάπης
795 938 854 976 καὶ
875 937 990 985 λύπης
1008 937 1250 988 ἀναγκασθεὶς,

222 1001 266 1039 δι’
287 1001 328 1047 ἣν
346 999 406 1038 καὶ
421 998 550 1046 ταύτην
567 999 767 1050 ἐδιασάμην
784 998 933 1047 ἐμαυτὸν
951 998 1084 1051 γράψαι
1101 998 1163 1045 τὴν
1179 1001 1253 1036 ἐπι-

222 1059 373 1108 στολὴν,
402 1062 541 1098 πολλῶν
571 1059 797 1098 κωλυόντων·
825 1064 959 1097 παῦσαι
983 1062 1250 1110 ματαιοπονῶν,

221 1121 282 1161 καὶ
305 1121 397 1160 κατὰ
417 1123 553 1173 πετρῶν
581 1121 746 1172 σπείρων,
774 1120 892 1172 ἔλεγόν
919 1137 978 1171 μοι
997 1120 1132 1159 πολλοί.
1154 1121 1252 1173 Ἐγὼ

222 1182 259 1221 δὲ
279 1183 412 1226 οὐδενὸς
426 1178 438 1202 s
455 1182 608 1229 ἤκουσα’
630 1182 728 1226 ἐλπὶς
755 1182 838 1234 γὰρ,
863 1181 947 1234 ἔφην
967 1182 1054 1234 πρὸς
1078 1182 1227 1233 ἐμαυτὸν
1241 1212 1250 1229 ,

223 1246 317 1283 Θεοῦ
337 1244 507 1292 θέλοντος,
527 1243 663 1283 ἀνύσειν
682 1261 716 1282 τι
733 1243 777 1282 τὰ
796 1243 991 1296 γράμματα
1006 1259 1014 1267 ·
1035 1246 1065 1282 εἶ
1085 1244 1141 1292 δὲ,
1165 1244 1251 1296 ὅπερ

223 1305 472 1358 ἄπευχόμεθα,
492 1305 667 1357 συμὸαίη,
692 1310 710 1333 g
728 1308 777 1358 τῷ
805 1309 887 1357 γοῦν
919 1308 1052 1349 ἑαυτοῖς
1073 1305 1175 1357 σιγὴν
1202 1306 1250 1356 μὴ

223 1367 388 1406 δύνασθαι
408 1369 566 1417 ἐγκαλεῖν
585 1368 832 1419 κερδανοῦμεν,
851 1366 911 1404 καὶ
930 1369 993 1404 οὔκ
1014 1366 1164 1416 ἐσόμεθα
1181 1370 1250 1404 τῶν

224 1427 288 1475 τὴν
311 1428 489 1466 θάλασσαν
510 1427 686 1466 πλεόντων
710 1427 867 1479 χείρους,
889 1426 922 1465 οἳ
943 1426 1022 1471 τοὺς
1043 1428 1252 1479 ὁμοτέχνους

224 1490 305 1528 ὅταν
326 1489 451 1539 ἴδωσι,
473 1493 535 1536 τῆς
564 1489 645 1536 νηὸς
674 1489 742 1527 ὑπὸ
765 1491 834 1527 τῶν
863 1488 1073 1539 πνευμάτων
1095 1489 1154 1527 καὶ
1181 1493 1250 1528 τῶν

223 1551 389 1601 κυμάτων
410 1549 650 1597 διαλυθείσης,
674 1550 730 1588 ἐπὶ
752 1550 888 1593 σανίδος
908 1549 1139 1602 φερομένους,
1155 1550 1250 1589 ἱστία

223 1611 438 1658 καθελόντες,
459 1610 519 1648 καὶ
543 1609 694 1662 ἀγκύρας
710 1610 942 1662 χαλάσαντες,
960 1610 1020 1647 καὶ
1039 1613 1087 1653 εἷς
1107 1610 1249 1649 ἀκάτιον

223 1671 406 1723 ἐμὸάντες,
421 1670 621 1724 ἀνθρώπους
636 1670 846 1722 ἀγνώστους,
864 1672 932 1709 ἀπὸ
947 1671 981 1708 δὲ
997 1673 1058 1717 τῆς
1072 1679 1250 1724 συμφορᾶς

223 1731 497 1784 γινωσκομένους
527 1731 650 1782 μόνον,
670 1731 852 1775 διασώζειν
879 1733 1126 1783 ἐπιχειροῦσιν.
1150 1734 1195 1770 Εἰ
1215 1732 1251 1771 δὲ

225 1793 274 1846 μὴ
296 1794 474 1845 βούλοιντο
491 1794 628 1840 ἐκεῖνοι,
643 1796 658 1812 ³
675 1793 784 1837 οὐδεὶς
801 1792 840 1830 ἂν
859 1796 973 1830 αὐτῶν
993 1796 1055 1839 τῆς
1073 1793 1250 1837 ἀπωλείας

223 1854 301 1899 τοὺς
315 1855 609 1908 ἐπιχειρήσαντας
623 1856 735 1892 σῶσαι
749 1854 959 1893 αἰτιάσαιτο.
970 1856 1093 1892 Ταῦτα
1106 1854 1150 1893 τὰ
1163 1855 1249 1907 παρ’

223 1918 344 1968 ἡμῶν·
364 1915 573 1966 πιστεύομεν
594 1914 628 1952 δὲ
648 1914 701 1952 ὅτι
719 1917 811 1954 Θεοῦ
830 1915 952 1967 χάριτι
969 1915 1192 1968 ὓπάρξεικαὶ
1207 1915 1253 1955 τὰ

223 1976 320 2029 παρὰ
336 1979 411 2024 σοῦ,
430 1976 491 2014 καὶ
504 1976 609 2015 πάλιν
630 1992 668 2014 σε
689 1976 954 2028 διαπρέποντα”
976 1977 1067 2015 κατὰ
1086 1977 1148 2024 τὴν
1172 1976 1251 2029 ἀγέ-

222 2041 288 2087 λην
305 2038 460 2091 ὀψόμεθα
479 2041 538 2076 τοῦ
560 2039 729 2090 Χριστοῦ.
748 2037 974 2090 <Υγιαίνοντοί
993 2054 1032 2076 σε
1053 2038 1115 2086 τὴν
1136 2041 1249 2086 ἀληθῆ

225 2100 375 2152 ὑγίειαν,
404 2105 528 2138 θᾶττον
557 2100 797 2151 ἀπολάδοιμεν
830 2102 948 2151 εὐχαῖς
970 2100 1098 2152 ἁγίων,
1117 2094 1145 2138 ὦ
1166 2100 1249 2152 φίλη

225 2160 373 2212 κεφαλή.
394 2161 440 2199 Εἴ
467 2160 518 2204 τίς
543 2176 597 2199 σοι
617 2160 717 2211 λόγος
737 2163 839 2210 ἡμῶν
869 2163 943 2200 ἐστι
973 2161 1034 2199 καὶ
1064 2161 1113 2211 μὴ
1134 2161 1250 2208 πάντη

226 2223 288 2267 τῆς
325 2221 465 2272 μνήμης
500 2225 595 2271 ἡμᾶς
627 2220 787 2266 ἒξέὸαλες
825 2224 887 2267 τῆς
921 2224 984 2268 σῆς
998 2253 1007 2271 ,
1040 2222 1252 2274 ἀντιγράψαι

227 2280 372 2326 ἀξίωσον
392 2286 496 2333 ἡμῖν·
516 2283 607 2321 πάνυ
628 2283 696 2335 γὰρ
716 2286 810 2334 ἡμᾶς
831 2285 1011 2335 εὐφρανεῖς
1031 2285 1064 2321 ἐν
1088 2282 1212 2334 τούτῳ.

269 2714 283 2730 e
299 2704 393 2736 Unus
406 2702 519 2736 Codex
531 2707 683 2747 σύγγνωθι·
694 2708 747 2748 οὐχ
755 2707 828 2738 ἑκὼν
841 2710 879 2743 εἰς
896 2709 984 2739 τοῦτο
996 2708 1156 2750 προῆλῡον,
1167 2707 1235 2738 ἀλλ’

226 2759 282 2793 ὑπὸ
297 2765 349 2795 τῆς
361 2759 453 2794 λύπης
466 2762 515 2791 καὶ
531 2765 582 2796 τῆς
597 2763 714 2798 ἀγάπης
730 2763 936 2800 ἀναγκασθεὶς,
955 2760 991 2791 δι’
1003 2760 1036 2795 ἧς
1049 2762 1096 2791 καὶ
1112 2761 1235 2795 ταύτην.

269 2810 284 2834 s
307 2807 409 2840 Savii.
428 2815 461 2839 et
475 2820 557 2840 unus
570 2807 658 2843 Cod.
676 2815 793 2847 ἤκουον.

270 2870 284 2892 ε
307 2860 363 2892 Sic
388 2860 502 2891 Morel.
522 2868 555 2892 et
573 2872 655 2892 unus
670 2859 798 2893 Codex.
815 2858 951 2905 [Seu-ib.
971 2866 1005 2894 τὸ
1020 2861 1116 2904 γοῦν.]
1132 2860 1235 2892 savit.

226 2922 305 2944 vero
329 2917 363 2945 τὸ
380 2918 448 2952 γοῦν
464 2915 578 2950 ἑαυτοῖς
594 2918 637 2954 μὴ
654 2916 788 2955 ἐγκαλεῖν
805 2915 1017 2956 κερδανοῦμεν.
1037 2911 1126 2943 Alius
1149 2911 1236 2944 Corl.

225 2969 261 2998 τὸ
286 2967 354 3005 γοῦν
369 2967 428 2996 ἐκεῖ
447 2967 632 3005 ἐγκαλεῖσθαι
648 2968 858 3010 κερδανοῦμεν.
875 2962 967 2996 Alius
988 2970 1023 2998 τὸ
1041 2970 1108 3007 γοῦν
1123 2966 1239 3001 ἑαυτοῖς

227 3019 362 3059 ἐγκαλεῖν
385 3018 596 3060 κερδανοῦμεν.

271 3077 284 3092 ί·
307 3069 362 3101 sic
376 3066 444 3100 duo
460 3068 538 3100 Mss.
555 3068 566 3110 [
585 3079 702 3111 nempe
719 3072 810 3108 οὐδεὶς
826 3074 861 3103 ἂν
878 3071 944 3108 τοὺς
966 3072 1119 3107 ἀπωλείας
1139 3070 1244 3106 αὐτοὺς

2217 227 2242 254 Γ

1558 246 1604 276 11.
2214 246 2268 274 Q!

1324 327 1413 366 mini
1438 337 1521 366 sunt
1535 357 1545 376 ,
1575 327 1681 365 ctiam
1701 326 1737 364 in
1755 325 1823 364 hoc
1841 324 1975 363 mundo
2003 325 2222 377 superiorem
2243 328 2274 364 ei

1275 393 1301 422 D
1325 401 1419 434 esse,
1445 388 1507 439 qui
1526 401 1674 426 uxorem
1693 386 1822 424 ducit?
1839 388 2031 436 Postquam
2051 385 2138 423 illuc
2155 395 2275 424 trans-

1324 449 1432 500 gressi
1451 448 1644 493 fuerimus,
1667 447 1789 484 nullus
1807 447 2021 498 poenitentiae
2038 447 2148 484 locus.
2177 447 2274 484 Nul-

1325 509 1381 546 lus
1395 509 1526 547 athleta
1543 523 1561 547 e
1576 507 1690 546 stadio
1705 521 1879 559 egressus,
1892 516 2080 559 postquam
2097 507 2276 545 theatrum

1324 571 1481 608 solutum
1500 570 1570 608 fuit
1583 600 1595 616 ,
1615 578 1747 607 certare
1766 568 1920 620 amplius
1937 578 2064 620 potest.
2084 571 2169 607 Haec
2185 584 2277 607 sem-

1323 645 1387 682 per
1402 631 1518 682 cogita
1532 660 1542 679 ‚
1559 640 1593 668 et
1609 639 1753 668 acutum
1769 629 1917 679 maligni
1937 629 2097 679 gladium
2114 640 2255 668 contere
2268 660 2277 676 ‚

1324 705 1394 741 quo
1424 691 1499 743 ipse
1518 691 1648 729 multos
1677 689 1858 727 interficit.
1878 689 1962 726 Haec
1982 698 2032 726 est
2052 690 2250 741 desperatio
2268 719 2278 738 ‚

1323 765 1402 801 quae
1435 751 1579 803 dejectis
1613 764 1712 803 spem
1738 748 1926 801 praecidit:
1944 749 2013 786 hoc
2040 750 2203 788 validum
2229 760 2279 788 est

1324 811 1460 850 inimici
1476 813 1597 860 telum,
1613 821 1646 849 et
1659 811 1767 849 semel
1782 819 1900 862 captos
1916 824 1986 848 non
2003 810 2073 848 alio
2090 825 2197 861 quam
2211 811 2280 849 hoc

1323 874 1469 912 vinculo
1486 873 1693 911 constrictos
1702 872 1836 910 detinet
1854 871 1983 922 :quod‚
2001 871 2030 909 si
2047 872 2279 919 voluerimus,

1324 934 1393 972 cito
1409 948 1471 987 per
1485 934 1551 972 Dei
1567 934 1720 985 gratiam
1735 933 1957 984 confringere
1971 933 2179 985 poterimus
2196 933 2281 973 Scio

1325 1009 1381 1033 me
1394 996 1509 1047 justos
1528 995 1684 1047 epistolae
1704 994 1834 1032 limites
1855 993 2046 1031 excessisse
2067 1008 2076 1031 ε
2100 993 2162 1031 sed
2180 994 2282 1045 igno-

1324 1071 1394 1103 sce,
1418 1071 1487 1095 non
1504 1057 1597 1095 enim
1615 1056 1742 1093 lubens
1759 1056 1828 1093 hoc
1847 1055 1927 1106 egi,
1948 1054 2010 1092 sed
2029 1055 2160 1093 amoris
2179 1054 2283 1093 dolo-

1325 1118 1445 1169 risque
1472 1118 1511 1156 vi
1542 1116 1769 1169 compulsus:
1789 1116 1850 1154 hic
1875 1130 1932 1154 me
1955 1116 2104 1154 affectus
2124 1115 2170 1153 ad
2189 1115 2283 1153 hanc

1324 1179 1431 1218 etiam
1448 1178 1672 1217 scribendam
1690 1179 1879 1230 epistolam
1896 1176 2090 1216 necessario
2107 1176 2251 1214 induxit
2268 1207 2280 1222 ,

1325 1241 1529 1279 vetantibus
1545 1241 1628 1278 licet
1646 1239 1768 1277 multis
1783 1253 1823 1276 ac
1837 1238 2038 1277 dicentibus
2053 1254 2060 1275 :
2079 1239 2206 1276 Finem
2225 1238 2281 1275 fac

1326 1316 1416 1341 vane
1431 1300 1645 1347 laborandi,
1663 1315 1703 1338 ac
1718 1300 1756 1338 in
1771 1301 1883 1352 petris
1899 1300 2054 1338 serendi.
2072 1300 2150 1351 Ego
2167 1308 2284 1337 autem

1325 1363 1459 1400 nemini
1481 1377 1603 1400 aurem
1622 1361 1762 1414 praebui
1780 1377 1787 1397 :
1807 1362 1896 1412 Spes
1915 1361 2008 1399 enim
2028 1370 2078 1398 est
2090 1391 2100 1410 ‚
2121 1360 2285 1399 dicebam

1329 1423 1424 1475 apud
1436 1438 1503 1472 me,
1515 1424 1584 1462 Dei
1599 1437 1666 1475 ope
1679 1422 1798 1460 literas
1815 1422 1952 1473 aliquid
1967 1423 2173 1475 profuturas
2187 1435 2283 1470 esse;

1326 1484 1422 1535 quod
1448 1484 1478 1522 si
1494 1483 1552 1530 id,
1567 1483 1662 1534 quod
1678 1496 1720 1520 ne
1734 1482 1795 1520 fiat
1815 1482 2072 1536 deprecamur,
2090 1481 2259 1520 acciderit
2273 1512 2281 1529 ‚

1326 1545 1365 1583 id
1379 1546 1503 1583 saltem
1514 1544 1753 1593 lucrabimur,
1767 1554 1807 1582 ut
1822 1558 1865 1582 ne
1881 1544 2064 1581 silentium
2078 1543 2181 1581 nobis
2194 1542 2284 1580 vitio

1325 1607 1418 1645 verti
1438 1606 1547 1658 possit
1565 1621 1573 1642 ε
1594 1619 1706 1655 neque
1724 1604 1916 1642 deteriores
1934 1603 2187 1655 navigantibus
2211 1602 2286 1640 eri·

1327 1680 1424 1716 mus,
1442 1667 1601 1717 quicum
1617 1680 1689 1703 suae
1707 1666 1813 1703 sortis
1826 1664 1995 1703 homines
2010 1663 2283 1714 viderint‚quas

1326 1737 1401 1766 sata
1421 1728 1457 1766 vi
1479 1736 1670 1766 ventorum
1692 1728 1791 1777 navi,
1810 1726 1941 1765 tabulae
1959 1726 2152 1772 haerentes,
2169 1725 2284 1772 demis

1326 1789 1375 1828 sis
1393 1789 1604 1841 velis,jacta
1623 1788 1790 1836 anchora,
1804 1797 1836 1826 et
1854 1801 2041 1826 conscensa
2058 1787 2202 1839 scapha,
2216 1787 2282 1824 ho-

1323 1850 1438 1889 mines
1459 1849 1598 1901 ignotos
1611 1880 1620 1898 ‚
1642 1864 1682 1888 ac
1701 1863 1746 1887 ex
1761 1848 1927 1901 praesenti
1947 1849 2061 1886 solum
2082 1848 2285 1885 calamitate

1323 1911 1394 1950 sibi
1413 1912 1572 1963 cognitos
1591 1924 1732 1949 servare
1753 1910 1930 1948 nituntur.
1953 1909 2061 1957 Quod
2082 1910 2113 1947 si
2140 1909 2195 1946 illi
2214 1923 2283 1946 no-

1323 1973 1470 2021 luerint,
1484 1987 1586 2010 nemo
1595 1973 1740 2025 culpam
1751 1972 1916 2010 interitus
1930 1971 2074 2008 illorum
2087 1971 2122 2008 in
2142 1970 2205 2008 hos
2223 1971 2285 2021 qui

1323 2048 1466 2073 servare
1479 2033 1661 2072 tentabant
1679 2033 1879 2071 transferet.
1898 2032 1982 2069 Haec
1994 2040 2123 2070 nostra:
2139 2031 2284 2069 faculta-

1323 2096 1368 2134 tis
1387 2105 1468 2134 sunt
1486 2111 1493 2132 :
1514 2109 1698 2148 speramus
1727 2104 1846 2132 autem
1873 2103 1906 2132 te
1926 2108 1992 2146 per
2014 2093 2082 2131 Dei
2110 2093 2286 2144 gratiam,

1323 2171 1402 2208 quae
1432 2157 1469 2195 in
1499 2167 1561 2195 tua
1592 2165 1762 2209 potestate
1793 2165 1875 2194 sunt
1914 2155 2158 2208 praestiturum
2193 2169 2286 2202 esse,

1324 2219 1470 2270 foreque
1484 2228 1523 2256 ut
1538 2227 1571 2256 te
1591 2232 1733 2256 rursum
1756 2217 1944 2256 videamus
1961 2217 1996 2255 in
2020 2231 2128 2268 grege
2149 2217 2285 2255 Christi

1325 2279 1507 2319 florentem
1542 2279 1792 2330 valentemque
1819 2293 1903 2317 vcra
1927 2278 2155 2329 valetudine,
2183 2288 2288 2332 teque

1326 2340 1432 2378 citius
1452 2340 1673 2379 orationihus
1687 2349 1891 2378 sanctorum
1909 2340 2124 2391 recipiamus
2138 2371 2148 2386 ‚
2167 2355 2187 2379 o
2201 2343 2288 2381 dilc—

1327 2410 1423 2439 ctum
1452 2410 1570 2452 caput.
1591 2401 1630 2440 Si
1653 2415 1761 2452 quam
1786 2400 1899 2439 nostri
1924 2400 2099 2438 rationem
2126 2402 2257 2441 habeas
2278 2435 2283 2446 ‚

1326 2474 1440 2511 neque
1457 2461 1599 2512 penitus
1613 2473 1676 2498 nos
1691 2475 1710 2500 e
1729 2460 1899 2500 memoria
1917 2470 1976 2499 tua
1995 2462 2138 2513 ejeceris
2158 2493 2166 2504 .
2182 2464 2283 2502 uobis

1327 2520 1520 2559 rescribere
1537 2520 1696 2572 digneris
1712 2538 1721 2569 ;
1740 2521 1807 2560 hoc
1823 2521 1917 2560 cuim
1938 2522 2044 2560 modo
2063 2537 2191 2575 inagna
2218 2538 2284 2563 nos

1328 2581 1451 2620 laetitia
1471 2581 1618 2620 afficies.

1276 1065 1299 1094 E

1270 2710 1364 2748 ε’πιχ.,
1381 2716 1477 2737 nemo
1495 2716 1548 2735 cos
1575 2704 1774 2747 culpaverit,
1796 2706 1959 2748 siquidem
1983 2707 2026 2738 ab
2055 2708 2185 2739 interitu
2205 2709 2284 2740 istus

1271 2770 1399 2789 servam:
1419 2758 1610 2800 voluerint]
1628 2758 1732 2793 Savii.
1758 2768 1870 2792 autem
1891 2768 1922 2790 et
1942 2759 2055 2792 Morel.
2072 2764 2160 2799 ορδιὶς
2177 2768 2213 2795 ,ἣν
2231 2766 2282 2794 α.)-

1273 2820 1331 2845 τῶν
1360 2819 1411 2848 τῆς
1435 2814 1585 2848 ἀπωλείας
1611 2814 1675 2850 το),-
1695 2816 1941 2854 ἑπιχει,;ἠσαντας
1959 2823 2060 2847 σῶαι.
2081 2811 2091 2856 1
2110 2813 2219 2853 Quam
2238 2812 2282 2844 le-

1273 2861 1419 2894 ctionem
1441 2861 1671 2906 restituturum]

1319 2912 1454 2945 bsauit.
1486 2915 1518 2945 iu
1552 2925 1656 2954 marg.
1685 2922 1717 2946 ct
1747 2925 1830 2947 uuus
1854 2915 1968 2948 Codex
1996 2921 2075 2949 κατὰ
2102 2922 2155 2954 τὴν
2181 2931 2282 2957 rrum»

1275 2968 1397 3006 ἀγέλην.
1426 2963 1518 2995 lnsra
1542 2969 1666 3009 κεγαλή.
1687 2970 1733 2999 xxi
1752 2972 1779 2999 εἴ
1795 2981 1850 3005 τις.
1873 2967 1928 2999 sic
1952 2965 2067 2999 Mon-l.
2089 2966 2129 2998 ln
2148 2965 2281 3009 rciiqnis

1275 3015 1430 3048 omuibus
1447 3022 1495 3049 ui
1512 3015 1616 3048 deest.
