2513 3871
35 1601 117 1628 varii
144 1600 223 1628 ulu-

33 1650 69 1671 ιι,
89 1642 206 1680 gradun.

42 1911 68 1934 ¹.
85 1903 157 1931 Cur.
174 1904 222 1934 15.

250 229 336 257 102
684 228 723 256 S.
763 225 949 256 ,ΙΟᾸΝΝΙΞ
984 222 1227 254 cnan'OST.

241 309 367 358 liberi,
401 309 468 347 nisi
501 308 598 359 quod
628 317 744 361 patres
776 309 871 347 circa
901 305 1086 360 praesentis
1106 304 1192 343 vitae

241 369 426 408 commoda
455 369 644 407 insaniant.
678 369 771 407 Cum
795 369 891 407 enim
916 367 961 406 ad
994 366 1054 405 illa
1076 364 1193 404 solum

243 430 445 482 respiciant,
466 428 628 481 nihilque
645 429 718 467 illis
738 428 995 482 praeferendum
1015 434 1191 472 censeant,

240 500 273 529 et
291 505 391 529 suam
419 490 553 542 pariter
575 499 609 528 et
627 489 821 529 liberorum
841 490 997 529 animam
1018 487 1197 540 negligere

239 560 427 601 eoguntur.
447 550 520 589 llos
535 564 601 602 ego
618 560 750 603 patres,
767 552 866 604 quod
885 564 988 589 nemo
1005 559 1122 588 tamen
1140 561 1197 587 me

239 611 291 648 ira
318 620 540 650 commotum
558 610 678 650 dicere
695 611 898 661 existimet,
919 611 1078 650 filiorum
1097 609 1198 649 oeci-

238 671 380 710 soribus
399 671 638 711 sceleratiores
652 687 726 712 esse
740 672 910 712 dixerim.
929 672 985 711 llli
1005 670 1100 710 enim
1116 684 1196 710 cor-

239 746 308 784 pus
322 731 370 771 ab
387 733 506 771 anima
523 743 701 785 separant,
722 734 780 772 isti
797 743 832 772 et
849 734 1006 772 animam
1021 741 1055 771 et
1068 745 1197 785 corpus

238 793 406 845 gehennae
423 794 516 845 ignis
535 794 695 833 tradunt.
717 794 822 834 Illam
841 808 948 848 porro
965 802 1114 832 mortem
1135 806 1198 830 na-

238 854 344 893 turali
361 855 438 907 lege
453 855 574 894 subire
591 869 732 894 necesse
748 865 815 905 est,
833 856 924 894 banc
940 869 1024 893 vero
1042 855 1198 906 effugere

236 915 380 962 licebat,
396 916 463 954 nisi
478 916 593 968 ipsam
609 926 760 970 patrum
776 917 991 969 negligentia
1008 916 1196 955 intulisset.

236 975 293 1014 Ad
314 976 390 1015 baec
417 985 568 1015 mortem
594 978 754 1030 corporis
771 977 964 1016 adveniens
982 976 1197 1016 resurrectio

236 1037 308 1076 cito
326 1037 445 1077 delere
468 1038 620 1090 poterit,
646 1039 777 1078 auimae
796 1053 880 1078 vero
902 1039 1086 1078 interitum
1104 1038 1197 1077 nibil

235 1098 414 1138 solabitur
430 1115 439 1136 ε
456 1113 570 1151 neque
583 1100 678 1138 enirn
692 1101 789 1139 salus
805 1101 905 1139 illam
919 1109 1111 1153 exceptura
1130 1109 1194 1147 est,

236 1173 362 1198 verum
378 1160 598 1199 immortales
609 1161 670 1199 ille
681 1175 802 1213 poenas
818 1161 1014 1200 necessario
1024 1161 1109 1199 luet.
1126 1162 1195 1199 Ita-

237 1234 307 1271 que
322 1234 391 1259 non
410 1220 540 1272 injuria
561 1231 678 1273 patres
699 1222 907 1274 hujusmodi
925 1222 1084 1260 filiorum
1099 1221 1195 1259 occi-

238 1280 380 1319 soribus
399 1281 591 1319 deteriores
608 1296 683 1320 esse
701 1282 915 1320 dixerimus.
934 1283 1014 1320 Non
1035 1282 1084 1319 ita
1106 1295 1194 1320 cru-

235 1340 316 1380 dele
333 1342 472 1380 facinus
489 1351 563 1389 est,
579 1342 739 1393 gladium
759 1355 885 1380 acuere
903 1350 937 1380 et
950 1355 1088 1380 armare
1107 1341 1195 1379 dex-

234 1411 369 1450 teram,
397 1401 504 1453 inque
534 1404 651 1454 ipsum
682 1402 749 1440 filii
780 1411 906 1454 guttur
936 1402 1046 1440 imme
1064 1416 1190 1455 rgere,

234 1472 274 1501 ut
299 1465 456 1501 animam
476 1463 655 1516 perimere
674 1473 780 1515 atque
799 1477 1028 1516 corrumpere
1048 1479 1056 1500 ε
1082 1477 1196 1516 neque

232 1525 327 1564 enim
349 1524 434 1563 huic
454 1525 602 1563 facinori
625 1539 690 1577 par
705 1525 894 1578 quidpiam
914 1534 978 1564 cst.

287 1586 324 1625 5.
344 1584 443 1632 Quid
469 1585 578 1636 igitur
597 1587 615 1624 ?
636 1600 680 1624 an
709 1587 738 1624 is
759 1586 821 1638 qui
840 1587 1024 1626 civitatem
1044 1585 1167 1625 incolit
1185 1617 1195 1632 ,

235 1647 296 1699 qui
309 1646 459 1685 domum
474 1646 582 1685 habet
596 1655 631 1685 et
645 1661 810 1697 uxorem,
823 1648 946 1686 salvus
961 1662 1035 1686 esse
1049 1661 1118 1686 non
1131 1661 1196 1700 po-

236 1707 342 1746 terit?
362 1709 455 1747 Sane
481 1721 548 1745 non
570 1722 662 1746 unus
679 1708 805 1746 salutis
824 1709 952 1747 modus
971 1718 1046 1755 est,
1068 1722 1196 1747 verum

237 1768 342 1807 multi
361 1782 405 1806 ac
422 1768 526 1807 varii.
544 1768 651 1815 Quod
665 1769 813 1820 quidem
830 1770 995 1808 Christus
1011 1769 1198 1808 indefinite

234 1830 337 1877 dicit,
359 1829 491 1868 multas
510 1830 642 1868 scilicet
659 1844 734 1869 esse
750 1831 848 1883 apud
866 1831 1006 1868 Patrem
1034 1830 1193 1869 mansio-

238 1906 297 1930 nes
316 1892 577 1944 pronuntians;
603 1890 736 1929 Paulus
753 1905 838 1930 vero
862 1905 944 1930 cum
967 1890 1197 1929 distinctione
1221 1905 1245 1936 13

237 1953 394 2005 quadarn
425 1953 473 1991 ita
498 1951 622 1990 scribit
646 1967 654 1988 ε
679 1952 779 1990 Alia
803 1953 966 1991 claritas
986 1953 1094 1998 solis,
1114 1953 1198 1990 alia

239 2014 404 2053 claritas
434 2014 557 2060 lunoe,
589 2021 624 2050 et
657 2013 741 2050 alia
772 2014 932 2052 claritas
964 2014 1168 2052 stellarum
1185 2029 1197 2049 .-

239 2074 357 2113 5tella
370 2076 474 2112 enim
490 2088 516 2112 a
528 2073 645 2111 stella
660 2074 799 2127 dissert
817 2076 858 2112 in
873 2075 1069 2113 claritate.
1088 2074 1198 2123 Quod

239 2144 360 2173 autem
378 2134 478 2187 {dicit
496 2133 703 2185 hujusmodi
725 2143 777 2173 est
796 2151 804 2172 :
826 2135 888 2173 alii
908 2134 1055 2186 quidem
1079 2136 1198 2188 fulge-

245 2196 334 2234 bunt
349 2205 389 2234 ut
402 2196 476 2241 sol,
497 2195 558 2232 alii
577 2203 618 2232 ut
639 2195 736 2244 luna,
755 2195 818 2234 alii
835 2205 874 2234 ut
892 2197 1016 2235 stellae.
1037 2198 1108 2236 Sed
1129 2211 1198 2236 non

242 2257 301 2295 hic
327 2257 424 2295 stetit
450 2256 674 2304 differentia,
698 2256 761 2295 sed
782 2257 817 2295 in
840 2257 897 2296 his
925 2258 1013 2310 ipsis
1033 2272 1199 2310 magnam

242 2318 395 2357 ostendit
409 2333 483 2356 esse
500 2317 706 2356 varietatem
720 2349 730 2366 ‚
747 2327 953 2370 tantamque
971 2328 1142 2370 quantam
1162 2320 1199 2358 in

243 2390 339 2418 tanto
350 2380 534 2418 stellarum
551 2394 697 2418 numero
707 2381 909 2433 contingere
922 2395 987 2434 par
999 2391 1062 2421 est.
1075 2382 1201 2420 Stella

243 2445 364 2490 enim,
397 2442 536 2493 inquit,
575 2457 600 2481 a
630 2442 745 2480 stella
773 2443 914 2496 dissert
939 2445 980 2480 in
1006 2443 1200 2482 claritate.

246 2502 427 2555 l’erpende
445 2503 554 2553 igitur
570 2517 589 2540 a
610 2502 696 2541 solis
711 2503 959 2555 magnitudine
976 2502 1022 2541 ad
1038 2503 1202 2542 ultimam

245 2564 426 2602 stellarum
446 2563 653 2614 decurrens,
676 2565 711 2602 in
730 2573 816 2615 quot
832 2564 1050 2615 dignitatum
1068 2565 1202 2615 gradus

245 2624 435 2664 descendas
451 2634 624 2678 oporteat.
647 2624 838 2672 Quomodo
859 2639 927 2664 non
947 2625 1147 2664 absurdum
1165 2625 1202 2665 id

248 2687 372 2732 suerit,
393 2686 488 2737 quod
508 2686 537 2724 si
560 2686 594 2724 in
615 2686 750 2738 regiam
773 2686 890 2725 filium
911 2685 1086 2734 adducas,
1109 2687 1201 2726 nihil

249 2762 317 2785 non
335 2760 419 2797 agas
438 2757 471 2785 et
490 2747 654 2800 patiaris,
677 2748 867 2801 ipsumque
886 2747 931 2785 ad
951 2747 1045 2786 idem
1065 2748 1202 2787 sacien-

248 2809 336 2847 ‹lum
354 2808 512 2856 induem,
532 2818 570 2847 ut
588 2824 712 2862 nempe
728 2809 800 2861 regi
816 2824 836 2847 a
856 2810 964 2847 latere
983 2810 1096 2862 possit
1114 2825 1203 2859 esse,

249 2885 310 2908 nec
341 2884 379 2908 ea
412 2870 457 2908 dc
487 2886 589 2908 causa
619 2871 804 2922 quidpiam
834 2871 1077 2923 subterfugias
1092 2901 1102 2921 ,
1132 2887 1201 2911 non

248 2940 400 2977 sumtus,
426 2945 493 2969 non
512 2932 685 2983 pericula,
704 2947 771 2970 non
792 2941 940 2976 mortem
961 2931 1099 2984 ipsam;
1120 2947 1203 2972 cum

248 3002 366 3030 autem
387 2993 535 3030 cci-lestis
555 2993 679 3031 militia
698 2993 800 3031 uobis
820 2992 1076 3032 consideranda
1091 3003 1124 3033 et
1137 3009 1203 3033 ex-

250 3053 399 3106 petenda
429 3063 667 3106 proponatur,
689 3054 781 3093 nihil
802 3054 922 3093 doleas
947 3055 978 3093 si
1002 3065 1201 3095 extremum

248 3114 415 3153 sortiatur
445 3115 560 3152 locum
578 3145 588 3160 ,
618 3116 731 3166 sitque
760 3116 920 3154 omnium
951 3116 1201 3156 novissimus?

1269 223 1290 251 Α
1300 223 1476 254 aemam
1514 224 1684 255 CONSTA
1694 225 1875 257 wrmor’.

1266 306 1400 345 παίδων
1416 306 1506 357 μετὰ
1522 310 1585 353 τῆς
1602 310 1715 347 αὐτῶν
1734 311 1850 361 ψυχῆς
1867 310 2122 360 ἀναγκάζονται
2138 313 2295 363 ἀμελεῖν.

1265 366 1421 412 Τούτους
1441 367 1511 420 ἐγὼ
1528 368 1606 413 τοὺς
1631 370 1785 423 πατέρας
1802 370 1885 419 (καὶ
1901 371 2017 421 μήτις
2037 375 2147 423 Θυμοῦ
2172 374 2214 412 τὸ
2239 374 2295 412 λε·

1267 427 1413 479 γόμενον
1433 422 1522 468 εἶναι
1543 431 1739 480 νομιζέτω)
1757 433 1816 470 καὶ
1842 435 1956 470 αὐτῶν
1976 435 2046 471 τῶν
2061 433 2297 472 παιδοκτόνων

1268 489 1404 541 χείρους
1420 483 1507 528 εἶναι
1527 491 1634 542 φαίην
1654 492 1708 530 ἀν.
1725 492 1876 531 Ἐκεῖνοι
1896 492 1960 543 μὲν
1973 492 2041 544 γὰρ
2059 494 2100 532 τὸ
2115 497 2218 544 σῶμα
2234 497 2299 541 τῆς

1269 552 1384 602 ψυχῆς
1416 551 1594 590 διιστῶσιν
1608 582 1618 600 ,
1635 546 1728 590 οὗτοι
1755 553 1790 592 δὲ
1810 554 1942 599 ταύτην
1975 555 2051 604 μετ’
2069 554 2200 593 ἐκείνου
2231 554 2298 606 φέ-

1270 625 1386 665 ροντες
1402 614 1449 656 εἶς
1464 612 1527 659 τὴν
1547 616 1610 659 τῆς
1629 614 1769 664 γεέννης
1788 614 2004 664 ἐμὸάλλουσι
2024 614 2158 667 πυράν·
2177 617 2300 653 κάκεῖ-

1268 688 1324 711 νον
1345 673 1410 723 μὲν
1429 674 1565 724 ἀνάγκη
1585 675 1644 712 τὀν
1673 675 1820 713 θάνατον
1850 675 1910 713 καὶ
1944 676 2042 727 παρὰ
2070 678 2133 721 τῆς
2166 675 2301 728 φύσεως

1270 733 1429 779 δέξασθαι
1460 736 1624 783 πάντως,
1646 739 1767 774 τοῦτον
1802 736 1837 775 δὲ
1866 739 1946 783 ἐν’ἦν
1968 737 2028 775 καὶ
2050 737 2248 789 διαφυγεῖν,
2269 737 2300 775 εἴ

1270 795 1318 846 μὴ
1344 799 1366 842 ἡ
1391 799 1461 835 τῶν
1490 797 1652 848 πατέρων
1682 798 1784 836 αὐτὸν
1818 798 1972 850 ἐπήγαγε
2007 798 2172 851 ῥᾳθυμία.
2205 798 2300 851 Πρὸς

1269 857 1503 905 τούτοις,τὴν
1537 858 1599 908 μὲν
1634 864 1694 898 τοῦ
1723 859 1887 910 σώματος
1918 859 2084 906 τελευτὴν
2109 859 2301 903 ἀνάστασις

1269 920 1462 958 ἐπελθοῦσα
1490 919 1626 972 ταχέως
1656 920 1824 972 ἀφανίσαι
1856 922 2061 968 δυνήσεται·
2089 923 2153 968 τὴν
2174 919 2211 960 δὲ
2234 923 2299 968 τῆς

1267 983 1382 1033 ψυχῆς
1401 981 1579 1020 ἀπώλειαν
1610 982 1708 1021 οὐδὲν
1744 983 1795 1021 ἔτι
1827 983 2143 1037 παραμυθήσεται·
2164 985 2203 1022 οὗ
2229 982 2299 1035 γὰρ

1267 1042 1425 1094 σωτηρία
1461 1044 1567 1090 αὐτὴν
1613 1043 1813 1096 διαδέχεται
1842 1045 1964 1083 λοιπὸν
1978 1075 1988 1093 ,
2021 1046 2099 1084 ἀλλ’
2139 1044 2299 1084 ἀθάνατα

1269 1105 1404 1155 ἀνάγκη
1436 1106 1658 1149 κολάζεσθαι.
1679 1104 1794 1144 ζΏσ-ιε
1824 1108 1885 1145 οὐκ
1911 1106 2107 1149 ἀπεικότως
2124 1107 2194 1144 τῶν
2214 1121 2299 1144 παι·

1267 1166 1437 1204 δοκτόνων
1457 1165 1536 1209 τοὺς
1555 1166 1729 1209 τοιούτους
1746 1167 1901 1218 πατέρας
1919 1166 2058 1219 χείρους
2078 1167 2119 1205 ἂν
2139 1166 2298 1218 εἴποιμεν

1267 1219 1370 1263 εἶναι.
1387 1225 1479 1264 Οὐδὲ
1498 1226 1567 1276 γάρ
1585 1227 1678 1264 ἐστιν
1691 1225 1782 1265 οὕτω
1796 1227 1905 1266 δεινὸν
1927 1230 2100 1274 ἀκονῆσαι
2115 1228 2222 1279 ξίφος,
2236 1228 2300 1266 καὶ

1270 1285 1384 1329 δεξιὰν
1413 1286 1580 1334 ὁπλίσαι,
1610 1287 1670 1324 καὶ
1695 1287 1744 1330 εἷς
1763 1288 1865 1326 αὐτὸν
1898 1292 1958 1327 τοῦ
1983 1289 2108 1331 παιδὸς
2129 1288 2301 1339 βαπτίσαι

1266 1347 1324 1384 τὸν
1344 1346 1470 1396 λαιμὸν
1487 1377 1498 1395 ,
1517 1349 1565 1391 ὡς
1589 1346 1630 1385 τὸ
1659 1347 1775 1400 ψυχὴν
1803 1347 1975 1387 ἀπολέσαι
2007 1349 2068 1387 καὶ
2089 1350 2299 1402 διαφθεῖραι·

1267 1408 1397 1456 ταύτης
1414 1409 1482 1460 γὰρ
1499 1413 1586 1460 ἡμῖν
1606 1410 1680 1448 ἴσον
1697 1409 1805 1449 οὐδέν.

1319 1583 1367 1622 Τί
1400 1576 1481 1630 οῦν,
1498 1584 1600 1622 πόλιν
1630 1586 1809 1632 οἰκοῦντα,
1831 1584 1891 1623 καὶ
1921 1584 2034 1623 οἰκίαν
2065 1584 2127 1623 καὶ
2148 1590 2300 1636 γυναῖκα

1267 1645 1395 1697 ἔχοντα
1413 1645 1474 1684 οὐκ
1493 1644 1543 1683 ἔνι
1561 1647 1737 1692 σωθῆναι,
1756 1646 1866 1697 φησί;
1886 1647 2052 1685 Μάλιστα
2081 1644 2146 1696 μὲν
2165 1649 2232 1698 οὐχ
2251 1639 2303 1690 εἷς

1267 1705 1442 1758 σωτηρίας
1475 1706 1602 1758 τρόπος
1615 1736 1627 1753 ‚
1650 1707 1740 1745 ἀλλὰ
1771 1707 1895 1746 πολλοὶ
1929 1707 1990 1746 καὶ
2023 1707 2195 1759 διάφοροι.
2229 1706 2301 1746 Καὶ

1267 1772 1369 1806 τοῦτο
1395 1768 1489 1819 λέγει
1525 1767 1587 1819 μὲν
1610 1767 1780 1819 ἀορίστως
1809 1772 1826 1807 ὁ
1851 1770 2025 1821 Χριστὸς,
2056 1767 2189 1812 πολλὰς
2213 1761 2302 1807 εἶναι

1269 1829 1377 1878 μονὰς
1396 1829 1674 1882 ἀποφαινόμενος
1692 1830 1789 1881 παρὰ
1813 1832 1864 1882 τῷ
1885 1829 2013 1883 Πατρί·
2034 1828 2130 1880 λέγει
2149 1829 2186 1868 δὲ
2209 1828 2303 1880 μετὰ

1270 1891 1450 1941 διορισμοῦ
1468 1905 1560 1934 τινος
1575 1894 1593 1928 ὁ
1609 1892 1746 1935 Παῦλος
1761 1920 1771 1938 ,
1786 1891 1878 1930 οὕτω
1898 1890 2042 1944 γράφων
2054 1906 2062 1914 ·
2082 1890 2191 1937 Ἄλλη
2220 1888 2304 1934 δόξα

1268 1950 1382 1999 ἡλίου,
1393 1951 1452 1989 καὶ
1470 1951 1560 1997 ἄλλη
1575 1950 1655 1996 δόξα
1672 1951 1837 1999 σελήνης,
1848 1952 1909 1990 καὶ
1923 1952 2015 1999 ἄλλη
2033 1950 2113 1996 δόξα
2129 1949 2302 2005 ἀστέρων·

1271 2010 1385 2064 ἀστὴρ
1401 2010 1469 2063 γὰρ
1487 2011 1631 2063 ἀστέρος
1643 2012 1800 2065 διαφέρει
1816 2015 1849 2051 ἐν
1863 2012 1958 2064 δόξῃ.
1971 2011 2022 2051 ⁶0
2032 2012 2067 2051 δὲ
2079 2011 2187 2064 λέγει,
2195 2015 2305 2051 τοιοῦ-

1271 2073 1329 2110 τόν
1347 2074 1453 2110 ἐστιν·
1469 2075 1500 2111 οἱ
1517 2073 1580 2122 μὲν
1595 2076 1642 2116 ὡς
1652 2072 1751 2126 ἥλιος
1768 2073 1982 2125 λάμψουσιν,
1993 2076 2025 2112 οἱ
2041 2072 2077 2111 δὲ
2093 2075 2141 2116 ὡς
2159 2072 2305 2120 σελήνη,

1271 2135 1303 2172 οἳ
1329 2134 1365 2172 δὲ
1384 2136 1431 2179 ὡς
1452 2135 1612 2187 ἀστέρες.
1634 2135 1705 2174 Καὶ
1724 2134 1802 2173 οὐδὲ
1826 2137 1975 2174 ἐνταῦθα
2001 2134 2084 2181 ἔστη
2103 2137 2166 2181 τ’ἧς
2184 2134 2305 2186 διαφο-

1274 2202 1357 2247 ρᾶς.
1377 2195 1469 2234 ἀλλὰ
1499 2196 1559 2234 καὶ
1590 2199 1624 2235 ἐν
1658 2197 1775 2239 αὐτοῖς
1806 2195 2108 2244 τούτοις“πολλὴν
2129 2195 2305 2235 δείκνυσιν

1273 2252 1362 2295 εἶναι
1383 2258 1446 2303 τὴν
1472 2257 1684 2307 διαλλαγὴν,
1701 2257 1761 2295 καὶ
1779 2256 1975 2304 τοσαύτην,
1995 2257 2081 2303 ὅσην
2101 2258 2138 2294 ἐν
2164 2257 2306 2309 ἀριθμῷ

1272 2319 1428 2372 τοσούτῳ
1447 2319 1652 2369 συμὸαίνειν
1666 2319 1769 2362 εἰκός.
1785 2317 1912 2369 Ἀστὴρ
1927 2317 2009 2369 γὰρ,
2026 2317 2144 2370 φησὶν,
2157 2316 2304 2370 ἀστέρος

1274 2381 1427 2434 διαφέρει
1442 2382 1475 2419 ἐν
1490 2380 1585 2433 δόξῃ.
1595 2380 1784 2427 Ἐννόησον
1797 2378 1909 2418 τοίνυν
1926 2378 1996 2417 ἀπὸ
2007 2383 2066 2418 τοῦ
2082 2380 2229 2424 ἡλιακοῦ
2241 2393 2304 2430 με·

1221 2481 1253 2507 ⁸4
1274 2444 1390 2494 γέῡους
1407 2442 1492 2495 πρὸς
1517 2442 1576 2481 τὸν
1595 2442 1744 2494 ἔσχατον
1765 2441 1906 2479 πάντων
1928 2439 2059 2491 ἀστέρα
2078 2439 2218 2487 ὁδεύων,
2233 2439 2301 2478 πό·

2183 2503 2205 2512 ιν
2262 2494 2283 2517 ῗ

1228 2518 1253 2547 Α
1276 2519 1353 2548 σους
1370 2504 1579 2554 ἀξιωμάτων
1601 2501 1756 2554 βαθμοὺς
1779 2501 2003 2541 καταὸαίνειν
2023 2501 2125 2544 εἰκός.
2143 2502 2227 2544 Πως
2243 2516 2302 2539 ουν

1274 2568 1336 2603 οὐκ
1353 2565 1496 2612 ἄτοπον,
1511 2567 1542 2602 εἱ
1558 2564 1621 2615 μὲν
1635 2569 1649 2585 ⁰
1661 2566 1707 2607 εἷς
1729 2563 1893 2614 βασίλεια
1906 2563 1964 2600 τὸν
1981 2562 2054 2601 υἱὸν
2069 2555 2165 2613 ἦγες,
2184 2561 2304 2600 ἅπαν-

1273 2642 1318 2664 τα
1333 2631 1444 2664 ποιεῖν
1462 2641 1499 2664 τε
1516 2625 1576 2663 καὶ
1591 2624 1755 2676 πάσχειν,
1768 2625 1928 2661 κάκεῖνον
1948 2622 2145 2660 ἀναπείθων
2161 2620 2304 2671 ὁμοίως,

1273 2687 1362 2725 ὥστε
1389 2686 1491 2725 αὐτὸν
1515 2686 1615 2737 ἐγγὺς
1645 2688 1792 2731 ποιῆσαι
1818 2688 1879 2722 τοῦ
1904 2683 2095 2734 βασιλέως,
2114 2682 2174 2721 καὶ
2191 2681 2303 2733 μηδὲν

1272 2749 1362 2793 ὅλως
1393 2747 1683 2799 ὑπολογίζεσθαι,
1717 2746 1766 2796 μὴ
1794 2746 1971 2793 δαπάνην,
1991 2745 2042 2795 μὴ
2063 2744 2231 2790 κίνδυνον,
2251 2743 2303 2795 μὴ

1273 2811 1420 2849 θάνατον
1447 2807 1570 2846 αὐτόν·
1591 2807 1673 2859 περὶ
1700 2807 1735 2846 δὲ
1767 2809 1828 2853 τῆς
1857 2809 1891 2846 ἐν
1918 2812 1989 2850 τοῖς
2008 2806 2164 2857 οὐρανοῖς
2190 2820 2302 2858 στρα-

1271 2871 1366 2914 τείας
1395 2869 1626 2922 προκειμένης
1652 2871 1737 2918 ἡμῖν
1760 2871 1822 2913 τῆς
1847 2867 2016 2919 σκέψεως,
2041 2865 2090 2916 μ’),
2112 2867 2244 2919 ἀλγεῖν,
2273 2866 2303 2905 εἶ

1272 2934 1330 2972 τὸν
1371 2931 1520 2984 ἔσχατον
1551 2929 1680 2968 ὴλιιὶίῖοι
1717 2928 1822 2966 τόπον
1835 2957 1845 2975 ,
1878 2929 1939 2966 καὶ
1971 2928 2112 2966 πάντων
2155 2926 2303 2972 ὕστατος

1273 2993 1425 3044 γένοιτο,
1443 2990 1544 3038 Πλὴν
1564 2991 1656 3037 ἀλλ’,
1678 2991 1708 3028 εἰ
1727 2991 1836 3034 δοκεῖ,
1855 2989 1914 3027 καὶ
1932 2989 2014 3027 αὐτὸ
2033 2992 2134 3028 τοῦτο
2154 2989 2304 3039 ἴδωμεν,

1275 3056 1304 3093 εἰ
1333 3053 1475 3093 δυνατὸν
1494 3053 1554 3091 τὸν
1586 3054 1620 3090 ἐν
1652 3050 1750 3102 μέσῳ
1786 3049 2018 3102 στρεφόμενον
2052 3049 2184 3097 ταύτην
2220 3052 2303 3101 γοῦν

1273 3115 1336 3162 τὴν
1357 3114 1454 3162 λῆξιν
1475 3114 1609 3152 λαΕεῖν.
1622 3111 1667 3151 ‘0
1687 3112 1750 3162 μὶν
1769 3111 1837 3162 γὰρ
1859 3111 2031 3162 μακάριος
2052 3111 2190 3154 Παῦλος
2212 3111 2303 3149 ἀπι-

251 3177 404 3224 venun,
425 3175 453 3212 si
476 3175 538 3211 tihi
562 3174 720 3222 videtur,
752 3185 785 3213 et
804 3176 870 3214 hoc
889 3177 1007 3229 ipsum
1027 3177 1199 3230 inspicia-
1228 3187 1250 3218 u
1276 3177 1408 3228 φήνατο
1427 3177 1463 3214 ἐν
1481 3178 1606 3228 βραχεῖ
1620 3174 1700 3225 περὶ
1718 3171 1862 3220 τούτου,
1882 3172 1941 3210 καὶ
1960 3171 2037 3216 τοὺς
2056 3171 2118 3215 τὰς
2135 3176 2304 3222 γυναῖκα(

295 3337 305 3347 ⁶
332 3323 391 3356 Alu
411 3327 524 3361 πελιην
540 3326 652 3356 ''arianz-
666 3338 733 3356 tt-ar
752 3339 803 3361 τη,
823 3328 999 3367 “nstv-phi.

293 3387 306 3401 ²
331 3377 386 3410 Sic
411 3386 493 3409 unus
511 3383 611 3412 recte,
631 3382 729 3418 utque
748 3377 791 3407 itu
811 3375 885 3418 lvgu
906 3376 1126 3419 Ambrosium
1149 3377 1204 3411 alii
1223 3393 1257 3416 ιι.

1291 3328 1430 3368 fincha-

1336 3379 1352 3401 b
1379 3378 1450 3409 Duo
1466 3375 1539 3406 51⁸³.
1563 3381 1644 3416 >dlv
1677 3372 1685 3416 Ι
1704 3374 1786 3407 ncnc
1806 3375 1851 3406 itu
1868 3371 2070 3415 lnterprcs.l
