2549 3825
699 238 756 266 AD
795 239 1032 269 srAGtttle
1079 242 1105 268 Α
1143 239 1339 269 DAEMONE
1376 239 1610 270 VlixA't‘tJM.

211 323 246 360 δὲ
264 325 423 359 τοσοῦτον
437 320 582 358 ἕλκοντα
597 319 720 371 χρόνον
733 322 767 357 ἐν
782 320 955 366 νηστείαις
969 321 1028 358 καὶ
1042 321 1232 372 παννυχίσι

212 382 270 420 καὶ
289 385 332 432 τῇ
347 383 452 431 λοιπῇ
473 380 734 432 σκληραγωγία,
756 379 930 430 μηδεμίαν
952 380 1050 419 λύσιν
1071 380 1232 433 εὑρέσθαι

210 445 278 480 τῶν
307 441 525 493 κατεχόντων
559 442 678 479 δεινῶν
697 455 704 464 ·
735 440 851 493 τρίτον
881 441 967 492 πρὸς
1002 442 1136 483 τούτοις
1148 469 1158 486 ,
1195 441 1235 478 τὸ

207 502 266 540 τὸν
285 502 381 553 ἅγιον
397 504 524 540 ἐκεῖνον
542 500 716 547 τοσαύτην
736 503 770 539 ἐν
788 501 907 543 ἄλλοις
921 501 1072 553 ἀνδράσι
1088 501 1233 550 δύναμιν

209 562 468 613 ἐπιδειξάμενον
482 592 492 610 ,
512 562 620 612 μηδὲν
642 563 700 601 ἐπὶ
720 565 782 609 τῆς
801 565 864 608 (τῆς
884 561 1024 613 ἀγάπης
1043 563 1233 609 δυνηθῆναι

812 619 823 642 s

209 623 339 675 πρᾶξαι
356 627 491 662 τοιοῦτο
508 654 518 671 ,
542 624 631 674 μήτε
646 625 796 672 ἐκεῖνον,
840 622 929 673 μήτε
945 623 1023 667 τοὺς
1045 622 1122 673 μετ’
1140 622 1230 660 ἐκεί·

208 701 280 731 νου,
297 685 356 723 καὶ
372 690 482 723 ταῦτα
499 685 752 736 δυνατωτέρους
767 685 868 728 ὄντας
886 687 988 722 αὐτοῦ
1004 714 1013 730 ,
1035 684 1124 722 ἀλλὰ
1141 683 1231 722 πάν·
1244 719 1274 743 15

1652 241 1738 270 LtB.
1779 242 1807 270 l.
2171 242 2246 286 191

1306 331 1445 372 reptos,
1461 336 1518 360 eos
1537 332 1652 361 tamen
1674 336 1787 374 parvo
1804 331 1882 374 post
1901 331 2058 373 tempore
2077 320 2127 358 ita
2143 334 2184 358 ea
2202 322 2254 358 in—

1305 382 1474 420 firmitate
1485 383 1707 428 liberatos‚ut
1724 384 1885 435 perfectae
1897 381 2090 433 integritati
2103 381 2257 419 restituti

1305 448 1340 476 et
1358 455 1487 479 uxores
1504 441 1693 489 ducerent,
1712 451 1746 479 et
1764 442 1939 493 plurimos
1964 450 2187 493 procrearent
2212 441 2258 479 li·

1305 499 1426 548 beros,
1458 502 1696 551 omnibusque
1726 503 1809 539 vitae
1846 502 2027 553 praesentis
2061 502 2257 540 commodis

1306 560 1520 610 fruerentur,
1535 561 1696 612 nihilque
1708 561 1934 613 postmodum
1948 563 2016 600 tale
2030 571 2254 614 paterentur:

1307 631 1452 670 contra,
1480 631 1519 659 tu
1545 636 1626 660 cum
1651 631 1789 660 tantum
1816 630 1957 674 tempus
1984 623 2020 660 in
2046 623 2192 674 jejuniis
2215 637 2258 660 ac

1278 720 1291 743 6
1305 683 1646 733 pernoctationibus,
1662 693 1691 721 et
1708 683 1848 733 reliqua
1863 683 1943 720 vitae
1958 684 2161 721 austen'tate
2174 697 2257 721 con-

209 762 270 789 τας
284 746 410 796 ὁμοίως
430 747 700 799 ἐρυθριάσαντας
724 747 897 785 ἀπελθεῖν.
918 745 1021 784 Μετὰ
1042 745 1078 783 δὲ
1102 745 1231 784 τούτων
1256 757 1282 785 A
1304 743 1598 793 triveris‚nullam
1608 753 2000 782 aerumnarumtuarum
2011 744 2256 782 liberationem

207 807 268 844 καὶ
286 807 412 860 ἑτέρως
431 807 564 858 σφόδρα
576 807 659 859 ἔφης
677 810 794 858 ἀλγεῖν
809 835 819 852 ,
837 806 891 844 ὅτι
905 805 995 845 οὕτω
1011 822 1071 845 σου
1090 809 1152 852 τῆς
1164 807 1232 858 ψυ-

204 870 271 918 χῆς
286 870 307 912 ἡ
338 870 400 913 τῆς
420 867 570 918 ἀθυμίας
598 868 818 919 περιεγένετο
843 867 1010 917 δύναμις,
1035 870 1081 911 ὡς
1102 871 1229 919 μικροῦ

203 926 371 970 πολλάκις
388 928 447 965 καὶ
461 929 517 966 ἐπὶ
539 928 665 980 βρόχον
679 932 835 982 ὁρμῆσαι
852 929 962 966 ἐλθεῖν
979 957 989 976 ,
1006 928 1066 966 καὶ
1089 928 1147 966 ἐπὶ
1165 944 1231 967 πο-

200 987 312 1038 ταμὸν
335 987 393 1025 καὶ
413 988 468 1026 ἐπὶ
489 989 658 1041 κρημνόν.
680 989 786 1028 Ἔστι
803 989 839 1028 δέ
858 1006 891 1027 τι
909 988 968 1027 καὶ
989 989 1151 1040 πέμπτον
1171 990 1229 1028 ἐπὶ

199 1048 354 1095 τούτοις,
370 1049 410 1086 τὸ
437 1048 516 1093 τοὺς
537 1050 599 1099 μὲν
624 1051 800 1100 ὁμήλικας
818 1050 878 1088 καὶ
901 1050 989 1101 μετὰ
1012 1055 1072 1089 σοῦ
1098 1050 1229 1097 ταύτης

199 1110 392 1162 ἠργμένους
414 1114 476 1157 τῆς
492 1112 670 1155 πολιτείας
685 1142 694 1159 ,
715 1115 797 1165 ὃρᾷν
813 1114 847 1150 ἐν
870 1112 1017 1166 εὐθυμία
1033 1113 1228 1164 διάγοντας,

200 1172 326 1210 σαυτὸν
341 1172 376 1210 δὲ
397 1175 411 1192 ³¹
438 1174 473 1209 ἐν
492 1173 736 1225 χαλεπωτάτῳ
751 1173 899 1212 κλύδωνι
917 1174 1075 1224 κείμενον
1098 1174 1150 1212 ἔτι
1170 1175 1229 1212 καὶ

205 1232 442 1284 δεσμωτήριον
475 1237 638 1274 οἰκοῦντα
664 1234 704 1273 τὸ
735 1235 875 1273 πάντων
904 1235 1144 1288 ἐλεεινότερον.
1175 1237 1228 1274 Οὐ

203 1294 271 1346 γὰρ
291 1293 381 1331 οὕτω
400 1293 479 1338 τοὺς
496 1296 695 1340 δεδεμένους
713 1295 845 1346 σιδήρῳ
861 1295 1022 1348 δακρύειν
1039 1295 1123 1347 ἔφης
1143 1297 1227 1341 δεῖν,

203 1358 249 1397 ὡς
265 1355 343 1400 τοὺς
364 1356 492 1402 ταύτην
513 1357 775 1407 περικειμένους
790 1356 852 1401 τὴν
872 1357 1006 1394 ἅλυσιν.
1023 1355 1173 1407 Ἔλεγες
1193 1357 1231 1395 δέ

205 1432 264 1466 μοι
280 1418 338 1454 καὶ
353 1417 468 1470 ἕτερον
483 1411 570 1455 εἶναι
586 1418 671 1468 πρὸς
692 1416 824 1460 τούτοις
841 1416 880 1454 τὸ
897 1416 1054 1467 μάλιστά
1074 1432 1113 1454 σε
1129 1421 1229 1469 θορυ-

209 1477 290 1515 Εοῧν
304 1494 312 1501 ·
329 1479 518 1517 δεδοικέναι
537 1478 605 1528 γὰρ
627 1476 642 1497 ¹³
662 1477 750 1529 ὑπὲρ
766 1481 825 1515 τοῦ
844 1477 976 1530 πατρὸς
995 1478 1053 1515 καὶ
1069 1478 1208 1528 τρέμειν
1222 1509 1232 1525 ,

207 1538 346 1587 μήποτε
380 1538 603 1588 αἰσθόμενος,
625 1539 762 1589 μεγάλα
792 1538 871 1581 τοὺς
900 1538 1174 1588 ὑποδεξαμένους
1195 1555 1233 1576 σε

204 1598 268 1646 τὴν
288 1600 400 1652 ἀρχὴν
418 1599 534 1646 ἁγίους
548 1599 740 1650 ἐργάσηται
754 1599 866 1636 δεινά·
888 1601 930 1649 τῇ
946 1614 984 1636 τε
999 1599 1065 1650 γὰρ
1088 1600 1232 1650 δυνάμει

204 1660 265 1698 καὶ
283 1663 333 1713 τῷ
353 1659 492 1712 πλούτῳ
511 1662 721 1711 θαρροῦντα,
739 1659 799 1697 καὶ
819 1659 886 1696 ὑπὸ
900 1662 961 1704 τῆς
982 1660 1130 1710 ἀθυμίας
1148 1676 1232 1712 κρα-

204 1720 386 1771 τούμενον,
420 1721 536 1760 πάντα
559 1721 748 1770 τολμήσειν
782 1722 829 1764 εἷς
850 1719 972 1763 αὐτοὺς
986 1750 996 1767 ,
1017 1721 1076 1759 καὶ
1096 1722 1231 1765 οὐδενὸς

204 1781 389 1834 ἀφέξεσθαι
417 1785 486 1820 τῶν
521 1781 768 1832 ἐμπιπτόντων
793 1783 902 1833 αὐτῷ.
934 1782 1004 1819 Καὶ
1039 1782 1145 1835 μέχρι
1167 1782 1229 1832 μὲν

203 1847 264 1882 τοῦ
281 1844 450 1896 παρόντος
470 1845 657 1890 δυνηθῆναι
683 1843 746 1890 τὴν
766 1842 901 1894 μητέρα
927 1842 988 1881 καὶ
1007 1844 1231 1896 συγκαλύψαι

205 1905 245 1943 τὸ
279 1903 419 1956 γεγονὸς
432 1934 442 1952 ,
481 1904 540 1942 καὶ
582 1904 811 1949 ἓπιζητοῦντά
846 1919 883 1942 σε
914 1904 1231 1957 παρακρούσασθαι

206 1966 375 2010 πολλάκις
389 1964 491 2004 αὐτόν
505 1981 514 1989 ·
528 1967 557 2003 εἷ
571 1965 606 2003 δὲ
621 1964 744 2018 χρόνος
756 1965 940 2016 ἐγγένηται
956 1964 1100 2013 πλείων,
1116 1980 1232 2017 φωρα-

207 2028 374 2075 θήσεσθαι
397 2031 458 2074 τῆς
484 2027 615 2080 μητρὸς
642 2028 706 2074 τὴν
734 2028 939 2079 ὑπόκρισιν,
976 2027 1036 2065 καὶ
1057 2028 1231 2079 ἀφόρητον

207 2089 308 2127 αὐτὸν
325 2088 438 2141 ἐκείνῃ
459 2103 497 2126 τε
517 2087 658 2127 ἔσεσθαι
676 2088 736 2126 καὶ
761 2094 831 2132 τοῖς
850 2094 1027 2140 μοναχοῖς.
1044 2087 1090 2126 ‘0
1112 2088 1147 2126 δὲ
1162 2091 1231 2126 τῶν

207 2153 324 2188 κακῶν
350 2148 506 2202 κολοφὼν
527 2149 575 2187 τὸ·
594 2149 682 2200 μηδὲ
714 2149 803 2202 ὑπὲρ
823 2153 892 2188 τῶν
916 2150 1115 2200 μελλόντων
1137 2149 1230 2201 ἔχειν

208 2214 368 2264 θαῤῥεῖν,
389 2211 479 2262 μηδὲ
498 2211 624 2249 εἰδέναι
639 2214 757 2263 σαφῶς
769 2241 778 2258 ,
795 2211 826 2249 εἴ
844 2227 929 2250 ποτε
945 2211 1044 2249 ἔσται
1062 2210 1159 2253 λύσις
1171 2213 1232 2256 τῆς

207 2273 307 2312 νόσου
325 2273 455 2320 ταύτης
478 2272 539 2310 καὶ
561 2273 749 2323 ἀπαλλαγὴ
765 2303 774 2320 ,
793 2273 849 2310 διὰ
875 2273 915 2310 τὸ
934 2273 1105 2315 πολλάκις
1131 2275 1232 2309 τοῦτο

207 2334 497 2385 προσδοκήσαντα
519 2333 626 2372 πάλιν
646 2340 716 2376 τοῖς
737 2336 852 2377 αὐτοῖς
875 2338 1090 2385 περιπεσεῖν.
1110 2331 1231 2371 Ἱκανὰ

207 2397 289 2444 γοῦν
307 2398 417 2432 ταῦτα
448 2394 639 2447 θορυὸἧσαι
662 2393 776 2446 ψυχὴν
794 2423 803 2441 ,
822 2394 882 2432 καὶ
899 2395 1030 2439 πολλῆς
1050 2395 1230 2444 ἐμπλῆσαι

208 2460 386 2508 ταραχῆς,
411 2455 501 2493 ἀλλὰ
520 2454 635 2508 ψυχὴν
655 2455 718 2502 τὴν
741 2455 957 2507 παρειμένην
984 2455 1043 2493 καὶ
1062 2456 1231 2493 ἀπαίδευ-

210 2533 267 2556 τον
297 2518 357 2555 καὶ
376 2517 510 2569 νωθράν
526 2533 534 2540 ·
556 2521 657 2567 ἡμεῖς
678 2516 711 2555 δὲ
733 2516 775 2563 ἢν
801 2516 1020 2566 ἐθελήσωμεν
1045 2516 1231 2568 διαὸλέψαι

210 2578 334 2630 μικρὸν
347 2607 358 2627 ,
390 2578 449 2616 καὶ
479 2576 667 2629 λογισμοὺς
704 2580 913 2623 ἀνακινῆσαι
949 2577 1028 2620 τοὺς
1060 2578 1231 2624 εὐσεὸεῖς,

210 2639 329 2692 ὥσπερ
343 2639 422 2677 τινὰ
437 2638 530 2677 κόνιν
553 2639 686 2685 λεπτὴν
700 2670 709 2686 ,
724 2639 854 2683 ταύτας
874 2639 1152 2690 ἀποτιναξόμεθα
1169 2643 1233 2686 τῆς

211 2700 360 2751 ἀθυμίας
389 2701 451 2745 τὰς
488 2700 678 2745 ὑποθέσεις.
707 2702 830 2740 Καίτοι
857 2702 905 2752 μή
932 2717 974 2752 με
1002 2701 1148 2753 νομίσῃς
1175 2702 1232 2740 διὰ

208 2762 249 2800 τὸ
265 2761 396 2805 ἔξωτοῧ
412 2761 517 2801 πόνου
531 2762 660 2809 καὶτῆς
673 2761 780 2808 ζάλης
800 2762 930 2808 ταύτης
944 2762 1103 2808 ἑστάναι,
1119 2765 1231 2801 ταῦτα

209 2822 485 2874 ἐπαγγέλλεσθαί
517 2839 569 2861 σοι
589 2824 664 2873 μετ’
686 2823 841 2866 εὐκολίας
875 2828 946 2862 νῦν.
987 2825 1029 2862 Ei.
1065 2822 1132 2875 γὰρ
1172 2824 1231 2861 καὶ

209 2883 342 2920 ἄπιστα
371 2883 456 2928 δόξω
475 2883 588 2934 λέγειν
610 2884 699 2923 τισὶν
715 2914 724 2932 ,
750 2886 827 2923 ἀλλ’
855 2885 949 2935 ὅμως
971 2886 1040 2936 ἐρῶ
1062 2900 1069 2907 ·
1091 2885 1128 2921 οὐ
1164 2885 1231 2937 γὰρ

208 2944 250 2991 δὴ
264 2943 351 2994 μετὰ
367 2948 434 2982 τῶν
451 2944 565 2982 ἄλλων
579 2944 638 2982 καὶ
655 2945 755 2988 αὐτὸς
771 2945 977 2992 ἀπιστήσεις
994 2949 1092 2996 ἡμῖν,
1107 2945 1227 2984 Ἔπει-

206 3006 248 3052 δὴ
269 3005 336 3057 γὰρ
355 3006 554 3053 ἐπεπήδησέ
576 3021 636 3045 σου
665 3008 708 3058 τῇ
733 3009 828 3059 ψυχῇ
858 3007 953 3058 παρὰ
987 3008 1049 3054 τὴν
1075 3008 1189 3060 ἀρχὴν
1211 3011 1229 3045 ὁ

207 3067 330 3118 μιαρὸς
342 3066 476 3117 δαίμων
496 3068 623 3112 ἐκεῖνος
636 3097 646 3114 ,
659 3069 718 3106 καὶ
733 3068 862 3118 μεταξὺ
877 3068 1016 3107 πάντων
1038 3070 1224 3122 εὐχόμενον

206 3128 396 3168 κατέὸαλεν
413 3159 422 3175 ,
453 3131 513 3167 οὐκ
535 3129 656 3182 ἔτυχον
684 3130 745 3180 μὲν
779 3130 901 3182 παρών
923 3131 997 3178 (καὶ
1018 3132 1122 3183 χάριν
1155 3131 1226 3183 ἔχω

242 3273 256 3296 f
281 3270 396 3303 Morel.
416 3272 448 3302 in
466 3277 557 3302 textu
574 3278 606 3302 rt
623 3270 724 3303 Suvil.
747 3271 778 3303 iu
798 3284 900 3312 marg.
920 3276 990 3314 μετ’
1008 3278 1129 3306 ἐκεῖνου.
1149 3272 1208 3303 Su-

201 3324 255 3356 vit.
276 3325 307 3356 in
327 3331 420 3356 textu
436 3327 506 3366 μετ’
521 3328 639 3359 ἑιειὶνον.
656 3323 746 3356 tusi-n
761 3324 875 3356 Morel.
893 3331 924 3356 et
941 3326 1041 3358 Suril.
1056 3327 1088 3356 iu
1105 3336 1207 3365 uun-g.
1247 3340 1289 3357 m

202 3383 386 3420 πιριεγένιτο
421 3380 552 3418 δύναμις.
586 3377 687 3409 savit.
720 3378 751 3408 iu
781 3385 871 3409 textu
898 3394 918 3412 η
961 3384 1105 3423 γυιςνιννῖς.
1134 3379 1207 3408 Mox

205 3428 303 3460 Mum-t
337 3433 473 3465 mium
494 3434 536 3462 ἐπὶ
559 3436 669 3472 ,ἲρέγον
688 3434 777 3463 0021,
813 3431 970 3463 Sanitium
995 3432 1175 3472 sequiumr.

1303 803 1473 842 hactenus
1502 805 1690 844 inveneris.
1718 805 1854 855 Tertio,
1885 804 1981 855 quod
2007 819 2089 842 cum
2115 815 2259 843 sanctus

1302 865 1362 902 ille
1379 866 1435 904 vir
1449 875 1581 903 tantam
1601 867 1637 903 in
1656 865 1804 916 reliquis
1819 866 1908 904 viris
1928 865 2122 917 potentiam
2137 874 2257 904 osten-

1300 926 1408 973 derit,
1430 926 1521 964 nihil
1541 927 1715 978 ejusmodi
1737 928 1890 979 potuerit
1916 927 1952 964 in
1980 936 2040 964 tua
2068 927 2259 965 dilectione

1301 988 1481 1039 perficere,
1493 1002 1607 1038 neque
1619 989 1706 1040 ipse,
1719 1002 1833 1039 neque
1848 989 1872 1025 ii
1889 988 1950 1039 qui
1968 1002 2049 1026 cum
2065 988 2128 1026 illo
2144 999 2258 1036 erant,

1301 1048 1362 1085 illo
1371 1048 1478 1086 etiam
1491 1048 1526 1085 in
1537 1049 1605 1086 hoc
1615 1063 1740 1100 genere
1752 1049 1993 1100 potientiores‚
2002 1063 2127 1086 verum
2138 1063 2259 1087 omnes

1301 1124 1338 1146 re
1367 1110 1493 1148 infecta
1521 1111 1585 1148 abs
1614 1120 1646 1148 te
1675 1125 1755 1148 cum
1782 1110 1914 1148 rubore
1945 1110 2184 1149 discesserint.
2203 1111 2260 1148 Ad

1301 1171 1376 1209 haec
1390 1172 1458 1209 alia
1477 1185 1522 1209 ex
1540 1181 1640 1223 parte
1659 1171 1812 1209 nimium
1833 1181 1866 1209 te
1884 1172 1967 1223 angi
1988 1171 2145 1220 dicebas,
2164 1172 2260 1223 quod

1303 1233 1350 1270 ita
1370 1233 1531 1270 animum
1558 1242 1662 1270 tuum
1690 1233 1745 1271 vis
1769 1233 1930 1270 moeroris
1955 1233 2201 1284 occupaverit,
2220 1242 2260 1270 ut

1305 1295 1434 1346 saepius
1456 1309 1585 1346 parum
1609 1295 1703 1333 absit
1722 1295 1809 1345 quin
1834 1294 1877 1331 ad
1899 1295 2083 1344 laqueum,
2104 1295 2260 1333 fluvium

1304 1364 1336 1392 ct
1356 1356 1598 1407 praecipitium
1613 1369 1790 1393 accurras.
1808 1355 1944 1403 Quinto
1963 1355 2130 1407 deinceps
2158 1356 2236 1394 loco
2250 1386 2259 1400 ‚

1306 1416 1400 1466 quod
1426 1417 1576 1466 aequales
1598 1427 1678 1454 tuos
1696 1426 1730 1454 et
1748 1417 2029 1461 contubernales,
2050 1417 2111 1467 qui
2143 1426 2259 1455 tecum

1308 1478 1418 1515 vitam
1433 1478 1524 1516 hanc
1543 1479 1713 1525 inierunt,
1733 1478 1926 1528 tranquille
1944 1488 2086 1529 agentes
2105 1480 2234 1532 aspicis
2252 1494 2260 1515 ε

1307 1549 1340 1576 te
1358 1553 1443 1577 vero
1457 1540 1660 1577 saevissimae
1675 1539 1837 1591 procellae
1857 1539 1976 1576 adbuc
1989 1540 2208 1591 expositum,
2226 1550 2260 1578 et

1307 1599 1455 1645 carceri,
1484 1600 1545 1650 qui
1566 1600 1728 1637 omnium
1759 1600 1915 1650 profecto
1942 1600 2165 1639 miserrimus
2192 1611 2258 1648 est,

1307 1660 1506 1698 addictum.
1525 1662 1646 1711 Neque
1661 1660 1754 1698 enim
1772 1661 1828 1698 his
1844 1661 1903 1711 qui
1923 1661 2016 1698 ferro
2035 1662 2146 1699 vincti
2161 1672 2259 1708 sunt,

1306 1720 1355 1758 ita
1381 1721 1653 1773 lacrymandum
1683 1722 1876 1766 asserebas,
1898 1731 1938 1759 ut
1958 1722 2016 1769 iis,
2040 1723 2102 1773 qui
2132 1724 2259 1775 hujus-

1307 1780 1404 1818 modi
1422 1790 1542 1819 catena
1559 1781 1715 1831 colligati
1730 1781 1875 1818 fuerint.
1893 1781 2018 1819 Aiebas
2032 1792 2064 1820 et
2076 1783 2175 1820 aliud
2189 1798 2263 1822 esse

1307 1847 1486 1893 praeterea,
1501 1841 1599 1892 quod
1615 1841 1773 1879 maxime
1789 1851 1821 1879 te
1836 1841 1993 1880 turbaret
2012 1857 2020 1879 :
2041 1844 2152 1881 vereri
2167 1845 2262 1883 enim

1305 1917 1345 1941 ac
1363 1911 1526 1950 tremere,
1548 1917 1590 1941 ne
1605 1903 1634 1940 si
1656 1903 1721 1940 ista
1739 1910 1838 1954 pater
1857 1902 1998 1949 sentiat,
2020 1904 2188 1942 maximis
2207 1905 2262 1942 in·

1301 1965 1408 2017 juriis
1422 1974 1530 2015 atque
1545 1963 1780 2008 incommodis
1790 1963 1923 2000 afficiat
1939 1973 2077 2001 sanctos
2091 1964 2185 2009 illos,
2198 1965 2260 2016 qui

1305 2036 1338 2064 te
1350 2041 1369 2064 a
1383 2026 1562 2079 principio
1580 2034 1810 2077 susceperunt
1828 2040 1835 2061 ε
1853 2024 1986 2077 quippe
2001 2026 2151 2063 summis
2168 2026 2260 2063 viri-

1308 2088 1375 2126 bus
1389 2097 1493 2138 atque
1511 2086 1642 2140 opibus
1657 2088 1800 2135 fretum,
1811 2096 1917 2138 atque
1928 2085 2172 2138 indignatione
2182 2101 2262 2126 con—

1307 2149 1467 2195 citatum,
1483 2157 1610 2186 cuncta
1624 2149 1796 2186 adversus
1808 2162 1868 2185 eos
1877 2162 2015 2185 summa
2030 2147 2179 2186 audacia
2191 2163 2263 2188 mo·

1306 2211 1457 2249 litui-um
1471 2240 1480 2255 ‚
1498 2224 1610 2260 neque
1629 2209 1715 2247 ullis
1737 2209 1957 2261 parciturum
1978 2209 2162 2257 vindiciis,
2184 2224 2264 2261 quae

1305 2271 1374 2323 ipsi
1404 2271 1438 2308 in
1465 2279 1617 2308 mentem
1645 2270 1821 2308 venerint.
1843 2270 1889 2308 Et
1919 2270 2087 2308 hactenus
2117 2271 2263 2322 quidem

1310 2332 1467 2384 potuisse
1487 2341 1637 2370 matrem
1652 2346 1726 2370 rem
1746 2341 1881 2383 gestam
1901 2332 2036 2369 notitiae
2056 2333 2167 2384 patris
2182 2334 2263 2371 sub-

1303 2393 1448 2440 ducere,
1471 2393 1713 2444 repulisseque
1733 2392 1838 2429 illum
1856 2406 1962 2444 saepe.
1984 2407 2064 2430 cum
2084 2392 2129 2431 de
2149 2402 2182 2431 te
2201 2394 2262 2431 in-

1303 2455 1460 2504 quireret
1484 2469 1492 2493 :
1520 2454 1593 2491 fore
1611 2463 1729 2491 autem
1751 2463 1789 2491 ut
1809 2466 1973 2504 processu
1998 2454 2168 2504 temporis
2191 2453 2258 2492 de-

1304 2513 1544 2567 prehendatur
1559 2524 1660 2551 cauta
1677 2514 1751 2551 haec
1765 2513 1889 2551 matris
1902 2513 2099 2555 simulatio,
2113 2515 2261 2565 jamque

1305 2576 1364 2613 ille
1401 2584 1433 2613 et
1464 2574 1530 2626 ipsi
1563 2584 1596 2612 et
1632 2573 1814 2612 monacbis
1852 2574 2024 2611 acerrime
2062 2574 2258 2613 immineat.

1306 2638 1487 2675 Postremo
1500 2634 1594 2686 quod
1607 2636 1766 2673 oninium
1779 2634 1955 2671 malorum
1971 2648 2177 2686 supremum
2189 2637 2260 2674 ent-

1306 2712 1383 2736 men
1403 2706 1467 2743 est,
1487 2697 1620 2734 nullum
1638 2696 1702 2734 tibi
1721 2705 1851 2732 eertum
1869 2709 1943 2732 esse
1960 2695 2165 2734 futurorum
2181 2711 2261 2735 con-

1306 2759 1489 2798 fidentiam
1501 2758 1658 2799 dicebas.
1675 2771 1787 2808 neque
1799 2757 1955 2808 apertius
1966 2757 2259 2809 scii-e.siq11ando

1305 2821 1423 2859 futuru
1444 2820 1488 2857 sit
1508 2819 1621 2858 morbi
1644 2820 1748 2870 liujus
1764 2817 1940 2855 absolutio
1957 2827 2061 2869 atque
2078 2818 2255 2862 liberatio.

1305 2898 1402 2926 cum,
1417 2883 1547 2934 sepius
1573 2881 1637 2917 liae
1656 2879 1918 2931 exspectatione
1932 2879 2066 2925 habim,
2083 2895 2206 2918 rursus
2222 2881 2258 2918 iu

1305 2944 1463 2982 (nitidem
1485 2942 1661 2980 miserium
1683 2939 1862 2979 incideris.
1879 2939 1982 2978 'salia
2001 2951 2079 2978 suut
2102 2942 2258 2993 prosectu

1306 3008 1385 3053 istu,
1407 3021 1484 3056 qua·
1503 3005 1663 3041 :mimum
1691 3003 1846 3040 maxime
1871 3003 2080 3055 perturbare
2100 3004 2257 3053 possint,

1305 3070 1509 3118 ingentique
1527 3065 1674 3117 implere
1693 3064 1862 3109 tumultu,
1879 3064 1938 3101 sed
1959 3064 2118 3101 :inimum
2137 3065 2258 3102 remis·

1304 3144 1396 3175 sum,
1416 3127 1621 3179 imperitum
1641 3140 1682 3163 ae
1701 3124 1874 3163 desidem.
1896 3128 1938 3162 At
1957 3138 2040 3162 vero
2058 3139 2121 3162 nos
2139 3125 2164 3162 si
2183 3139 2260 3176 pet*

1290 3284 1301 3295 τ’
1327 3269 1426 3301 sanxit.
1453 3275 1479 3301 ἐν
1496 3271 1705 3310 χιλιπωτάτῳ
1734 3269 1867 3299 nocam.
1887 3266 1894 3309 Ι
1917 3263 2101 3308 Legi-luunt·
2119 3271 2147 3298 ἐν
2164 3271 2259 3308 χιλι-

1309 3339 1348 3364 ῗθι]
1366 3322 1463 3363 labra-l

1293 3379 1306 3399 t·
1332 3374 1425 3406 (Tullv.
1444 3382 1473 3405 vt
1492 3373 1549 3403 sm
1562 3371 1594 3405 sl.
1609 3376 1693 3415 bnis,
1715 3371 1828 3405 Metel,
1847 3382 1923 3401 ww
1944 3381 2006 3404 .r·..⁴.
