2549 3825
632 225 689 256 An

167 317 308 363 κατεῖχε
324 310 419 348 κάτω
436 307 497 353 τὴν
515 308 640 353 ὀδύνην
658 308 716 345 καὶ
736 306 860 355 ἐπίεζε,
874 309 934 345 καὶ
958 307 1047 357 μετὰ
1062 307 1184 346 τοσαύ-

166 389 226 419 της
245 357 381 409 ἅπαντα
399 370 460 413 τ’ῆς
479 368 674 420 προθυμίας
691 367 854 419 ἔπραττε,
872 369 945 418 μεθ’
966 368 1050 414 ὅσης
1069 371 1100 405 οἳ
1116 383 1183 417 μη-

165 433 234 470 δενὶ
263 429 390 469 τούτων
418 427 648 480 κατεχόμενοι
676 430 744 466 τῶν
764 427 994 477 κωλυμάτων.
1016 427 1183 466 Καταθύ-

163 508 226 535 σας
247 490 360 528 τοίνυν
385 488 486 527 αὐτόν
504 488 588 535 (καὶ
612 488 680 541 γὰρ
709 487 878 526 κατέθυσε
907 491 949 540 τῇ
970 487 1183 541 προθυμίᾳ),

161 549 399 602 παραδίδωσιν
422 552 502 600 ὑγιῆ
522 548 584 587 καὶ
603 552 693 588 σῶον
721 553 764 600 τῇ
795 548 927 601 μητρί·
962 548 1120 587 λαὸοῧσα
1148 548 1183 586 δὲ

162 610 300 659 ἐκείνη,
327 610 409 663 πρὶν
437 612 681 660 ἐμπλησθῆναι
714 611 832 653 καλῶς
861 613 921 648 τοῦ
949 608 1083 656 παιδὸς,
1113 623 1182 646 κα-

161 670 279 710 ταλύει
306 670 362 709 τὸν
396 671 485 722 βίον.
514 672 664 709 Κάκεῖνο
692 670 727 709 δὲ
759 672 797 709 οὖ
820 672 954 722 μικρῶς
978 668 1097 708 ἐλύπει
1124 667 1182 705 τὸν

161 731 332 783 Ἀδραάμ.
360 733 405 769 Εἰ
431 731 577 783 γὰρκαὶ
602 730 708 769 πολὺν
735 733 830 782 αὐτῷ
857 729 1073 781 συνεγεγόνει
1092 728 1183 781 χρό-

160 807 231 839 νον,
247 791 342 830 οὖδὲν
368 786 410 838 ἦν
433 792 550 830 ἱκανὸν
579 797 699 829 πεῖσαι
719 794 800 843 ῥᾷον
826 794 977 842 ἐνεγκεῖν
996 790 1058 836 τὴν
1090 805 1184 839 συμ-

160 852 288 904 φοράν·
318 852 404 890 αὐτὸ
431 852 494 902 μὲν
523 846 581 890 οὖν
611 856 712 890 τοῦτο
737 851 882 890 πλείονα
912 852 1005 902 αὐτῷ
1034 856 1183 903 παρεῖχε

159 913 223 959 τὴν
253 912 400 963 ἀθυμίαν
415 928 422 936 ·
439 912 519 955 τοὺς
537 912 605 965 γὰρ
624 913 681 951 ἐπὶ
697 912 785 951 πολὺ
809 912 1105 959 συνοικήσαντας,
1124 910 1185 949 καὶ

161 973 295 1020 πολλὴν
317 976 380 1019 τῆς
406 975 538 1012 ἑαυτῶν
567 973 628 1012 καὶ
646 973 763 1025 φιλίας
791 974 850 1011 καὶ
877 975 1002 1025 ἀρετῆς
1033 971 1184 1010 δεδωκό-

160 1050 223 1079 τας
247 1040 369 1086 πεῖραν
389 1037 486 1085 ἡμῖν,
505 1033 643 1077 τούτους
662 1034 818 1085 μάλιστα
837 1034 978 1072 πάντων
1003 1035 1183 1083 ζητοῦμεν.

162 1094 233 1134 Καὶ
259 1094 313 1134 ὅτι
341 1095 440 1133 ταῦθ’
471 1094 579 1138 οὕτως
608 1094 694 1146 ἔχει,
725 1095 827 1138 αὐτὸς
858 1093 1031 1141 ἐδήλωσεν
1065 1096 1083 1132 ὃ
1112 1110 1185 1132 πα-

161 1155 331 1208 τριάρχης
346 1155 520 1203 πενθήσας
535 1155 594 1194 καὶ
614 1155 789 1208 θρηνήσας
808 1155 929 1202 αὐτήν.
953 1154 1001 1194 Τί
1020 1156 1049 1193 δ’
1073 1154 1114 1193 ἄν
1132 1171 1186 1199 τις

161 1216 258 1268 λέγοι
272 1216 335 1261 τὰς
358 1217 445 1269 ὑπὲρ
471 1221 530 1255 τοῦ
559 1217 683 1260 παιδὸς
701 1216 899 1269 φροντίδας,
918 1215 981 1260 τὰς
1009 1216 1097 1268 ὑπὲρ
1122 1219 1186 1263 τῆς

161 1277 282 1316 τούτου
300 1278 472 1330 γυναικὸς,
497 1277 559 1320 τὰς
577 1277 665 1329 ὑπὲρ
690 1280 759 1316 τῶν
779 1279 936 1329 ἀδελφῶν
958 1280 1027 1315 τῶν
1048 1276 1184 1325 τούτου,

163 1337 208 1375 τὰ
220 1338 310 1376 ἄλλα
324 1338 480 1387 ἅπαντα,
492 1338 581 1390 ἅπερ
598 1340 627 1375 εἰ
644 1339 722 1375 κατ’
741 1337 923 1390 ἀκρίὸειάν
944 1354 996 1381 τις
1015 1337 1183 1382 ἐξετάζειν

162 1398 286 1447 ἐθέλοι,
305 1397 392 1438 πολὺ
408 1404 468 1437 τοῦ
484 1402 542 1436 νῦν
566 1398 758 1450 δειχθέντος
787 1398 1034 1452 ὀδυνηρότερον
1060 1399 1184 1449 ὄψεται

163 1465 223 1499 τοῦ
237 1460 370 1498 δικαίου
387 1460 444 1498 τὸν
464 1460 536 1511 βίον
552 1460 612 1498 καὶ
629 1459 798 1498 πλειόνων
813 1459 966 1511 γέμοντα
979 1460 1184 1512 φροντίδων.

163 1522 197 1560 Τ
200 1521 221 1558 ὰ
234 1520 302 1573 γὰρ
320 1520 646 1574 κεφαλαιωδέστερα
667 1521 770 1571 μόνον
789 1523 935 1559 εἰποῦσα
950 1524 972 1567 ἡ
991 1523 1018 1559 Γ
1021 1520 1126 1572 ραφὴ,
1141 1520 1185 1559 τὰ

164 1583 255 1620 ἄλλα
268 1583 384 1621 πάντα
398 1584 555 1635 παρῆκεν
568 1582 736 1627 ἐξετάζειν
747 1585 845 1633 ἡμῖν,
856 1582 920 1620 ὅσα
937 1585 1015 1620 καθ’
1033 1582 1185 1629 ἑκάστην

163 1643 299 1696 ἡμέραν
327 1644 481 1694 γίνεσθαι
508 1643 598 1686 εἰκὸς
624 1645 658 1681 ἐν
678 1643 785 1694 οἰκίᾳ,
815 1642 897 1680 ἔνθα
925 1645 1068 1682 οἰκετῶν
1094 1645 1186 1690 πλῆ-

166 1708 222 1748 θος
254 1704 314 1742 καὶ
346 1704 432 1755 ἀνὴρ
462 1704 522 1741 καὶ
540 1702 624 1754 γυνὴ
652 1703 712 1742 καὶ
737 1703 862 1741 παιδία
881 1704 940 1742 καὶ
965 1705 1184 1755 πραγμάτων

164 1765 346 1815 ἐπιμέλεια
359 1765 513 1803 πολλῶν.
533 1765 617 1813 Ναὶ,
636 1764 754 1817 φησίν·
775 1766 852 1803 ἀλλ’
875 1764 995 1817 ἐκείνῳ
1017 1765 1184 1816 μεγίστην

164 1829 242 1864 καθ’
260 1825 405 1865 ἕκαστον
421 1825 550 1864 τούτοιν
567 1826 792 1878 παραμυθίαν
808 1826 906 1879 ἔφερε
926 1829 994 1864 τῶν
1019 1829 1184 1880 λυπηρῶν
1200 1835 1203 1838 ’

164 1887 204 1925 τὸ
220 1887 277 1926 διὰ
292 1887 350 1926 τὸν
369 1887 459 1927 Θεὸν
477 1887 593 1925 πάντα
615 1886 798 1938 ὑπομένειν
824 1890 951 1926 ἐκεῖνα.
968 1889 1102 1927 Οὐκοῦν
1126 1888 1186 1926 καὶ

164 1948 203 1988 σὲ
218 1951 318 1987 τοῦτο
335 1947 631 2000 παραμυθήσεται
649 1952 707 1986 νῦν
723 1964 730 1972 ·
757 1947 817 1986 καὶ
849 1948 917 2001 γάρ
944 1964 996 1987 σοι
1023 1948 1081 1987 τὸν
1110 1965 1186 1987 πει-

165 2008 298 2062 ρασμὸν
321 2012 440 2047 τοῦτον
455 2011 473 2047 ὁ
503 2009 733 2061 συγχωρήσας
757 2010 915 2048 ἐπελθεῖν
937 2009 1046 2053 οὐδεὶς
1071 2009 1186 2062 ἕτερός

164 2071 272 2118 ἔστιν,
293 2072 369 2109 ἀλλ’
384 2070 406 2116 ἢ
424 2073 442 2109 ὃ
465 2069 567 2114 Θεός.
582 2072 628 2110 Εἰ
642 2070 710 2123 γὰρ
725 2070 857 2123 χοίροις
883 2072 1102 2117 ἐπιπηδῆσαι
1123 2073 1185 2110 οὐκ

167 2131 208 2168 ἂν
230 2131 427 2182 ἐτόλμησαν
447 2134 478 2170 οἱ
497 2131 643 2182 πονηροὶ
658 2131 818 2182 δαίμονες
839 2133 976 2180 ἐκεῖνοι,
986 2131 1034 2182 μὴ
1051 2133 1186 2184 ἐπιτρέ·

164 2194 291 2244 ψαντος
310 2194 414 2230 αὐτοῦ
433 2193 525 2240 τότε,
540 2194 660 2244 πολλῷ
680 2194 812 2243 μᾶλλον
834 2195 876 2244 τῇ
895 2196 939 2244 σῇ
953 2193 1055 2247 τιμία
1074 2195 1184 2245 ψυχῇ.

164 2252 302 2306 “stom-:p
321 2246 379 2292 οὖν
399 2253 518 2306 ἐκείνῳ
533 2254 573 2292 τὸ
591 2254 756 2305 γενναίως
771 2254 910 2292 ἅπαντα
926 2253 1040 2306 φέρειν
1061 2254 1120 2292 καὶ
1137 2255 1186 2291 εὐ-

164 2313 341 2366 χαρίστως
355 2314 462 2352 πολὺν
482 2314 607 2365 ἤνεγκε
635 2316 770 2365 μισθὸν,
794 2314 902 2357 οὕτως
926 2314 1012 2352 οἴσει
1040 2314 1098 2352 καὶ
1117 2315 1184 2361 σοὶ,

167 2374 268 2424 μόνον
285 2373 325 2412 ἂν
346 2374 394 2425 μὴ
417 2374 643 2426 δυσχεραίνῃς
663 2374 751 2425 μηδὲ
770 2378 980 2427 ἀγανακτῇς,
1004 2377 1080 2413 ἀλλ’
1097 2375 1184 2427 ὑπὲρ

165 2434 330 2473 ἁπάντων
346 2436 555 2486 εὗχαριστῇς
575 2438 625 2488 τῷ
638 2435 872 2488 φιλανθρώπῳ
887 2438 981 2489 (θεῷ.
1003 2435 1105 2474 Ἐπεὶ
1130 2436 1189 2474 καὶ

165 2499 182 2534 ὁ
205 2494 375 2547 μακάριος
393 2494 478 2533 Ἰὼί
497 2495 603 2534 ἔπαθε
623 2495 684 2546 μὲν
706 2496 796 2549 ἅπερ
817 2496 922 2535 ἔπαθε
941 2496 1191 2548 συγχωρήσαν-

164 2572 222 2599 τος
247 2560 309 2593 τοῦ
328 2557 434 2604 Θεοῦ,
462 2556 560 2608 ἔφερε
580 2556 615 2595 δὲ
637 2559 731 2609 αὐτῷ
762 2558 840 2601 τοὺς
868 2558 1055 2610 στεφάνους
1083 2560 1120 2596 οὐ
1152 2558 1191 2596 τὸ

164 2619 286 2655 παθεῖν
303 2616 419 2668 μόνον,
437 2617 527 2655 ἀλλὰ
543 2617 602 2655 καὶ
618 2618 658 2656 τὸ
672 2618 837 2668 γενναίως
851 2618 936 2670 πρὸς
952 2619 1092 2656 ἅπαντα
1107 2621 1191 2664 στῆ-

168 2693 225 2715 ναι
253 2676 297 2715 τὰ
318 2677 433 2715 δεινά·
462 2677 521 2716 καὶ
551 2677 774 2729 θαυμάζομεν
793 2680 897 2718 αὐτὸν
931 2680 1098 2726 ἅπαντες,
1131 2682 1191 2718 οὐκ

165 2736 287 2784 ἐπειδὴ
307 2737 447 2776 πάντων
482 2738 582 2777 αὐτὸν
608 2739 845 2793 ἀπεστέρησεν
865 2743 883 2778 ὃ
909 2740 1081 2786 διάῧολος,
1113 2741 1191 2779 ἀλλ’

166 2797 287 2843 ἐπειδὴ
305 2800 339 2836 ἐν
355 2805 443 2837 πᾶσι
458 2799 591 2844 τούτοις
607 2803 672 2853 οὐχ
686 2801 858 2853 ἥμαρτεν,
875 2801 950 2840 οὐδὲ
967 2803 1002 2839 ἐν
1025 2807 1095 2843 τοῖς
1112 2801 1190 2854 χεί-

166 2862 262 2899 λεσιν
277 2860 393 2898 αὐτοῦ.

223 3286 370 3333 Ἐπειδὴ
405 3286 438 3325 δὲ
470 3286 648 3337 ἐμνήσθην
679 3292 738 3326 τοῦ
770 3288 863 3333 tenc,
899 3289 1092 3339 ἐίὶουλόμην
1128 3289 1190 3339 μὲν

172 3348 231 3384 καὶ
253 3347 327 3389 τοὺς
350 3346 492 3398 θρήνους
513 3349 616 3386 αὐτοῦ
638 3348 713 3390 τοὺς
741 3349 908 3401 μακροὺς,
938 3350 994 3386 καὶ
1025 3351 1090 3386 τῶν
1125 3365 1189 3386 πτ-

173 3408 239 3443 (is-'w
272 3408 332 3453 τὴν
365 3408 580 3458 σφοδρότητα
617 3411 759 3446 ἐνθεῖναι
802 3411 850 3459 τῷ
884 3411 998 3459 λόγῳ·
1031 3410 1115 3460 ὑπὲρ

726 222 973 257 STAGIRIUM
1012 223 1035 254 A
1073 223 1271 255 DAEMONE
1306 221 1543 257 VEXATUM.

2120 215 2210 275 230

1259 308 1541 357 holocaustum,
1541 310 1611 362 fili
1617 342 1622 346 .
1636 312 1781 357 Quanta
1791 308 2015 347 miseratione
2023 309 2134 348 verba
2145 310 2211 348 ista

1259 369 1360 420 plena
1377 369 1485 407 fuisse
1503 371 1713 409 arbitraris?
1731 370 1943 409 Continebat
1961 384 1998 409 se
2014 379 2151 420 tamen,
2170 385 2211 408 ac

1258 430 1441 480 premebat
1457 429 1592 469 doloris
1605 432 1695 481 vim,
1713 441 1819 483 atque
1835 432 1954 469 omnia
1970 446 2010 469 ea
2029 432 2212 470 alacritate

1209 489 1233 518 Ε
1259 489 1423 541 patrabat
1438 522 1448 539 ,
1465 506 1534 542 qua
1548 492 1703 530 facerent
1723 493 1785 542 qui
1805 492 1907 530 nullo
1923 492 2124 531 istiusmodi
2143 492 2214 531 im-

1260 549 1461 600 pedimento
1476 552 1756 589 continerentur.
1773 553 2002 590 Immolatum
2018 553 2151 591 interea
2166 553 2212 591 fi-

1259 609 1351 647 lium
1371 610 1518 663 (quippe
1537 610 1726 649 devotione
1745 611 1849 649 illum
1869 612 2131 662 immolaverat)
2150 627 2211 652 sa—

1259 682 1346 706 num
1367 684 1490 708 rursus
1516 680 1623 721 atque
1647 671 1861 709 incolumem
1890 673 2044 710 restituit
2071 674 2177 712 matri
2201 688 2209 712 :

1260 743 1367 779 quem
1397 730 1458 767 illa
1487 731 1705 783 suscipiens,
1731 741 1920 783 antequam
1950 733 2085 771 affatim
2115 734 2213 773 dulci

1259 799 1341 828 nato
1351 790 1542 838 frueretur,
1552 793 1700 830 excessit
1712 806 1730 830 e
1739 793 1814 831 vita
1825 806 1833 830 :
1846 791 1881 829 id
1886 807 1900 844 J
1907 802 1984 830 usto
1992 793 2046 830 illi
2056 794 2214 832 maximo

1260 851 1404 889 moerori
1432 852 1512 890 fuit.
1544 852 1623 890 Etsi
1655 853 1749 891 enim
1777 853 1884 904 longo
1914 853 2023 891 simul
2050 854 2216 892 vixerant

1259 919 1432 963 tempore,
1450 912 1542 950 nihil
1557 920 1674 951 tamen
1689 914 1900 966 persuadere
1913 924 2065 967 poterat,
2081 924 2120 952 ut
2135 929 2216 953 eum

1197 997 1246 1023 195
1260 986 1383 1010 casum
1406 972 1523 1011 levius
1550 974 1656 1012 ferret
1678 988 1687 1011 :
1710 974 1781 1012 imo
1801 989 1887 1013 vero
1906 975 1973 1012 hoc
2001 975 2120 1027 ipsum
2138 990 2215 1013 am—

1210 1037 1235 1064 A
1260 1033 1378 1085 pliore
1393 1033 1497 1071 illum
1509 1033 1631 1072 dolore
1645 1035 1867 1073 conficiebat.
1883 1036 2048 1086 Namque
2068 1049 2216 1073 consue-

1258 1094 1378 1132 vimus
1391 1108 1464 1143 eos,
1481 1095 1543 1146 qui
1559 1095 1717 1147 plurimo
1731 1096 1917 1134 nobiscum
1932 1105 2091 1148 tempore
2107 1097 2216 1135 vixe-

1260 1163 1366 1205 runt,
1387 1169 1597 1207 summaque
1615 1156 1762 1195 virtutis
1782 1170 1852 1194 suae
1874 1166 1908 1194 et
1927 1157 2094 1195 amicitiae
2113 1157 2216 1196 nohis

1259 1215 1470 1254 documenta
1482 1216 1670 1265 dederunt,
1681 1217 1839 1255 maxime
1854 1217 2014 1256 omnium
2027 1232 2066 1256 ac
2075 1233 2215 1257 summo

1259 1275 1436 1315 desiderio
1446 1278 1634 1328 requirere.
1655 1277 1831 1329 Quodque
1846 1278 1912 1316 ista
1923 1279 1974 1317 sic
1984 1293 2020 1317 se
2039 1280 2213 1326 habeant,

1261 1336 1336 1388 ipse
1348 1338 1552 1389 patriarcha
1565 1339 1668 1376 nobis
1682 1338 1816 1376 indicat
1829 1369 1838 1387 ,
1855 1340 1915 1390 qui
1929 1340 2015 1378 fletu
2029 1354 2070 1378 ac
2083 1341 2215 1378 lamen-

1259 1397 1391 1435 tatione
1406 1398 1506 1436 illam
1523 1408 1761 1450 prosequutus
1775 1408 1838 1438 est.
1863 1400 1952 1448 Quis
1967 1401 2042 1452 jam
2058 1401 2213 1452 reliquas

1259 1471 1362 1495 curas
1380 1472 1561 1497 recensere
1580 1460 1713 1511 possit,
1735 1474 1823 1510 quas
1845 1475 1911 1512 pro
1930 1461 2028 1507 filio,
2051 1476 2116 1513 pro
2137 1463 2213 1514 ejus

1260 1532 1386 1567 uxore,
1396 1534 1462 1572 pro
1469 1520 1642 1558 fratribus
1651 1520 1747 1558 illius
1757 1522 1924 1573 suscepit,
1932 1522 2072 1572 aliaque
2079 1523 2210 1561 omnia:

1260 1593 1339 1629 quae
1374 1581 1435 1631 qui
1466 1581 1513 1618 ad
1533 1581 1702 1618 amussim
1733 1581 1955 1619 considerare
1982 1583 2086 1631 velit,
2109 1583 2213 1635 longe

1260 1640 1529 1678 laboriosiorem
1539 1641 1629 1693 justi
1644 1642 1753 1693 hujus
1763 1642 1875 1680 vitam
1887 1672 1896 1690 ,
1912 1642 2078 1694 curisque
2091 1657 2213 1682 cumu-

1258 1701 1422 1739 latiorem
1439 1702 1653 1754 perspiciet,
1671 1716 1778 1753 quam
1793 1703 1869 1754 ejus
1887 1717 1991 1754 quem
2006 1705 2114 1756 paulo
2134 1714 2214 1743 ante

1211 1776 1235 1806 B
1259 1761 1515 1800 indicavimus.
1540 1763 1723 1814 Praecipua
1744 1763 1839 1801 enim
1861 1773 2000 1802 tantum
2026 1766 2212 1818 Scriptura

1261 1837 1422 1873 narrans,
1432 1832 1556 1861 caetera
1568 1824 1671 1861 nobis
1680 1825 1796 1862 omnia
1808 1826 2041 1864 examinanda
2056 1828 2213 1879 reliquit,

1261 1899 1340 1936 quae
1362 1885 1489 1924 diebus
1506 1886 1657 1937 singulis
1673 1886 1871 1925 verisimile
1889 1897 1940 1926 est
1958 1888 2055 1926 domi
2076 1890 2214 1928 contin-

1260 1959 1356 1997 gere,
1378 1946 1442 1984 ubi
1463 1960 1646 1985 servorum
1660 1956 1712 1986 est
1728 1948 1935 1995 multitudo,
1955 1949 2026 1996 vir,
2044 1965 2151 1998 uxor,
2172 1966 2212 1989 ac

1261 2007 1341 2056 filii,
1357 2007 1624 2059 multarumque
1638 2022 1757 2047 rerum
1773 2024 1858 2048 cura
1873 2024 1914 2048 ac
1928 2010 2143 2050 sollicitudo.
2161 2013 2212 2050 Ita

1261 2081 1364 2117 sane,
1392 2068 1553 2119 inquies,
1574 2069 1635 2109 sed
1660 2070 1712 2107 illi
1735 2071 1902 2109 solatium
1921 2071 2055 2110 screbat
2072 2073 2108 2110 in
2135 2073 2213 2110 sin-

1260 2128 1355 2180 gulis
1381 2129 1588 2181 hujusmodi
1607 2130 1768 2170 adversis
1782 2162 1791 2179 ,
1814 2132 1912 2183 quod
1931 2142 2077 2185 propter
2095 2134 2213 2172 Deum

1259 2191 1323 2228 illa
1352 2191 1469 2228 omnia
1498 2200 1689 2244 pateretur.
1710 2193 1757 2231 Et
1787 2202 1819 2231 te
1840 2193 1958 2245 ipsum
1988 2194 2098 2246 igitur
2119 2195 2212 2234 illud

1261 2251 1518 2290 consolabitur.
1540 2253 1670 2291 Nullus
1690 2254 1783 2291 enim
1802 2255 1959 2307 profecto
1973 2285 1983 2303 ,
2005 2256 2071 2293 nisi
2091 2258 2187 2295 Deus
2200 2287 2209 2304 ‚

1583 225 1651 258 HR
1662 248 1670 258 .
1707 227 1751 259 11.

1260 2312 1325 2349 tibi
1350 2312 1441 2350 hanc
1464 2313 1586 2351 inferri
1616 2315 1845 2353 tentationem
1866 2317 2038 2368 permisit.
2061 2319 2152 2356 Nam
2181 2319 2210 2356 si
2228 2340 2337 2367 „atah
2361 2340 2379 2367 8

1259 2386 1302 2410 ne
1322 2387 1450 2425 porcos
1471 2373 1614 2424 quidem
1629 2375 1798 2413 invadet-c
1813 2377 2020 2426 nequissimi
2036 2377 2212 2418 daemones
2226 2382 2276 2409 3⁰·
2297 2391 2359 2418 ἑψι-

1210 2429 1233 2460 C
1258 2434 1333 2471 ausi
1362 2435 1514 2481 suerint,
1536 2435 1601 2472 nisi
1624 2436 1724 2486 prius
1752 2437 1814 2474 illc
1834 2438 2074 2492 permitteret,
2097 2442 2211 2478 multo

1259 2494 1376 2531 minus
1403 2495 1593 2546 pretiosam
1614 2496 1783 2534 animam.
1803 2498 1904 2534 Sicut
1924 2498 2037 2548 igitur
2058 2499 2137 2537 viro
2156 2501 2208 2538 illi

1257 2554 1354 2606 quod
1384 2555 1521 2593 sortiter
1542 2557 1660 2593 omnia
1693 2565 1726 2593 ct
1753 2570 1834 2595 cum
1855 2559 2053 2608 gratiarnm
2073 2561 2210 2599 actione

1259 2617 1382 2664 ferret,
1403 2617 1439 2654 id
1460 2617 1608 2654 multam
1628 2618 1777 2655 contulit
1796 2621 2013 2663 mercedem,
2033 2621 2079 2658 ita
2097 2623 2208 2674 pariet

1258 2688 1291 2716 ct
1313 2677 1398 2725 tibi,
1421 2678 1448 2715 si
1471 2677 1576 2715 modo
1599 2692 1666 2715 non
1689 2678 1846 2728 graviter
1861 2689 1965 2731 atquc
1984 2681 2210 2733 indignanter

1259 2739 1360 2786 feras,
1378 2737 1437 2776 scd
1455 2740 1489 2776 in
1505 2738 1670 2776 omnibus
1690 2739 1821 2788 gratias
1837 2753 1920 2790 agas
1937 2740 2210 2781 clementissimo

1263 2802 1347 2838 Deo.
1372 2801 1461 2838 Nam
1479 2809 1512 2838 ct
1530 2800 1651 2838 beatus
1668 2801 1736 2840 ,lob
1752 2816 1789 2838 ca
1809 2816 1886 2852 qua·
1903 2816 2025 2855 passus
2042 2814 2092 2842 cst
2105 2835 2112 2848 .
2136 2807 2210 2844 Deo

1260 2862 1484 2914 permittente
1511 2876 1700 2914 pcrpvsms
1719 2871 1769 2899 est
1798 2878 1804 2898 :
1826 2864 1966 2901 coronis
1994 2874 2111 2904 tamen
2141 2881 2208 2905 ιιυιι

1262 2922 1342 2960 ideo
1361 2932 1497 2961 tantum
1514 2922 1665 2960 donatus
1681 2932 1743 2965 cst,
1761 2923 1844 2974 quin
1864 2939 1987 2976 passus
2005 2936 2070 2971 est.
2087 2942 2210 2966 verum

1262 2984 1366 3022 υιίιιιιι
1385 2985 1466 3035 quia
1487 2993 1606 3021 contra
1623 2983 1768 3021 adven-m
1786 2985 1903 3022 omnia
1923 2986 2209 3038 stu·tis.·1tqm·in-

1264 3045 1442 3083 violabilis
1461 3044 1624 3098 perstiti&
1642 3043 1936 3096 .·ulmiramurqu‹=
1958 3046 2060 3085 illum
2077 3063 2210 3091 nunties.

1264 3122 1330 3145 ιιυιι
1347 3106 1442 3157 quod
1461 3107 1621 3159 prix-*itus
1639 3106 1806 3143 uiimilms
1819 3122 1836 3143 a
1854 3106 1998 3146 diabolo
2017 3109 2133 3152 suerit.
2150 3110 2209 3147 sul

1261 3168 1341 3218 quisi
1364 3168 1454 3205 intvi-
1471 3166 1674 3204 lia-comnia
1701 3180 1768 3204 ιιιιιι
1793 3168 1987 3218 peccaverit
2003 3199 2012 3212 ,
2039 3183 2081 3206 ιιι*
2098 3170 2131 3207 ιιι
2154 3169 2208 3208 la-

1263 3229 1329 3266 biis
1348 3229 1492 3278 ιΙιιίιΙι-ιιι
1514 3228 1597 3264 suis.
1644 3276 1648 3280 Α

1316 3293 1377 3327 w.
1412 3291 1590 3336 Quoniam
1623 3303 1704 3325 ιἰϊυ
1729 3288 1773 3325 dt·
1794 3289 1862 3328 sul·
1884 3290 2094 3328 mentium-m
2119 3293 2205 3333 scri,

1263 3351 1386 3388 ιἰ·ΙΙι·ιιι
1401 3349 1544 3399 quidem
1562 3349 1662 3398 lunga
1682 3350 1792 3401 ipsius
1805 3350 1973 3393 lamenta,
1989 3354 2190 3403 pasionum

1157 3412 1187 3446 ’Ϊέ
1215 3420 1236 3447 Ιι
1260 3425 1327 3460 «μιν
1347 3410 1600 3447 ιϊΙιι·ιιι(·ιιιί.-ιιιι
1623 3412 1782 3460 persequi
1805 3426 1809 3446 z
1830 3425 1951 3449 ιϊιιιιιι
1973 3427 2014 3449 ιιι·
2035 3414 2203 3464 prolixiu·
