<?xml version="1.0" encoding="UTF-8"?>
<!DOCTYPE html PUBLIC "-//W3C//DTD XHTML 1.0 Transitional//EN"
    "http://www.w3.org/TR/xhtml1/DTD/xhtml1-transitional.dtd">
<html xmlns="http://www.w3.org/1999/xhtml" xml:lang="en" lang="en">
 <head>
  <title>
</title>
<meta http-equiv="Content-Type" content="text/html;charset=utf-8" />
  <meta name='ocr-system' content='tesseract 3.04.00' />
  <meta name='ocr-capabilities' content='ocr_page ocr_carea ocr_par ocr_line ocrx_word'/>
</head>
<body>
  <div class='ocr_page' id='page_1' title='image "./operaomniaquaeex01johnuoft/operaomniaquaeex01johnuoft_0084.png"; bbox 0 0 2513 3871; ppageno 0'>
   <div class='ocr_carea' id='block_1_1' title="bbox 313 204 372 260">
    <p class='ocr_par' dir='ltr' id='par_1_1' title="bbox 313 204 372 260">
     <span class='ocr_line' id='line_1_1' title="bbox 313 204 372 260; baseline 0 0"><span class='ocrx_word' id='word_1_1' title='bbox 313 204 372 260; x_wconf 73' lang='lat'>54</span> 
     </span>
    </p>
   </div>
   <div class='ocr_carea' id='block_1_2' title="bbox 721 221 1903 262">
    <p class='ocr_par' dir='ltr' id='par_1_2' title="bbox 721 221 1903 262">
     <span class='ocr_line' id='line_1_2' title="bbox 721 221 1903 262; baseline 0.01 -11"><span class='ocrx_word' id='word_1_2' title='bbox 721 221 760 252; x_wconf 84' lang='lat' dir='ltr'>S.</span> <span class='ocrx_word' id='word_1_3' title='bbox 798 222 984 254; x_wconf 70' lang='lat' dir='ltr'>JOANNIS</span> <span class='ocrx_word' id='word_1_4' title='bbox 1018 223 1260 255; x_wconf 75' lang='lat' dir='ltr'>cuRYSOS‘r.</span> <span class='ocrx_word' id='word_1_5' title='bbox 1301 224 1508 259; x_wconf 78' lang='lat' dir='ltr'>AncmEP.</span> <span class='ocrx_word' id='word_1_6' title='bbox 1545 230 1903 262; x_wconf 72' lang='lat' dir='ltr'><strong>CONSTANTINOP.</strong></span> 
     </span>
    </p>
   </div>
   <div class='ocr_carea' id='block_1_3' title="bbox 305 344 2357 381">
    <p class='ocr_par' dir='ltr' id='par_1_3' title="bbox 305 344 2357 381">
     <span class='ocr_line' id='line_1_3' title="bbox 305 344 2357 381; baseline 0.009 -23"><span class='ocrx_word' id='word_1_7' title='bbox 305 344 2357 381; x_wconf 38' lang='grc' dir='ltr'>Ἦ</span> 
     </span>
    </p>
   </div>
   <div class='ocr_carea' id='block_1_4' title="bbox 1281 454 1312 479">
    <p class='ocr_par' dir='ltr' id='par_1_4' title="bbox 1281 454 1312 479">
     <span class='ocr_line' id='line_1_4' title="bbox 1281 454 1312 479; baseline 0 0"><span class='ocrx_word' id='word_1_8' title='bbox 1281 454 1312 479; x_wconf 69' lang='lat'>44</span> 
     </span>
    </p>
   </div>
   <div class='ocr_carea' id='block_1_5' title="bbox 403 447 1311 519">
    <p class='ocr_par' dir='ltr' id='par_1_5' title="bbox 403 447 1311 519">
     <span class='ocr_line' id='line_1_5' title="bbox 403 447 1311 519; baseline 0.011 -36"><span class='ocrx_word' id='word_1_9' title='bbox 403 447 694 488; x_wconf 82' lang='lat' dir='ltr'><em>ADVERSUS</em></span> <span class='ocrx_word' id='word_1_10' title='bbox 722 450 1170 491; x_wconf 82' lang='lat' dir='ltr'><em>OPPUGNATORES</em></span> <span class='ocrx_word' id='word_1_11' title='bbox 1286 490 1311 519; x_wconf 80' lang='lat' dir='ltr'>A</span> 
     </span>
    </p>
   </div>
   <div class='ocr_carea' id='block_1_6' title="bbox 306 553 1259 606">
    <p class='ocr_par' dir='ltr' id='par_1_6' title="bbox 306 553 1259 606">
     <span class='ocr_line' id='line_1_6' title="bbox 306 553 1259 606; baseline 0.01 -17"><span class='ocrx_word' id='word_1_12' title='bbox 306 565 436 590; x_wconf 85' lang='lat' dir='ltr'>eorum</span> <span class='ocrx_word' id='word_1_13' title='bbox 459 555 527 606; x_wconf 78' lang='lat' dir='ltr'>qui</span> <span class='ocrx_word' id='word_1_14' title='bbox 555 553 609 592; x_wconf 88' lang='lat' dir='ltr'>ad</span> <span class='ocrx_word' id='word_1_15' title='bbox 633 559 889 595; x_wconf 84' lang='lat' dir='ltr'>monasticam</span> <span class='ocrx_word' id='word_1_16' title='bbox 910 561 1036 597; x_wconf 81' lang='lat' dir='ltr'>vitam</span> <span class='ocrx_word' id='word_1_17' title='bbox 1057 559 1259 599; x_wconf 80' lang='lat' dir='ltr'>inducunt.</span> 
     </span>
    </p>
   </div>
   <div class='ocr_carea' id='block_1_7' title="bbox 303 660 1258 777">
    <p class='ocr_par' dir='ltr' id='par_1_7' title="bbox 303 660 1258 777">
     <span class='ocr_line' id='line_1_7' title="bbox 358 660 1258 718; baseline 0.01 -22"><span class='ocrx_word' id='word_1_18' title='bbox 358 660 394 697; x_wconf 83' lang='grc'>1.</span> <span class='ocrx_word' id='word_1_19' title='bbox 425 660 516 698; x_wconf 90' lang='lat' dir='ltr'>Cum</span> <span class='ocrx_word' id='word_1_20' title='bbox 551 662 725 715; x_wconf 85' lang='lat' dir='ltr'>templum</span> <span class='ocrx_word' id='word_1_21' title='bbox 757 663 852 703; x_wconf 87' lang='lat' dir='ltr'>illud</span> <span class='ocrx_word' id='word_1_22' title='bbox 881 664 1222 718; x_wconf 75' lang='lat' dir='ltr'>Jerosolymitanum</span> <span class='ocrx_word' id='word_1_23' title='bbox 1249 697 1258 715; x_wconf 90' lang='lat'><em>,</em></span> 
     </span>
     <span class='ocr_line' id='line_1_8' title="bbox 303 719 1257 777; baseline 0.009 -20"><span class='ocrx_word' id='word_1_24' title='bbox 303 719 400 770; x_wconf 90' lang='lat' dir='ltr'>quod</span> <span class='ocrx_word' id='word_1_25' title='bbox 432 721 557 759; x_wconf 89' lang='lat' dir='ltr'>multis</span> <span class='ocrx_word' id='word_1_26' title='bbox 582 722 683 760; x_wconf 90' lang='lat' dir='ltr'>annis</span> <span class='ocrx_word' id='word_1_27' title='bbox 718 723 794 761; x_wconf 89' lang='lat' dir='ltr'>solo</span> <span class='ocrx_word' id='word_1_28' title='bbox 828 733 1006 775; x_wconf 73' lang='lat' dir='ltr'>mquatum</span> <span class='ocrx_word' id='word_1_29' title='bbox 1031 726 1215 777; x_wconf 83' lang='lat' dir='ltr'>jacuerat,</span> <span class='ocrx_word' id='word_1_30' title='bbox 1237 742 1257 766; x_wconf 86' lang='lat' dir='ltr'>a</span> 
     </span>
    </p>
   </div>
   <div class='ocr_carea' id='block_1_8' title="bbox 104 778 1258 835">
    <p class='ocr_par' dir='ltr' id='par_1_8' title="bbox 104 778 1258 835">
     <span class='ocr_line' id='line_1_9' title="bbox 104 778 1258 835; baseline 0.007 -16"><span class='ocrx_word' id='word_1_31' title='bbox 104 787 120 807; x_wconf 86' lang='lat'>²</span> <span class='ocrx_word' id='word_1_32' title='bbox 138 779 240 809; x_wconf 46' lang='lat' dir='ltr'>5¹³&amp;oe</span> <span class='ocrx_word' id='word_1_33' title='bbox 254 778 285 820; x_wconf 76' lang='grc'>4·</span> <span class='ocrx_word' id='word_1_34' title='bbox 301 780 472 820; x_wconf 86' lang='lat' dir='ltr'>diuturna</span> <span class='ocrx_word' id='word_1_35' title='bbox 500 783 708 835; x_wconf 87' lang='lat' dir='ltr'>captivitate</span> <span class='ocrx_word' id='word_1_36' title='bbox 739 785 870 823; x_wconf 77' lang='lat' dir='ltr'>reversi</span> <span class='ocrx_word' id='word_1_37' title='bbox 900 785 1040 824; x_wconf 84' lang='lat' dir='ltr'>Hebraei</span> <span class='ocrx_word' id='word_1_38' title='bbox 1059 786 1258 828; x_wconf 86' lang='lat' dir='ltr'>instaurare</span> 
     </span>
    </p>
   </div>
   <div class='ocr_carea' id='block_1_9' title="bbox 285 845 1301 2856">
    <p class='ocr_par' dir='ltr' id='par_1_9' title="bbox 301 845 1257 897">
     <span class='ocr_line' id='line_1_10' title="bbox 301 845 1257 897; baseline 0.009 -18"><span class='ocrx_word' id='word_1_39' title='bbox 301 852 491 894; x_wconf 84' lang='lat' dir='ltr'>cuperent,</span> <span class='ocrx_word' id='word_1_40' title='bbox 515 853 591 882; x_wconf 92' lang='lat' dir='ltr'>tum</span> <span class='ocrx_word' id='word_1_41' title='bbox 611 845 755 883; x_wconf 87' lang='lat' dir='ltr'>barbari</span> <span class='ocrx_word' id='word_1_42' title='bbox 776 845 924 897; x_wconf 77' lang='lat' dir='ltr'>quidam</span> <span class='ocrx_word' id='word_1_43' title='bbox 948 857 982 886; x_wconf 86' lang='lat' dir='ltr'>et</span> <span class='ocrx_word' id='word_1_44' title='bbox 1000 848 1172 888; x_wconf 87' lang='lat' dir='ltr'>immanes</span> <span class='ocrx_word' id='word_1_45' title='bbox 1191 850 1257 889; x_wconf 85' lang='lat' dir='ltr'>ho-</span> 
     </span>
    </p>

    <p class='ocr_par' dir='ltr' id='par_1_10' title="bbox 301 903 1254 962">
     <span class='ocr_line' id='line_1_11' title="bbox 301 903 1254 962; baseline 0.009 -21"><span class='ocrx_word' id='word_1_46' title='bbox 301 903 437 952; x_wconf 85' lang='lat' dir='ltr'>mines,</span> <span class='ocrx_word' id='word_1_47' title='bbox 462 918 576 956; x_wconf 86' lang='lat' dir='ltr'>neque</span> <span class='ocrx_word' id='word_1_48' title='bbox 597 906 713 945; x_wconf 90' lang='lat' dir='ltr'>Deum</span> <span class='ocrx_word' id='word_1_49' title='bbox 741 908 908 957; x_wconf 77' lang='lat' dir='ltr'>reveriti,</span> <span class='ocrx_word' id='word_1_50' title='bbox 928 909 986 947; x_wconf 91' lang='lat' dir='ltr'>cui</span> <span class='ocrx_word' id='word_1_51' title='bbox 1010 911 1182 962; x_wconf 87' lang='lat' dir='ltr'>templum</span> <span class='ocrx_word' id='word_1_52' title='bbox 1202 912 1254 950; x_wconf 90' lang='lat' dir='ltr'>illi</span> 
     </span>
    </p>

    <p class='ocr_par' dir='ltr' id='par_1_11' title="bbox 301 969 1250 1022">
     <span class='ocr_line' id='line_1_12' title="bbox 301 969 1250 1022; baseline 0.009 -20"><span class='ocrx_word' id='word_1_53' title='bbox 301 976 498 1015; x_wconf 73' lang='lat' dir='ltr'>erexerant,</span> <span class='ocrx_word' id='word_1_54' title='bbox 511 981 624 1019; x_wconf 89' lang='lat' dir='ltr'>neque</span> <span class='ocrx_word' id='word_1_55' title='bbox 644 969 744 1007; x_wconf 82' lang='lat' dir='ltr'>fracti</span> <span class='ocrx_word' id='word_1_56' title='bbox 762 969 822 1008; x_wconf 91' lang='lat' dir='ltr'>illa</span> <span class='ocrx_word' id='word_1_57' title='bbox 837 969 1024 1009; x_wconf 87' lang='lat' dir='ltr'>hominum</span> <span class='ocrx_word' id='word_1_58' title='bbox 1036 969 1250 1022; x_wconf 81' lang='lat' dir='ltr'>calamitate,</span> 
     </span>
    </p>

    <p class='ocr_par' dir='ltr' id='par_1_12' title="bbox 298 1029 1254 1088">
     <span class='ocr_line' id='line_1_13' title="bbox 298 1029 1254 1088; baseline 0.009 -24"><span class='ocrx_word' id='word_1_59' title='bbox 298 1041 319 1064; x_wconf 86' lang='lat' dir='ltr'>a</span> <span class='ocrx_word' id='word_1_60' title='bbox 337 1041 407 1078; x_wconf 91' lang='lat' dir='ltr'>qua</span> <span class='ocrx_word' id='word_1_61' title='bbox 428 1042 505 1066; x_wconf 85' lang='lat' dir='ltr'>sero</span> <span class='ocrx_word' id='word_1_62' title='bbox 527 1029 666 1068; x_wconf 89' lang='lat' dir='ltr'>tandem</span> <span class='ocrx_word' id='word_1_63' title='bbox 689 1031 752 1069; x_wconf 79' lang='lat' dir='ltr'>vix</span> <span class='ocrx_word' id='word_1_64' title='bbox 765 1045 801 1069; x_wconf 89' lang='lat' dir='ltr'>se</span> <span class='ocrx_word' id='word_1_65' title='bbox 819 1043 1034 1085; x_wconf 81' lang='lat' dir='ltr'>receperant,</span> <span class='ocrx_word' id='word_1_66' title='bbox 1044 1048 1156 1086; x_wconf 86' lang='lat' dir='ltr'>neque</span> <span class='ocrx_word' id='word_1_67' title='bbox 1171 1050 1254 1088; x_wconf 85' lang='lat' dir='ltr'>sup-</span> 
     </span>
    </p>

    <p class='ocr_par' dir='ltr' id='par_1_13' title="bbox 285 1088 1301 2856">
     <span class='ocr_line' id='line_1_14' title="bbox 298 1088 1301 1147; baseline 0.008 -22"><span class='ocrx_word' id='word_1_68' title='bbox 298 1088 399 1140; x_wconf 87' lang='lat' dir='ltr'>plicii</span> <span class='ocrx_word' id='word_1_69' title='bbox 418 1089 622 1141; x_wconf 85' lang='lat' dir='ltr'>hujusmodi</span> <span class='ocrx_word' id='word_1_70' title='bbox 640 1091 860 1131; x_wconf 79' lang='lat' dir='ltr'>facinoribus</span> <span class='ocrx_word' id='word_1_71' title='bbox 877 1108 896 1132; x_wconf 87' lang='lat' dir='ltr'>a</span> <span class='ocrx_word' id='word_1_72' title='bbox 914 1095 988 1133; x_wconf 90' lang='lat' dir='ltr'>Deo</span> <span class='ocrx_word' id='word_1_73' title='bbox 1003 1095 1164 1147; x_wconf 85' lang='lat' dir='ltr'>deputati</span> <span class='ocrx_word' id='word_1_74' title='bbox 1181 1111 1255 1135; x_wconf 86' lang='lat' dir='ltr'>me·</span> <span class='ocrx_word' id='word_1_75' title='bbox 1278 1103 1301 1133; x_wconf 85' lang='lat' dir='ltr'>B</span> 
     </span>
     <span class='ocr_line' id='line_1_15' title="bbox 298 1151 1252 1207; baseline 0.008 -20"><span class='ocrx_word' id='word_1_76' title='bbox 298 1159 335 1188; x_wconf 90' lang='lat' dir='ltr'>tu</span> <span class='ocrx_word' id='word_1_77' title='bbox 355 1151 520 1196; x_wconf 83' lang='lat' dir='ltr'>cohibiti,</span> <span class='ocrx_word' id='word_1_78' title='bbox 542 1153 657 1203; x_wconf 88' lang='lat' dir='ltr'>primo</span> <span class='ocrx_word' id='word_1_79' title='bbox 672 1152 817 1204; x_wconf 80' lang='lat' dir='ltr'>quidem</span> <span class='ocrx_word' id='word_1_80' title='bbox 837 1169 900 1207; x_wconf 88' lang='lat' dir='ltr'>per</span> <span class='ocrx_word' id='word_1_81' title='bbox 916 1169 952 1193; x_wconf 79' lang='lat' dir='ltr'>se</span> <span class='ocrx_word' id='word_1_82' title='bbox 967 1170 1025 1194; x_wconf 86' lang='lat' dir='ltr'>eos</span> <span class='ocrx_word' id='word_1_83' title='bbox 1040 1170 1058 1193; x_wconf 90' lang='lat' dir='ltr'>a</span> <span class='ocrx_word' id='word_1_84' title='bbox 1075 1165 1252 1196; x_wconf 87' lang='lat' dir='ltr'>structura</span> 
     </span>
     <span class='ocr_line' id='line_1_16' title="bbox 297 1213 1253 1270; baseline 0.009 -22"><span class='ocrx_word' id='word_1_85' title='bbox 297 1225 458 1250; x_wconf 82' lang='lat' dir='ltr'>coercere</span> <span class='ocrx_word' id='word_1_86' title='bbox 482 1213 710 1251; x_wconf 77' lang='lat' dir='ltr'>nitebantur:</span> <span class='ocrx_word' id='word_1_87' title='bbox 732 1229 814 1253; x_wconf 88' lang='lat' dir='ltr'>cum</span> <span class='ocrx_word' id='word_1_88' title='bbox 842 1225 959 1254; x_wconf 87' lang='lat' dir='ltr'>autem</span> <span class='ocrx_word' id='word_1_89' title='bbox 991 1217 1081 1255; x_wconf 88' lang='lat' dir='ltr'>nihil</span> <span class='ocrx_word' id='word_1_90' title='bbox 1102 1218 1253 1270; x_wconf 84' lang='lat' dir='ltr'>profice-</span> 
     </span>
     <span class='ocr_line' id='line_1_17' title="bbox 295 1273 1248 1329; baseline 0.009 -20"><span class='ocrx_word' id='word_1_91' title='bbox 295 1281 392 1321; x_wconf 80' lang='lat' dir='ltr'>rent,</span> <span class='ocrx_word' id='word_1_92' title='bbox 405 1273 521 1311; x_wconf 89' lang='lat' dir='ltr'>missis</span> <span class='ocrx_word' id='word_1_93' title='bbox 540 1274 585 1312; x_wconf 85' lang='lat' dir='ltr'>ad</span> <span class='ocrx_word' id='word_1_94' title='bbox 605 1288 721 1326; x_wconf 82' lang='lat' dir='ltr'>regem</span> <span class='ocrx_word' id='word_1_95' title='bbox 749 1291 854 1314; x_wconf 89' lang='lat' dir='ltr'>suum</span> <span class='ocrx_word' id='word_1_96' title='bbox 875 1278 1009 1326; x_wconf 89' lang='lat' dir='ltr'>literis,</span> <span class='ocrx_word' id='word_1_97' title='bbox 1023 1278 1155 1329; x_wconf 87' lang='lat' dir='ltr'>quibus</span> <span class='ocrx_word' id='word_1_98' title='bbox 1172 1293 1248 1318; x_wconf 86' lang='lat' dir='ltr'>eam</span> 
     </span>
     <span class='ocr_line' id='line_1_18' title="bbox 296 1333 1249 1388; baseline 0.008 -18"><span class='ocrx_word' id='word_1_99' title='bbox 296 1333 420 1371; x_wconf 87' lang='lat' dir='ltr'>urbem</span> <span class='ocrx_word' id='word_1_100' title='bbox 455 1333 662 1372; x_wconf 80' lang='lat' dir='ltr'>defectionis</span> <span class='ocrx_word' id='word_1_101' title='bbox 691 1349 939 1388; x_wconf 85' lang='lat' dir='ltr'>novarumque</span> <span class='ocrx_word' id='word_1_102' title='bbox 959 1352 1076 1376; x_wconf 86' lang='lat' dir='ltr'>rerum</span> <span class='ocrx_word' id='word_1_103' title='bbox 1107 1339 1249 1378; x_wconf 89' lang='lat' dir='ltr'>studio-</span> 
     </span>
     <span class='ocr_line' id='line_1_19' title="bbox 293 1394 1248 1449; baseline 0.007 -18"><span class='ocrx_word' id='word_1_104' title='bbox 293 1407 390 1440; x_wconf 87' lang='lat' dir='ltr'>sam,</span> <span class='ocrx_word' id='word_1_105' title='bbox 407 1408 448 1432; x_wconf 89' lang='lat' dir='ltr'>ac</span> <span class='ocrx_word' id='word_1_106' title='bbox 467 1394 552 1432; x_wconf 90' lang='lat' dir='ltr'>belli</span> <span class='ocrx_word' id='word_1_107' title='bbox 572 1395 739 1448; x_wconf 85' lang='lat' dir='ltr'>cupidam</span> <span class='ocrx_word' id='word_1_108' title='bbox 759 1397 1012 1449; x_wconf 87' lang='lat' dir='ltr'>appellabant,</span> <span class='ocrx_word' id='word_1_109' title='bbox 1025 1399 1175 1438; x_wconf 81' lang='lat' dir='ltr'>suadent</span> <span class='ocrx_word' id='word_1_110' title='bbox 1192 1400 1248 1449; x_wconf 89' lang='lat' dir='ltr'>ei,</span> 
     </span>
     <span class='ocr_line' id='line_1_20' title="bbox 291 1452 1247 1507; baseline 0.006 -17"><span class='ocrx_word' id='word_1_111' title='bbox 291 1461 331 1490; x_wconf 87' lang='lat' dir='ltr'>ut</span> <span class='ocrx_word' id='word_1_112' title='bbox 345 1452 415 1491; x_wconf 88' lang='lat' dir='ltr'>sibi</span> <span class='ocrx_word' id='word_1_113' title='bbox 434 1453 592 1505; x_wconf 87' lang='lat' dir='ltr'>ejusdem</span> <span class='ocrx_word' id='word_1_114' title='bbox 615 1454 829 1507; x_wconf 87' lang='lat' dir='ltr'>prohibendi</span> <span class='ocrx_word' id='word_1_115' title='bbox 849 1455 994 1494; x_wconf 85' lang='lat' dir='ltr'>aedificii</span> <span class='ocrx_word' id='word_1_116' title='bbox 1012 1457 1161 1495; x_wconf 78' lang='lat' dir='ltr'>facultas</span> <span class='ocrx_word' id='word_1_117' title='bbox 1181 1457 1247 1496; x_wconf 87' lang='lat' dir='ltr'>de·</span> 
     </span>
     <span class='ocr_line' id='line_1_21' title="bbox 291 1515 1247 1569; baseline 0.007 -18"><span class='ocrx_word' id='word_1_118' title='bbox 291 1522 364 1551; x_wconf 86' lang='lat' dir='ltr'>tur.</span> <span class='ocrx_word' id='word_1_119' title='bbox 379 1515 459 1561; x_wconf 87' lang='lat' dir='ltr'>Qua</span> <span class='ocrx_word' id='word_1_120' title='bbox 476 1524 618 1567; x_wconf 88' lang='lat' dir='ltr'>accepta</span> <span class='ocrx_word' id='word_1_121' title='bbox 635 1524 810 1568; x_wconf 83' lang='lat' dir='ltr'>potestate</span> <span class='ocrx_word' id='word_1_122' title='bbox 825 1547 834 1563; x_wconf 91' lang='lat'>,</span> <span class='ocrx_word' id='word_1_123' title='bbox 849 1530 975 1568; x_wconf 85' lang='lat' dir='ltr'>magna</span> <span class='ocrx_word' id='word_1_124' title='bbox 991 1518 1151 1569; x_wconf 91' lang='lat' dir='ltr'>equitum</span> <span class='ocrx_word' id='word_1_125' title='bbox 1170 1533 1247 1558; x_wconf 83' lang='lat' dir='ltr'>ma-</span> 
     </span>
     <span class='ocr_line' id='line_1_22' title="bbox 291 1575 1246 1631; baseline 0.008 -19"><span class='ocrx_word' id='word_1_126' title='bbox 291 1588 341 1612; x_wconf 93' lang='lat' dir='ltr'>nu</span> <span class='ocrx_word' id='word_1_127' title='bbox 357 1575 459 1614; x_wconf 86' lang='lat' dir='ltr'>viros</span> <span class='ocrx_word' id='word_1_128' title='bbox 475 1575 591 1614; x_wconf 88' lang='lat' dir='ltr'>adorti</span> <span class='ocrx_word' id='word_1_129' title='bbox 607 1606 617 1624; x_wconf 90' lang='lat'>,</span> <span class='ocrx_word' id='word_1_130' title='bbox 633 1590 723 1629; x_wconf 86' lang='lat' dir='ltr'>opus</span> <span class='ocrx_word' id='word_1_131' title='bbox 738 1577 830 1615; x_wconf 87' lang='lat' dir='ltr'>illud</span> <span class='ocrx_word' id='word_1_132' title='bbox 843 1577 888 1615; x_wconf 89' lang='lat' dir='ltr'>ad</span> <span class='ocrx_word' id='word_1_133' title='bbox 904 1589 1042 1631; x_wconf 79' lang='lat' dir='ltr'>tempus</span> <span class='ocrx_word' id='word_1_134' title='bbox 1059 1580 1246 1620; x_wconf 78' lang='lat' dir='ltr'>intermitti</span> 
     </span>
     <span class='ocr_line' id='line_1_23' title="bbox 290 1637 1246 1695; baseline 0.008 -22"><span class='ocrx_word' id='word_1_135' title='bbox 290 1646 481 1688; x_wconf 84' lang='lat' dir='ltr'>coegerunt</span> <span class='ocrx_word' id='word_1_136' title='bbox 499 1651 507 1674; x_wconf 93' lang='lat'>:</span> <span class='ocrx_word' id='word_1_137' title='bbox 524 1638 564 1658; x_wconf 74' lang='lat'>*‘</span> <span class='ocrx_word' id='word_1_138' title='bbox 581 1646 612 1675; x_wconf 90' lang='lat' dir='ltr'>et</span> <span class='ocrx_word' id='word_1_139' title='bbox 629 1637 710 1675; x_wconf 89' lang='lat' dir='ltr'>elati</span> <span class='ocrx_word' id='word_1_140' title='bbox 729 1652 768 1676; x_wconf 88' lang='lat' dir='ltr'>ea</span> <span class='ocrx_word' id='word_1_141' title='bbox 785 1639 933 1677; x_wconf 86' lang='lat' dir='ltr'>victoria</span> <span class='ocrx_word' id='word_1_142' title='bbox 946 1670 955 1688; x_wconf 91' lang='lat'>,</span> <span class='ocrx_word' id='word_1_143' title='bbox 970 1640 1014 1678; x_wconf 88' lang='lat' dir='ltr'>de</span> <span class='ocrx_word' id='word_1_144' title='bbox 1035 1655 1102 1692; x_wconf 88' lang='lat' dir='ltr'>qua</span> <span class='ocrx_word' id='word_1_145' title='bbox 1124 1642 1246 1695; x_wconf 83' lang='lat' dir='ltr'>lugere</span> 
     </span>
     <span class='ocr_line' id='line_1_24' title="bbox 288 1696 1246 1753; baseline 0.007 -18"><span class='ocrx_word' id='word_1_146' title='bbox 288 1696 500 1745; x_wconf 82' lang='lat' dir='ltr'>debuerant,</span> <span class='ocrx_word' id='word_1_147' title='bbox 520 1698 780 1750; x_wconf 82' lang='lat' dir='ltr'>gloriabantur,</span> <span class='ocrx_word' id='word_1_148' title='bbox 798 1701 1042 1753; x_wconf 83' lang='lat' dir='ltr'>putabamque</span> <span class='ocrx_word' id='word_1_149' title='bbox 1060 1702 1156 1741; x_wconf 91' lang='lat' dir='ltr'>hunc</span> <span class='ocrx_word' id='word_1_150' title='bbox 1172 1718 1246 1743; x_wconf 87' lang='lat' dir='ltr'>esse</span> 
     </span>
     <span class='ocr_line' id='line_1_25' title="bbox 289 1757 1246 1804; baseline 0.008 -8"><span class='ocrx_word' id='word_1_151' title='bbox 289 1757 504 1796; x_wconf 88' lang='lat' dir='ltr'>insidiarum</span> <span class='ocrx_word' id='word_1_152' title='bbox 536 1773 685 1798; x_wconf 90' lang='lat' dir='ltr'>suarum</span> <span class='ocrx_word' id='word_1_153' title='bbox 720 1761 924 1799; x_wconf 88' lang='lat' dir='ltr'>terminum.</span> <span class='ocrx_word' id='word_1_154' title='bbox 963 1764 1011 1801; x_wconf 82' lang='lat' dir='ltr'>At</span> <span class='ocrx_word' id='word_1_155' title='bbox 1047 1773 1121 1802; x_wconf 89' lang='lat' dir='ltr'>erat</span> <span class='ocrx_word' id='word_1_156' title='bbox 1155 1764 1246 1804; x_wconf 88' lang='lat' dir='ltr'>illud</span> 
     </span>
     <span class='ocr_line' id='line_1_26' title="bbox 287 1820 1247 1876; baseline 0.009 -19"><span class='ocrx_word' id='word_1_157' title='bbox 287 1820 478 1859; x_wconf 84' lang='lat' dir='ltr'>exordium</span> <span class='ocrx_word' id='word_1_158' title='bbox 501 1821 712 1873; x_wconf 88' lang='lat' dir='ltr'>initiumque</span> <span class='ocrx_word' id='word_1_159' title='bbox 731 1837 852 1862; x_wconf 87' lang='lat' dir='ltr'>eorum</span> <span class='ocrx_word' id='word_1_160' title='bbox 866 1838 966 1876; x_wconf 86' lang='lat' dir='ltr'>‚quae</span> <span class='ocrx_word' id='word_1_161' title='bbox 983 1839 1020 1864; x_wconf 83' lang='lat' dir='ltr'>se</span> <span class='ocrx_word' id='word_1_162' title='bbox 1042 1840 1127 1864; x_wconf 78' lang='lat' dir='ltr'>mox</span> <span class='ocrx_word' id='word_1_163' title='bbox 1146 1827 1247 1866; x_wconf 87' lang='lat' dir='ltr'>inva-</span> 
     </span>
     <span class='ocr_line' id='line_1_27' title="bbox 287 1883 1247 1939; baseline 0.007 -20"><span class='ocrx_word' id='word_1_164' title='bbox 287 1895 371 1919; x_wconf 85' lang='lat' dir='ltr'>sura</span> <span class='ocrx_word' id='word_1_165' title='bbox 391 1891 490 1920; x_wconf 81' lang='lat' dir='ltr'>erant</span> <span class='ocrx_word' id='word_1_166' title='bbox 507 1911 516 1929; x_wconf 94' lang='lat'>‚</span> <span class='ocrx_word' id='word_1_167' title='bbox 534 1883 732 1921; x_wconf 87' lang='lat' dir='ltr'>malorum:</span> <span class='ocrx_word' id='word_1_168' title='bbox 749 1898 838 1936; x_wconf 88' lang='lat' dir='ltr'>opus</span> <span class='ocrx_word' id='word_1_169' title='bbox 857 1885 951 1923; x_wconf 87' lang='lat' dir='ltr'>enim</span> <span class='ocrx_word' id='word_1_170' title='bbox 972 1885 1063 1924; x_wconf 89' lang='lat' dir='ltr'>illud</span> <span class='ocrx_word' id='word_1_171' title='bbox 1083 1887 1247 1939; x_wconf 85' lang='lat' dir='ltr'>perficie-</span> 
     </span>
     <span class='ocr_line' id='line_1_28' title="bbox 287 1942 1244 1997; baseline 0.007 -17"><span class='ocrx_word' id='word_1_172' title='bbox 287 1942 394 1981; x_wconf 84' lang='lat' dir='ltr'>batur</span> <span class='ocrx_word' id='word_1_173' title='bbox 407 1973 418 1992; x_wconf 87' lang='lat'>‚</span> <span class='ocrx_word' id='word_1_174' title='bbox 438 1958 479 1981; x_wconf 86' lang='lat' dir='ltr'>ac</span> <span class='ocrx_word' id='word_1_175' title='bbox 499 1944 655 1995; x_wconf 83' lang='lat' dir='ltr'>denique</span> <span class='ocrx_word' id='word_1_176' title='bbox 669 1945 880 1997; x_wconf 73' lang='lat' dir='ltr'>praeelarum</span> <span class='ocrx_word' id='word_1_177' title='bbox 897 1955 1041 1985; x_wconf 86' lang='lat' dir='ltr'>nactum</span> <span class='ocrx_word' id='word_1_178' title='bbox 1055 1957 1107 1986; x_wconf 91' lang='lat' dir='ltr'>est</span> <span class='ocrx_word' id='word_1_179' title='bbox 1125 1948 1244 1987; x_wconf 83' lang='lat' dir='ltr'>finem.</span> 
     </span>
     <span class='ocr_line' id='line_1_29' title="bbox 288 2004 1244 2058; baseline 0.006 -16"><span class='ocrx_word' id='word_1_180' title='bbox 288 2005 384 2042; x_wconf 90' lang='lat' dir='ltr'>Tum</span> <span class='ocrx_word' id='word_1_181' title='bbox 408 2004 460 2042; x_wconf 92' lang='lat' dir='ltr'>illi</span> <span class='ocrx_word' id='word_1_182' title='bbox 479 2004 683 2043; x_wconf 89' lang='lat' dir='ltr'>didicerunt</span> <span class='ocrx_word' id='word_1_183' title='bbox 704 2035 713 2054; x_wconf 89' lang='lat'>,</span> <span class='ocrx_word' id='word_1_184' title='bbox 733 2020 774 2044; x_wconf 87' lang='lat' dir='ltr'>ac</span> <span class='ocrx_word' id='word_1_185' title='bbox 793 2020 854 2058; x_wconf 88' lang='lat' dir='ltr'>per</span> <span class='ocrx_word' id='word_1_186' title='bbox 870 2007 950 2044; x_wconf 89' lang='lat' dir='ltr'>illos</span> <span class='ocrx_word' id='word_1_187' title='bbox 965 2008 1124 2048; x_wconf 90' lang='lat' dir='ltr'>universi</span> <span class='ocrx_word' id='word_1_188' title='bbox 1141 2039 1152 2058; x_wconf 89' lang='lat'>,</span> <span class='ocrx_word' id='word_1_189' title='bbox 1174 2024 1244 2048; x_wconf 91' lang='lat' dir='ltr'>non</span> 
     </span>
     <span class='ocr_line' id='line_1_30' title="bbox 286 2065 1244 2120; baseline 0.006 -18"><span class='ocrx_word' id='word_1_190' title='bbox 286 2078 369 2102; x_wconf 88' lang='lat' dir='ltr'>cum</span> <span class='ocrx_word' id='word_1_191' title='bbox 384 2065 591 2103; x_wconf 88' lang='lat' dir='ltr'>hominibus</span> <span class='ocrx_word' id='word_1_192' title='bbox 605 2066 699 2104; x_wconf 89' lang='lat' dir='ltr'>bella</span> <span class='ocrx_word' id='word_1_193' title='bbox 714 2080 834 2118; x_wconf 84' lang='lat' dir='ltr'>gerere</span> <span class='ocrx_word' id='word_1_194' title='bbox 853 2067 1103 2108; x_wconf 85' lang='lat' dir='ltr'>Mithridatem</span> <span class='ocrx_word' id='word_1_195' title='bbox 1125 2070 1244 2120; x_wconf 90' lang='lat' dir='ltr'>illum,</span> 
     </span>
     <span class='ocr_line' id='line_1_31' title="bbox 286 2126 1244 2182; baseline 0.007 -19"><span class='ocrx_word' id='word_1_196' title='bbox 286 2126 342 2164; x_wconf 88' lang='lat' dir='ltr'>vel</span> <span class='ocrx_word' id='word_1_197' title='bbox 355 2126 466 2165; x_wconf 87' lang='lat' dir='ltr'>alium</span> <span class='ocrx_word' id='word_1_198' title='bbox 481 2128 698 2179; x_wconf 88' lang='lat' dir='ltr'>quempiam,</span> <span class='ocrx_word' id='word_1_199' title='bbox 711 2128 771 2179; x_wconf 88' lang='lat' dir='ltr'>qui</span> <span class='ocrx_word' id='word_1_200' title='bbox 784 2128 867 2167; x_wconf 87' lang='lat' dir='ltr'>honi</span> <span class='ocrx_word' id='word_1_201' title='bbox 879 2129 1017 2181; x_wconf 90' lang='lat' dir='ltr'>aliquid</span> <span class='ocrx_word' id='word_1_202' title='bbox 1032 2143 1135 2182; x_wconf 86' lang='lat' dir='ltr'>agere</span> <span class='ocrx_word' id='word_1_203' title='bbox 1147 2132 1244 2170; x_wconf 89' lang='lat' dir='ltr'>insti-</span> 
     </span>
     <span class='ocr_line' id='line_1_32' title="bbox 287 2188 1242 2245; baseline 0.006 -21"><span class='ocrx_word' id='word_1_204' title='bbox 287 2196 424 2226; x_wconf 77' lang='lat' dir='ltr'>tuentes</span> <span class='ocrx_word' id='word_1_205' title='bbox 442 2188 602 2226; x_wconf 88' lang='lat' dir='ltr'>homines</span> <span class='ocrx_word' id='word_1_206' title='bbox 616 2199 824 2241; x_wconf 79' lang='lat' dir='ltr'>oppugnet3</span> <span class='ocrx_word' id='word_1_207' title='bbox 851 2190 910 2228; x_wconf 82' lang='lat' dir='ltr'>sed</span> <span class='ocrx_word' id='word_1_208' title='bbox 928 2191 1046 2243; x_wconf 88' lang='lat' dir='ltr'>potius</span> <span class='ocrx_word' id='word_1_209' title='bbox 1064 2206 1146 2230; x_wconf 87' lang='lat' dir='ltr'>cum</span> <span class='ocrx_word' id='word_1_210' title='bbox 1166 2193 1242 2245; x_wconf 87' lang='lat' dir='ltr'>ipso</span> 
     </span>
     <span class='ocr_line' id='line_1_33' title="bbox 287 2249 1244 2302; baseline 0.004 -15"><span class='ocrx_word' id='word_1_211' title='bbox 287 2250 376 2298; x_wconf 87' lang='lat' dir='ltr'>Deo,</span> <span class='ocrx_word' id='word_1_212' title='bbox 391 2249 451 2300; x_wconf 87' lang='lat' dir='ltr'>qui</span> <span class='ocrx_word' id='word_1_213' title='bbox 469 2264 531 2302; x_wconf 86' lang='lat' dir='ltr'>per</span> <span class='ocrx_word' id='word_1_214' title='bbox 547 2250 626 2288; x_wconf 90' lang='lat' dir='ltr'>illos</span> <span class='ocrx_word' id='word_1_215' title='bbox 640 2250 846 2290; x_wconf 83' lang='lat' dir='ltr'>bonoratur.</span> <span class='ocrx_word' id='word_1_216' title='bbox 861 2252 932 2298; x_wconf 88' lang='lat' dir='ltr'>Qui</span> <span class='ocrx_word' id='word_1_217' title='bbox 948 2262 1065 2290; x_wconf 89' lang='lat' dir='ltr'>autem</span> <span class='ocrx_word' id='word_1_218' title='bbox 1080 2255 1154 2291; x_wconf 89' lang='lat' dir='ltr'>Deo</span> <span class='ocrx_word' id='word_1_219' title='bbox 1168 2254 1244 2291; x_wconf 82' lang='lat' dir='ltr'>hcl-</span> 
     </span>
     <span class='ocr_line' id='line_1_34' title="bbox 288 2311 1241 2365; baseline 0.005 -17"><span class='ocrx_word' id='word_1_220' title='bbox 288 2311 363 2349; x_wconf 90' lang='lat' dir='ltr'>lum</span> <span class='ocrx_word' id='word_1_221' title='bbox 381 2320 511 2357; x_wconf 90' lang='lat' dir='ltr'>movet,</span> <span class='ocrx_word' id='word_1_222' title='bbox 522 2325 714 2363; x_wconf 83' lang='lat' dir='ltr'>numquam</span> <span class='ocrx_word' id='word_1_223' title='bbox 731 2321 845 2365; x_wconf 82' lang='lat' dir='ltr'>potest</span> <span class='ocrx_word' id='word_1_224' title='bbox 858 2313 991 2351; x_wconf 89' lang='lat' dir='ltr'>bonum</span> <span class='ocrx_word' id='word_1_225' title='bbox 1003 2313 1089 2352; x_wconf 86' lang='lat' dir='ltr'>belli</span> <span class='ocrx_word' id='word_1_226' title='bbox 1104 2315 1241 2353; x_wconf 81' lang='lat' dir='ltr'>exitum</span> 
     </span>
     <span class='ocr_line' id='line_1_35' title="bbox 288 2371 1242 2423; baseline 0.004 -14"><span class='ocrx_word' id='word_1_227' title='bbox 288 2371 417 2410; x_wconf 87' lang='lat' dir='ltr'>habere</span> <span class='ocrx_word' id='word_1_228' title='bbox 431 2387 438 2408; x_wconf 94' lang='lat'>:</span> <span class='ocrx_word' id='word_1_229' title='bbox 453 2372 516 2410; x_wconf 91' lang='lat' dir='ltr'>sed</span> <span class='ocrx_word' id='word_1_230' title='bbox 534 2373 562 2409; x_wconf 91' lang='lat' dir='ltr'>is</span> <span class='ocrx_word' id='word_1_231' title='bbox 578 2371 724 2423; x_wconf 81' lang='lat' dir='ltr'>quidem</span> <span class='ocrx_word' id='word_1_232' title='bbox 743 2372 845 2411; x_wconf 91' lang='lat' dir='ltr'>initio</span> <span class='ocrx_word' id='word_1_233' title='bbox 865 2373 1031 2413; x_wconf 81' lang='lat' dir='ltr'>facinoris</span> <span class='ocrx_word' id='word_1_234' title='bbox 1049 2375 1140 2413; x_wconf 84' lang='lat' dir='ltr'>nibil</span> <span class='ocrx_word' id='word_1_235' title='bbox 1165 2376 1242 2414; x_wconf 88' lang='lat' dir='ltr'>sor-</span> 
     </span>
     <span class='ocr_line' id='line_1_36' title="bbox 286 2433 1242 2487; baseline 0.005 -16"><span class='ocrx_word' id='word_1_236' title='bbox 286 2442 376 2471; x_wconf 81' lang='lat' dir='ltr'>tasse</span> <span class='ocrx_word' id='word_1_237' title='bbox 390 2433 542 2486; x_wconf 88' lang='lat' dir='ltr'>patietur</span> <span class='ocrx_word' id='word_1_238' title='bbox 556 2434 653 2481; x_wconf 81' lang='lat' dir='ltr'>mali3</span> <span class='ocrx_word' id='word_1_239' title='bbox 665 2434 692 2471; x_wconf 88' lang='lat' dir='ltr'>si</span> <span class='ocrx_word' id='word_1_240' title='bbox 710 2443 826 2472; x_wconf 88' lang='lat' dir='ltr'>tamen</span> <span class='ocrx_word' id='word_1_241' title='bbox 843 2449 909 2472; x_wconf 92' lang='lat' dir='ltr'>non</span> <span class='ocrx_word' id='word_1_242' title='bbox 926 2437 1095 2487; x_wconf 85' lang='lat' dir='ltr'>patiatur,</span> <span class='ocrx_word' id='word_1_243' title='bbox 1109 2439 1182 2475; x_wconf 91' lang='lat' dir='ltr'>Deo</span> <span class='ocrx_word' id='word_1_244' title='bbox 1199 2437 1242 2475; x_wconf 87' lang='lat' dir='ltr'>il·</span> 
     </span>
     <span class='ocr_line' id='line_1_37' title="bbox 287 2493 1242 2548; baseline 0.008 -18"><span class='ocrx_word' id='word_1_245' title='bbox 287 2493 361 2531; x_wconf 90' lang='lat' dir='ltr'>lum</span> <span class='ocrx_word' id='word_1_246' title='bbox 378 2503 526 2532; x_wconf 86' lang='lat' dir='ltr'>vocante</span> <span class='ocrx_word' id='word_1_247' title='bbox 551 2493 598 2532; x_wconf 91' lang='lat' dir='ltr'>ad</span> <span class='ocrx_word' id='word_1_248' title='bbox 628 2494 892 2546; x_wconf 86' lang='lat' dir='ltr'>poenitentiam,</span> <span class='ocrx_word' id='word_1_249' title='bbox 909 2505 1015 2548; x_wconf 85' lang='lat' dir='ltr'>atque</span> <span class='ocrx_word' id='word_1_250' title='bbox 1031 2498 1242 2538; x_wconf 86' lang='lat' dir='ltr'>concedente</span> 
     </span>
     <span class='ocr_line' id='line_1_38' title="bbox 287 2554 1241 2609; baseline 0.008 -18"><span class='ocrx_word' id='word_1_251' title='bbox 287 2562 325 2591; x_wconf 91' lang='lat' dir='ltr'>ut</span> <span class='ocrx_word' id='word_1_252' title='bbox 335 2555 433 2605; x_wconf 82' lang='lat' dir='ltr'>quasi</span> <span class='ocrx_word' id='word_1_253' title='bbox 446 2569 490 2593; x_wconf 83' lang='lat' dir='ltr'>ex</span> <span class='ocrx_word' id='word_1_254' title='bbox 501 2554 669 2593; x_wconf 84' lang='lat' dir='ltr'>ebrietate</span> <span class='ocrx_word' id='word_1_255' title='bbox 680 2555 833 2606; x_wconf 86' lang='lat' dir='ltr'>quadam</span> <span class='ocrx_word' id='word_1_256' title='bbox 846 2557 1109 2609; x_wconf 85' lang='lat' dir='ltr'>1·csipiscat;sin</span> <span class='ocrx_word' id='word_1_257' title='bbox 1122 2569 1241 2599; x_wconf 90' lang='lat' dir='ltr'>autem</span> 
     </span>
     <span class='ocr_line' id='line_1_39' title="bbox 287 2614 1240 2671; baseline 0.008 -19"><span class='ocrx_word' id='word_1_258' title='bbox 287 2614 322 2652; x_wconf 92' lang='lat' dir='ltr'>in</span> <span class='ocrx_word' id='word_1_259' title='bbox 338 2617 489 2653; x_wconf 87' lang='lat' dir='ltr'>amentia</span> <span class='ocrx_word' id='word_1_260' title='bbox 503 2629 564 2654; x_wconf 88' lang='lat' dir='ltr'>sua</span> <span class='ocrx_word' id='word_1_261' title='bbox 581 2617 787 2668; x_wconf 85' lang='lat' dir='ltr'>perstiterit,</span> <span class='ocrx_word' id='word_1_262' title='bbox 800 2617 890 2655; x_wconf 82' lang='lat' dir='ltr'>nihil</span> <span class='ocrx_word' id='word_1_263' title='bbox 901 2633 944 2657; x_wconf 81' lang='lat' dir='ltr'>ex</span> <span class='ocrx_word' id='word_1_264' title='bbox 957 2619 1163 2671; x_wconf 85' lang='lat' dir='ltr'>hujusmodi</span> <span class='ocrx_word' id='word_1_265' title='bbox 1175 2622 1240 2661; x_wconf 92' lang='lat' dir='ltr'>Dei</span> 
     </span>
     <span class='ocr_line' id='line_1_40' title="bbox 285 2675 1241 2730; baseline 0.009 -18"><span class='ocrx_word' id='word_1_266' title='bbox 285 2675 469 2715; x_wconf 87' lang='lat' dir='ltr'>clementia</span> <span class='ocrx_word' id='word_1_267' title='bbox 486 2687 519 2715; x_wconf 90' lang='lat' dir='ltr'>et</span> <span class='ocrx_word' id='word_1_268' title='bbox 548 2677 718 2729; x_wconf 82' lang='lat' dir='ltr'>patientia</span> <span class='ocrx_word' id='word_1_269' title='bbox 744 2678 901 2717; x_wconf 87' lang='lat' dir='ltr'>lucratus</span> <span class='ocrx_word' id='word_1_270' title='bbox 915 2710 926 2730; x_wconf 83' lang='grc'>,</span> <span class='ocrx_word' id='word_1_271' title='bbox 947 2689 1090 2720; x_wconf 72' lang='lat' dir='ltr'>caeteros</span> <span class='ocrx_word' id='word_1_272' title='bbox 1115 2683 1241 2721; x_wconf 89' lang='lat' dir='ltr'>saltem</span> 
     </span>
     <span class='ocr_line' id='line_1_41' title="bbox 287 2735 1293 2805; baseline 0.01 -32"><span class='ocrx_word' id='word_1_273' title='bbox 287 2735 479 2776; x_wconf 85' lang='lat' dir='ltr'>admodum</span> <span class='ocrx_word' id='word_1_274' title='bbox 495 2739 661 2790; x_wconf 88' lang='lat' dir='ltr'>juvabit,</span> <span class='ocrx_word' id='word_1_275' title='bbox 682 2740 858 2793; x_wconf 86' lang='lat' dir='ltr'>supplicio</span> <span class='ocrx_word' id='word_1_276' title='bbox 879 2756 944 2781; x_wconf 89' lang='lat' dir='ltr'>suo</span> <span class='ocrx_word' id='word_1_277' title='bbox 973 2741 1182 2792; x_wconf 84' lang='lat' dir='ltr'>admonens,</span> <span class='ocrx_word' id='word_1_278' title='bbox 1199 2759 1241 2783; x_wconf 93' lang='lat' dir='ltr'>ne</span> <span class='ocrx_word' id='word_1_279' title='bbox 1261 2779 1293 2805; x_wconf 68' lang='lat'>45</span> 
     </span>
     <span class='ocr_line' id='line_1_42' title="bbox 288 2800 1289 2856; baseline 0.01 -21"><span class='ocrx_word' id='word_1_280' title='bbox 288 2807 409 2836; x_wconf 80' lang='lat' dir='ltr'>contra</span> <span class='ocrx_word' id='word_1_281' title='bbox 430 2800 544 2837; x_wconf 90' lang='lat' dir='ltr'>Deum</span> <span class='ocrx_word' id='word_1_282' title='bbox 564 2814 735 2851; x_wconf 85' lang='lat' dir='ltr'>umquam</span> <span class='ocrx_word' id='word_1_283' title='bbox 751 2802 886 2840; x_wconf 87' lang='lat' dir='ltr'>bellum</span> <span class='ocrx_word' id='word_1_284' title='bbox 904 2813 1050 2854; x_wconf 81' lang='lat' dir='ltr'>gerant,</span> <span class='ocrx_word' id='word_1_285' title='bbox 1068 2805 1164 2856; x_wconf 87' lang='lat' dir='ltr'>quod</span> <span class='ocrx_word' id='word_1_286' title='bbox 1184 2807 1239 2844; x_wconf 91' lang='lat' dir='ltr'>in·</span> <span class='ocrx_word' id='word_1_287' title='bbox 1264 2817 1289 2847; x_wconf 87' lang='grc' dir='ltr'><strong>Λ</strong></span> 
     </span>
    </p>
   </div>
   <div class='ocr_carea' id='block_1_10' title="bbox 284 2905 1295 3477">
    <p class='ocr_par' dir='ltr' id='par_1_14' title="bbox 286 2905 1295 3108">
     <span class='ocr_line' id='line_1_43' title="bbox 331 2905 1295 2953; baseline 0.009 -15"><span class='ocrx_word' id='word_1_288' title='bbox 331 2906 346 2921; x_wconf 79' lang='grc'><em>“</em></span> <span class='ocrx_word' id='word_1_289' title='bbox 371 2905 464 2939; x_wconf 75' lang='lat' dir='ltr'>Libri</span> <span class='ocrx_word' id='word_1_290' title='bbox 481 2906 638 2940; x_wconf 73' lang='lat' dir='ltr'>adversus</span> <span class='ocrx_word' id='word_1_291' title='bbox 655 2917 903 2953; x_wconf 78' lang='lat' dir='ltr'>oppugnatores</span> <span class='ocrx_word' id='word_1_292' title='bbox 923 2912 1000 2945; x_wconf 80' lang='lat' dir='ltr'>vitae</span> <span class='ocrx_word' id='word_1_293' title='bbox 1016 2913 1212 2946; x_wconf 79' lang='lat' dir='ltr'>monasticae</span> <span class='ocrx_word' id='word_1_294' title='bbox 1225 2914 1295 2947; x_wconf 86' lang='lat' dir='ltr'>col-</span> 
     </span>
     <span class='ocr_line' id='line_1_44' title="bbox 286 2957 1295 3009; baseline 0.009 -20"><span class='ocrx_word' id='word_1_295' title='bbox 286 2957 344 2991; x_wconf 81' lang='lat' dir='ltr'>lati</span> <span class='ocrx_word' id='word_1_296' title='bbox 361 2967 439 2991; x_wconf 87' lang='lat' dir='ltr'>sunt</span> <span class='ocrx_word' id='word_1_297' title='bbox 453 2971 529 2991; x_wconf 88' lang='lat' dir='ltr'>cum</span> <span class='ocrx_word' id='word_1_298' title='bbox 547 2961 632 2995; x_wconf 74' lang='lat' dir='ltr'>(jod.</span> <span class='ocrx_word' id='word_1_299' title='bbox 650 2961 801 2995; x_wconf 82' lang='lat' dir='ltr'>Colbert.</span> <span class='ocrx_word' id='word_1_300' title='bbox 820 2965 883 2996; x_wconf 79' lang='lat'>974</span> <span class='ocrx_word' id='word_1_301' title='bbox 902 2974 934 2996; x_wconf 80' lang='lat' dir='ltr'>et</span> <span class='ocrx_word' id='word_1_302' title='bbox 950 2976 1025 2997; x_wconf 91' lang='lat' dir='ltr'>cum</span> <span class='ocrx_word' id='word_1_303' title='bbox 1041 2964 1107 2998; x_wconf 79' lang='lat' dir='ltr'>alio</span> <span class='ocrx_word' id='word_1_304' title='bbox 1124 2967 1216 3009; x_wconf 86' lang='lat' dir='ltr'>cujus</span> <span class='ocrx_word' id='word_1_305' title='bbox 1232 2978 1295 2999; x_wconf 90' lang='lat' dir='ltr'>nu-</span> 
     </span>
     <span class='ocr_line' id='line_1_45' title="bbox 286 3010 1292 3062; baseline 0.012 -21"><span class='ocrx_word' id='word_1_306' title='bbox 286 3022 396 3042; x_wconf 79' lang='lat' dir='ltr'>merus</span> <span class='ocrx_word' id='word_1_307' title='bbox 414 3010 550 3044; x_wconf 74' lang='lat' dir='ltr'>excidit.</span> <span class='ocrx_word' id='word_1_308' title='bbox 571 3014 610 3044; x_wconf 85' lang='lat' dir='ltr'>In</span> <span class='ocrx_word' id='word_1_309' title='bbox 633 3014 730 3046; x_wconf 83' lang='lat' dir='ltr'>titulo</span> <span class='ocrx_word' id='word_1_310' title='bbox 747 3015 820 3048; x_wconf 73' lang='lat' dir='ltr'>Mss.</span> <span class='ocrx_word' id='word_1_311' title='bbox 846 3023 880 3048; x_wconf 85' lang='lat' dir='ltr'>et.</span> <span class='ocrx_word' id='word_1_312' title='bbox 897 3016 986 3052; x_wconf 83' lang='lat' dir='ltr'>Edit..</span> <span class='ocrx_word' id='word_1_313' title='bbox 1006 3017 1110 3051; x_wconf 81' lang='lat' dir='ltr'>savit.</span> <span class='ocrx_word' id='word_1_314' title='bbox 1142 3024 1292 3062; x_wconf 65' lang='grc' dir='ltr'>ἀνάγουσιν</span> 
     </span>
     <span class='ocr_line' id='line_1_46' title="bbox 286 3061 685 3108; baseline 0.008 -14"><span class='ocrx_word' id='word_1_315' title='bbox 286 3061 298 3105; x_wconf 85' lang='grc'>[</span> <span class='ocrx_word' id='word_1_316' title='bbox 314 3071 403 3096; x_wconf 80' lang='lat' dir='ltr'>recte</span> <span class='ocrx_word' id='word_1_317' title='bbox 422 3075 482 3105; x_wconf 84' lang='lat' dir='ltr'>pro</span> <span class='ocrx_word' id='word_1_318' title='bbox 498 3066 685 3108; x_wconf 56' lang='lat' dir='ltr'>almifluam}</span> 
     </span>
    </p>

    <p class='ocr_par' dir='ltr' id='par_1_15' title="bbox 286 3114 1293 3214">
     <span class='ocr_line' id='line_1_47' title="bbox 329 3114 1293 3162; baseline 0.011 -17"><span class='ocrx_word' id='word_1_319' title='bbox 329 3124 342 3137; x_wconf 84' lang='lat'>¹·</span> <span class='ocrx_word' id='word_1_320' title='bbox 366 3115 421 3146; x_wconf 76' lang='lat' dir='ltr'>Sic</span> <span class='ocrx_word' id='word_1_321' title='bbox 436 3115 511 3148; x_wconf 67' lang='lat' dir='ltr'>Mas.</span> <span class='ocrx_word' id='word_1_322' title='bbox 528 3114 595 3147; x_wconf 84' lang='lat' dir='ltr'>duo</span> <span class='ocrx_word' id='word_1_323' title='bbox 609 3117 753 3150; x_wconf 86' lang='lat' dir='ltr'>etSavil.</span> <span class='ocrx_word' id='word_1_324' title='bbox 772 3118 815 3151; x_wconf 84' lang='lat' dir='ltr'>ad</span> <span class='ocrx_word' id='word_1_325' title='bbox 830 3131 935 3162; x_wconf 75' lang='lat' dir='ltr'>marg.</span> <span class='ocrx_word' id='word_1_326' title='bbox 954 3119 1045 3153; x_wconf 77' lang='lat' dir='ltr'>Editi</span> <span class='ocrx_word' id='word_1_327' title='bbox 1063 3126 1169 3158; x_wconf 70' lang='grc' dir='ltr'>ἐκεῖνον</span> <span class='ocrx_word' id='word_1_328' title='bbox 1183 3123 1293 3156; x_wconf 79' lang='lat' dir='ltr'>minus</span> 
     </span>
     <span class='ocr_line' id='line_1_48' title="bbox 286 3166 918 3214; baseline 0.013 -19"><span class='ocrx_word' id='word_1_329' title='bbox 286 3172 385 3198; x_wconf 67' lang='lat' dir='ltr'>recte.</span> <span class='ocrx_word' id='word_1_330' title='bbox 404 3166 415 3207; x_wconf 90' lang='lat'><strong>[</strong></span> <span class='ocrx_word' id='word_1_331' title='bbox 435 3166 526 3197; x_wconf 79' lang='lat' dir='ltr'>Infra</span> <span class='ocrx_word' id='word_1_332' title='bbox 544 3167 623 3199; x_wconf 76' lang='lat' dir='ltr'>sort.</span> <span class='ocrx_word' id='word_1_333' title='bbox 644 3167 705 3209; x_wconf 71' lang='lat' dir='ltr'>leg.</span> <span class='ocrx_word' id='word_1_334' title='bbox 724 3173 918 3214; x_wconf 58' lang='lat' dir='ltr'>cirron-estvm]</span> 
     </span>
    </p>

    <p class='ocr_par' dir='ltr' id='par_1_16' title="bbox 284 3217 1293 3477">
     <span class='ocr_line' id='line_1_49' title="bbox 331 3217 1290 3262; baseline 0.014 -15"><span class='ocrx_word' id='word_1_335' title='bbox 331 3218 363 3233; x_wconf 85' lang='grc'>““</span> <span class='ocrx_word' id='word_1_336' title='bbox 390 3217 486 3250; x_wconf 79' lang='lat' dir='ltr'>Aliud</span> <span class='ocrx_word' id='word_1_337' title='bbox 504 3221 643 3250; x_wconf 74' lang='lat' dir='ltr'>omniuo</span> <span class='ocrx_word' id='word_1_338' title='bbox 655 3219 767 3262; x_wconf 65' lang='lat' dir='ltr'>legisse</span> <span class='ocrx_word' id='word_1_339' title='bbox 780 3222 911 3256; x_wconf 81' lang='lat' dir='ltr'>videtur</span> <span class='ocrx_word' id='word_1_340' title='bbox 928 3223 1121 3257; x_wconf 74' lang='lat' dir='ltr'>Ambrosius</span> <span class='ocrx_word' id='word_1_341' title='bbox 1135 3225 1290 3261; x_wconf 80' lang='lat' dir='ltr'>Camnld.</span> 
     </span>
     <span class='ocr_line' id='line_1_50' title="bbox 284 3270 1293 3321; baseline 0.012 -23"><span class='ocrx_word' id='word_1_342' title='bbox 284 3270 341 3311; x_wconf 79' lang='lat' dir='ltr'>qui</span> <span class='ocrx_word' id='word_1_343' title='bbox 361 3271 462 3301; x_wconf 82' lang='lat' dir='ltr'>vertit.</span> <span class='ocrx_word' id='word_1_344' title='bbox 478 3282 483 3300; x_wconf 79' lang='lat'>2</span> <span class='ocrx_word' id='word_1_345' title='bbox 502 3271 547 3301; x_wconf 66' lang='lat' dir='ltr'>lit</span> <span class='ocrx_word' id='word_1_346' title='bbox 572 3272 657 3302; x_wconf 78' lang='lat' dir='ltr'>eInli</span> <span class='ocrx_word' id='word_1_347' title='bbox 671 3285 708 3304; x_wconf 70' lang='lat' dir='ltr'>cn</span> <span class='ocrx_word' id='word_1_348' title='bbox 730 3275 870 3307; x_wconf 62' lang='lat' dir='ltr'>victoria</span> <span class='ocrx_word' id='word_1_349' title='bbox 895 3276 1151 3320; x_wconf 71' lang='lat' dir='ltr'>gloriabamur:</span> <span class='ocrx_word' id='word_1_350' title='bbox 1176 3281 1246 3321; x_wconf 74' lang='lat' dir='ltr'>qni,</span> <span class='ocrx_word' id='word_1_351' title='bbox 1263 3282 1293 3310; x_wconf 81' lang='lat' dir='ltr'>si</span> 
     </span>
     <span class='ocr_line' id='line_1_51' title="bbox 286 3322 1288 3371; baseline 0.014 -22"><span class='ocrx_word' id='word_1_352' title='bbox 286 3322 370 3364; x_wconf 78' lang='lat' dir='ltr'>quid</span> <span class='ocrx_word' id='word_1_353' title='bbox 385 3324 463 3364; x_wconf 73' lang='lat' dir='ltr'>ipsis</span> <span class='ocrx_word' id='word_1_354' title='bbox 481 3323 737 3364; x_wconf 71' lang='lat' dir='ltr'>cordissm&#39;ssrt,</span> <span class='ocrx_word' id='word_1_355' title='bbox 754 3327 967 3368; x_wconf 65' lang='lat' dir='ltr'>ingr-miscere</span> <span class='ocrx_word' id='word_1_356' title='bbox 982 3341 1022 3360; x_wconf 82' lang='lat' dir='ltr'>ac</span> <span class='ocrx_word' id='word_1_357' title='bbox 1037 3330 1148 3371; x_wconf 63' lang='lat' dir='ltr'>luga-1:</span> <span class='ocrx_word' id='word_1_358' title='bbox 1164 3331 1288 3363; x_wconf 75' lang='lat' dir='ltr'>delme—</span> 
     </span>
     <span class='ocr_line' id='line_1_52' title="bbox 284 3374 1288 3419; baseline 0.012 -16"><span class='ocrx_word' id='word_1_359' title='bbox 284 3382 373 3415; x_wconf 77' lang='lat' dir='ltr'>mnt,</span> <span class='ocrx_word' id='word_1_360' title='bbox 389 3374 478 3406; x_wconf 78' lang='lat' dir='ltr'>mlnil</span> <span class='ocrx_word' id='word_1_361' title='bbox 500 3375 642 3417; x_wconf 77' lang='lat' dir='ltr'>posthac</span> <span class='ocrx_word' id='word_1_362' title='bbox 679 3376 842 3419; x_wconf 70' lang='lat' dir='ltr'>ejusmodi</span> <span class='ocrx_word' id='word_1_363' title='bbox 866 3381 987 3412; x_wconf 72' lang='lat' dir='ltr'>moliri.</span> <span class='ocrx_word' id='word_1_364' title='bbox 1017 3382 1082 3413; x_wconf 78' lang='lat' dir='ltr'>scd</span> <span class='ocrx_word' id='word_1_365' title='bbox 1110 3382 1224 3414; x_wconf 69' lang='lat' dir='ltr'>(ir-&#39;ren</span> <span class='ocrx_word' id='word_1_366' title='bbox 1257 3385 1288 3415; x_wconf 86' lang='lat' dir='ltr'>in</span> 
     </span>
     <span class='ocr_line' id='line_1_53' title="bbox 286 3425 1285 3477; baseline 0.013 -22"><span class='ocrx_word' id='word_1_367' title='bbox 286 3425 439 3459; x_wconf 76' lang='lat' dir='ltr'>omnibus</span> <span class='ocrx_word' id='word_1_368' title='bbox 460 3434 528 3459; x_wconf 84' lang='lat' dir='ltr'>tum</span> <span class='ocrx_word' id='word_1_369' title='bbox 560 3426 665 3460; x_wconf 74' lang='lat' dir='ltr'>Editis</span> <span class='ocrx_word' id='word_1_370' title='bbox 696 3436 764 3460; x_wconf 84' lang='lat' dir='ltr'>tum</span> <span class='ocrx_word' id='word_1_371' title='bbox 794 3429 1027 3474; x_wconf 66' lang='lat' dir='ltr'>Manuscriptis</span> <span class='ocrx_word' id='word_1_372' title='bbox 1053 3433 1142 3466; x_wconf 85' lang='lat' dir='ltr'>aliud</span> <span class='ocrx_word' id='word_1_373' title='bbox 1175 3437 1285 3477; x_wconf 58' lang='lat' dir='ltr'>exfri-</span> 
     </span>
    </p>
   </div>
   <div class='ocr_carea' id='block_1_11' title="bbox 1398 457 2297 615">
    <p class='ocr_par' dir='ltr' id='par_1_17' title="bbox 1398 457 2297 615">
     <span class='ocr_line' id='line_1_54' title="bbox 1398 457 2297 501; baseline 0.004 -5"><span class='ocrx_word' id='word_1_374' title='bbox 1398 457 1419 476; x_wconf 73' lang='lat'>*</span> <span class='ocrx_word' id='word_1_375' title='bbox 1436 457 1573 498; x_wconf 84' lang='grc' dir='ltr'>ΠΡΟΣ</span> <span class='ocrx_word' id='word_1_376' title='bbox 1601 460 1737 499; x_wconf 84' lang='grc' dir='ltr'>ΤΟΥΣ</span> <span class='ocrx_word' id='word_1_377' title='bbox 1766 461 2150 500; x_wconf 77' lang='grc' dir='ltr'><strong>ΠΟΛΕΜΟΥΝΤΑΣ</strong></span> <span class='ocrx_word' id='word_1_378' title='bbox 2176 462 2297 501; x_wconf 84' lang='grc' dir='ltr'>ΤΟῙΣ</span> 
     </span>
     <span class='ocr_line' id='line_1_55' title="bbox 1584 563 2102 615; baseline 0.002 -14"><span class='ocrx_word' id='word_1_379' title='bbox 1584 563 1643 602; x_wconf 71' lang='grc' dir='ltr'>ἐπὶ</span> <span class='ocrx_word' id='word_1_380' title='bbox 1663 563 1703 602; x_wconf 85' lang='grc' dir='ltr'>τὸ</span> <span class='ocrx_word' id='word_1_381' title='bbox 1725 564 1886 614; x_wconf 85' lang='grc' dir='ltr'>μονάζειν</span> <span class='ocrx_word' id='word_1_382' title='bbox 1909 563 2102 615; x_wconf 87' lang='grc' dir='ltr'>ἐνάγουσιν.</span> 
     </span>
    </p>
   </div>
   <div class='ocr_carea' id='block_1_12' title="bbox 1311 670 2358 2860">
    <p class='ocr_par' dir='ltr' id='par_1_18' title="bbox 1311 670 2358 2860">
     <span class='ocr_line' id='line_1_56' title="bbox 1383 670 2358 725; baseline 0 -15"><span class='ocrx_word' id='word_1_383' title='bbox 1383 670 1473 711; x_wconf 66' lang='grc' dir='ltr'>ιὈτε</span> <span class='ocrx_word' id='word_1_384' title='bbox 1491 672 1550 711; x_wconf 81' lang='grc' dir='ltr'>τὸν</span> <span class='ocrx_word' id='word_1_385' title='bbox 1571 674 1607 711; x_wconf 88' lang='grc' dir='ltr'>ἐν</span> <span class='ocrx_word' id='word_1_386' title='bbox 1628 671 1883 725; x_wconf 83' lang='grc' dir='ltr'>Ἱεροσολύμοις</span> <span class='ocrx_word' id='word_1_387' title='bbox 1904 671 1989 710; x_wconf 86' lang='grc' dir='ltr'>νεὼν</span> <span class='ocrx_word' id='word_1_388' title='bbox 2015 673 2154 711; x_wconf 82' lang='grc' dir='ltr'>πολλῶν</span> <span class='ocrx_word' id='word_1_389' title='bbox 2175 674 2261 711; x_wconf 85' lang='grc' dir='ltr'>ἐτῶν</span> <span class='ocrx_word' id='word_1_390' title='bbox 2282 687 2358 724; x_wconf 81' lang='grc' dir='ltr'>χα-</span> 
     </span>
     <span class='ocr_line' id='line_1_57' title="bbox 1331 733 2358 785; baseline 0.002 -15"><span class='ocrx_word' id='word_1_391' title='bbox 1331 733 1396 783; x_wconf 76' lang='grc' dir='ltr'>μαὶ</span> <span class='ocrx_word' id='word_1_392' title='bbox 1413 733 1571 783; x_wconf 87' lang='grc' dir='ltr'>κείμενον</span> <span class='ocrx_word' id='word_1_393' title='bbox 1589 733 1659 772; x_wconf 83' lang='grc' dir='ltr'>ἀπὸ</span> <span class='ocrx_word' id='word_1_394' title='bbox 1671 735 1733 779; x_wconf 76' lang='grc' dir='ltr'>τῆς</span> <span class='ocrx_word' id='word_1_395' title='bbox 1753 740 1891 784; x_wconf 75' lang='grc' dir='ltr'>μακρᾶς</span> <span class='ocrx_word' id='word_1_396' title='bbox 1909 733 2155 776; x_wconf 77' lang='grc' dir='ltr'>ἐπανελθόντες</span> <span class='ocrx_word' id='word_1_397' title='bbox 2170 734 2358 785; x_wconf 81' lang='grc' dir='ltr'>αἰχμαλω-</span> 
     </span>
     <span class='ocr_line' id='line_1_58' title="bbox 1330 793 2355 846; baseline 0.001 -15"><span class='ocrx_word' id='word_1_398' title='bbox 1330 793 1408 838; x_wconf 89' lang='grc' dir='ltr'>σίας</span> <span class='ocrx_word' id='word_1_399' title='bbox 1429 794 1571 846; x_wconf 79' lang='grc' dir='ltr'>ἐγείρειν</span> <span class='ocrx_word' id='word_1_400' title='bbox 1588 794 1710 840; x_wconf 80' lang='grc' dir='ltr'>ἤθελον</span> <span class='ocrx_word' id='word_1_401' title='bbox 1731 797 1799 832; x_wconf 83' lang='grc' dir='ltr'>τῶν</span> <span class='ocrx_word' id='word_1_402' title='bbox 1820 793 1998 845; x_wconf 58' lang='lat' dir='ltr'>‘hepatem</span> <span class='ocrx_word' id='word_1_403' title='bbox 2018 795 2050 832; x_wconf 80' lang='lat' dir='ltr'>ot</span> <span class='ocrx_word' id='word_1_404' title='bbox 2069 795 2202 841; x_wconf 82' lang='grc' dir='ltr'>παῖδες,</span> <span class='ocrx_word' id='word_1_405' title='bbox 2218 794 2296 832; x_wconf 87' lang='grc' dir='ltr'>τότε</span> <span class='ocrx_word' id='word_1_406' title='bbox 2312 793 2355 841; x_wconf 83' lang='grc' dir='ltr'>δὴ</span> 
     </span>
     <span class='ocr_line' id='line_1_59' title="bbox 1330 854 2355 907; baseline 0 -14"><span class='ocrx_word' id='word_1_407' title='bbox 1330 855 1503 907; x_wconf 70' lang='grc' dir='ltr'>βάρόαροί</span> <span class='ocrx_word' id='word_1_408' title='bbox 1531 870 1620 898; x_wconf 90' lang='grc' dir='ltr'>τινες</span> <span class='ocrx_word' id='word_1_409' title='bbox 1655 856 1714 893; x_wconf 82' lang='grc' dir='ltr'>καὶ</span> <span class='ocrx_word' id='word_1_410' title='bbox 1749 855 1918 906; x_wconf 76' lang='grc' dir='ltr'>ἀνήμεροι</span> <span class='ocrx_word' id='word_1_411' title='bbox 1948 855 2145 906; x_wconf 79' lang='grc' dir='ltr'>ἅνθρωποι,</span> <span class='ocrx_word' id='word_1_412' title='bbox 2173 855 2263 905; x_wconf 82' lang='grc' dir='ltr'>μήτε</span> <span class='ocrx_word' id='word_1_413' title='bbox 2295 854 2355 893; x_wconf 87' lang='grc' dir='ltr'>τὸν</span> 
     </span>
     <span class='ocr_line' id='line_1_60' title="bbox 1328 911 2354 969; baseline -0.001 -13"><span class='ocrx_word' id='word_1_414' title='bbox 1328 916 1417 956; x_wconf 71' lang='grc' dir='ltr'>Θεὸν</span> <span class='ocrx_word' id='word_1_415' title='bbox 1439 917 1665 963; x_wconf 78' lang='grc' dir='ltr'>αἰδεσθέντες,</span> <span class='ocrx_word' id='word_1_416' title='bbox 1685 911 1714 969; x_wconf 70' lang='grc' dir='ltr'>ᾧ</span> <span class='ocrx_word' id='word_1_417' title='bbox 1732 917 1790 955; x_wconf 69' lang='grc' dir='ltr'>τὸν</span> <span class='ocrx_word' id='word_1_418' title='bbox 1811 916 1896 954; x_wconf 84' lang='grc' dir='ltr'>νεὼν</span> <span class='ocrx_word' id='word_1_419' title='bbox 1921 916 2066 969; x_wconf 79' lang='grc' dir='ltr'>ἤγειραν</span> <span class='ocrx_word' id='word_1_420' title='bbox 2079 920 2093 936; x_wconf 81' lang='grc'><em>“</em></span> <span class='ocrx_word' id='word_1_421' title='bbox 2106 917 2244 963; x_wconf 84' lang='grc' dir='ltr'>ἐκεῖνοι,</span> <span class='ocrx_word' id='word_1_422' title='bbox 2265 917 2354 968; x_wconf 78' lang='grc' dir='ltr'>μήτε</span> 
     </span>
     <span class='ocr_line' id='line_1_61' title="bbox 1326 977 2354 1031; baseline -0.002 -14"><span class='ocrx_word' id='word_1_423' title='bbox 1326 979 1413 1031; x_wconf 76' lang='grc' dir='ltr'>πρὸς</span> <span class='ocrx_word' id='word_1_424' title='bbox 1432 978 1494 1025; x_wconf 73' lang='grc' dir='ltr'>τὴν</span> <span class='ocrx_word' id='word_1_425' title='bbox 1519 981 1587 1016; x_wconf 83' lang='grc' dir='ltr'>τῶν</span> <span class='ocrx_word' id='word_1_426' title='bbox 1610 978 1804 1031; x_wconf 84' lang='grc' dir='ltr'>ἀνθρώπων</span> <span class='ocrx_word' id='word_1_427' title='bbox 1829 977 2127 1022; x_wconf 82' lang='grc' dir='ltr'>κατακλασθέντες</span> <span class='ocrx_word' id='word_1_428' title='bbox 2153 978 2354 1031; x_wconf 75' lang='grc' dir='ltr'>συμφορὰν,</span> 
     </span>
     <span class='ocr_line' id='line_1_62' title="bbox 1327 1034 2354 1091; baseline 0 -15"><span class='ocrx_word' id='word_1_429' title='bbox 1327 1041 1385 1091; x_wconf 68' lang='grc' dir='ltr'>ἀφ’</span> <span class='ocrx_word' id='word_1_430' title='bbox 1404 1034 1445 1086; x_wconf 69' lang='grc' dir='ltr'>ἧς</span> <span class='ocrx_word' id='word_1_431' title='bbox 1465 1039 1529 1091; x_wconf 85' lang='grc' dir='ltr'>ὀψέ</span> <span class='ocrx_word' id='word_1_432' title='bbox 1545 1055 1630 1078; x_wconf 87' lang='grc' dir='ltr'>ποτε</span> <span class='ocrx_word' id='word_1_433' title='bbox 1649 1039 1708 1078; x_wconf 76' lang='grc' dir='ltr'>καὶ</span> <span class='ocrx_word' id='word_1_434' title='bbox 1730 1039 1831 1090; x_wconf 80' lang='grc' dir='ltr'>μόλις</span> <span class='ocrx_word' id='word_1_435' title='bbox 1852 1038 2058 1090; x_wconf 77' lang='grc' dir='ltr'>ἀνήνεγκαν,</span> <span class='ocrx_word' id='word_1_436' title='bbox 2074 1039 2162 1089; x_wconf 83' lang='grc' dir='ltr'>μήτε</span> <span class='ocrx_word' id='word_1_437' title='bbox 2177 1038 2241 1085; x_wconf 72' lang='grc' dir='ltr'>τὴν</span> <span class='ocrx_word' id='word_1_438' title='bbox 2257 1038 2354 1091; x_wconf 81' lang='grc' dir='ltr'>παρὰ</span> 
     </span>
     <span class='ocr_line' id='line_1_63' title="bbox 1326 1100 2354 1153; baseline -0.001 -13"><span class='ocrx_word' id='word_1_439' title='bbox 1326 1103 1420 1140; x_wconf 76' lang='grc' dir='ltr'>Θεοῦ</span> <span class='ocrx_word' id='word_1_440' title='bbox 1438 1107 1510 1145; x_wconf 88' lang='grc' dir='ltr'>τοῖς</span> <span class='ocrx_word' id='word_1_441' title='bbox 1534 1101 1578 1139; x_wconf 86' lang='grc' dir='ltr'>τὰ</span> <span class='ocrx_word' id='word_1_442' title='bbox 1600 1105 1744 1140; x_wconf 76' lang='grc' dir='ltr'>τοιαῦτα</span> <span class='ocrx_word' id='word_1_443' title='bbox 1761 1103 1935 1151; x_wconf 81' lang='grc' dir='ltr'>τολμῶσιν</span> <span class='ocrx_word' id='word_1_444' title='bbox 1953 1100 2126 1151; x_wconf 82' lang='grc' dir='ltr'>ἑπομένην</span> <span class='ocrx_word' id='word_1_445' title='bbox 2146 1100 2354 1153; x_wconf 75' lang='grc' dir='ltr'>φοὸηθέντες</span> 
     </span>
     <span class='ocr_line' id='line_1_64' title="bbox 1325 1161 2353 1215; baseline 0 -15"><span class='ocrx_word' id='word_1_446' title='bbox 1325 1162 1440 1210; x_wconf 77' lang='grc' dir='ltr'>δίκην,</span> <span class='ocrx_word' id='word_1_447' title='bbox 1461 1163 1500 1200; x_wconf 81' lang='grc' dir='ltr'>τὸ</span> <span class='ocrx_word' id='word_1_448' title='bbox 1521 1162 1583 1213; x_wconf 80' lang='grc' dir='ltr'>μὲν</span> <span class='ocrx_word' id='word_1_449' title='bbox 1608 1165 1745 1215; x_wconf 84' lang='grc' dir='ltr'>πρῶτον</span> <span class='ocrx_word' id='word_1_450' title='bbox 1767 1163 1811 1200; x_wconf 82' lang='grc' dir='ltr'>δι’</span> <span class='ocrx_word' id='word_1_451' title='bbox 1834 1164 1965 1199; x_wconf 82' lang='grc' dir='ltr'>ἑαυτῶν</span> <span class='ocrx_word' id='word_1_452' title='bbox 1986 1161 2185 1214; x_wconf 75' lang='grc' dir='ltr'>ἐπεχείρουν</span> <span class='ocrx_word' id='word_1_453' title='bbox 2206 1161 2353 1200; x_wconf 78' lang='grc' dir='ltr'>κωλύειν</span> 
     </span>
     <span class='ocr_line' id='line_1_65' title="bbox 1324 1221 2352 1273; baseline 0 -13"><span class='ocrx_word' id='word_1_454' title='bbox 1324 1223 1590 1272; x_wconf 72' lang='grc' dir='ltr'>οἰκοδομοῦντας</span> <span class='ocrx_word' id='word_1_455' title='bbox 1609 1221 1734 1265; x_wconf 80' lang='grc' dir='ltr'>αὐτούς</span> <span class='ocrx_word' id='word_1_456' title='bbox 1747 1238 1754 1246; x_wconf 93' lang='grc'><em>·</em></span> <span class='ocrx_word' id='word_1_457' title='bbox 1777 1224 1824 1266; x_wconf 83' lang='grc' dir='ltr'>ὡς</span> <span class='ocrx_word' id='word_1_458' title='bbox 1844 1222 1879 1261; x_wconf 78' lang='grc' dir='ltr'>δὲ</span> <span class='ocrx_word' id='word_1_459' title='bbox 1899 1222 1996 1260; x_wconf 78' lang='grc' dir='ltr'>οὐδὲν</span> <span class='ocrx_word' id='word_1_460' title='bbox 2019 1222 2135 1270; x_wconf 74' lang='grc' dir='ltr'>ἤνυον,</span> <span class='ocrx_word' id='word_1_461' title='bbox 2156 1222 2352 1273; x_wconf 86' lang='grc' dir='ltr'>γράμματα</span> 
     </span>
     <span class='ocr_line' id='line_1_66' title="bbox 1323 1278 2351 1334; baseline -0.001 -12"><span class='ocrx_word' id='word_1_462' title='bbox 1323 1283 1524 1334; x_wconf 70' lang='grc' dir='ltr'>πέμψαντες</span> <span class='ocrx_word' id='word_1_463' title='bbox 1543 1286 1591 1326; x_wconf 85' lang='grc' dir='ltr'>ὡς</span> <span class='ocrx_word' id='word_1_464' title='bbox 1611 1283 1759 1334; x_wconf 84' lang='grc' dir='ltr'>βασιλέα</span> <span class='ocrx_word' id='word_1_465' title='bbox 1778 1283 1836 1322; x_wconf 77' lang='grc' dir='ltr'>τὸν</span> <span class='ocrx_word' id='word_1_466' title='bbox 1873 1285 2005 1330; x_wconf 68' lang='grc' dir='ltr'>αὐτῶν,</span> <span class='ocrx_word' id='word_1_467' title='bbox 2026 1285 2061 1322; x_wconf 87' lang='grc' dir='ltr'>ἐν</span> <span class='ocrx_word' id='word_1_468' title='bbox 2079 1278 2129 1327; x_wconf 68' lang='grc' dir='ltr'>οἷς</span> <span class='ocrx_word' id='word_1_469' title='bbox 2148 1283 2351 1332; x_wconf 80' lang='grc' dir='ltr'>ἀποστάτην</span> 
     </span>
     <span class='ocr_line' id='line_1_67' title="bbox 1323 1343 2351 1395; baseline 0.001 -15"><span class='ocrx_word' id='word_1_470' title='bbox 1323 1343 1382 1380; x_wconf 85' lang='grc' dir='ltr'>καὶ</span> <span class='ocrx_word' id='word_1_471' title='bbox 1403 1343 1649 1394; x_wconf 80' lang='grc' dir='ltr'>νεωτεροποιὸν</span> <span class='ocrx_word' id='word_1_472' title='bbox 1669 1343 1729 1381; x_wconf 80' lang='grc' dir='ltr'>καὶ</span> <span class='ocrx_word' id='word_1_473' title='bbox 1749 1344 1982 1395; x_wconf 79' lang='grc' dir='ltr'>φιλοπόλεμον</span> <span class='ocrx_word' id='word_1_474' title='bbox 2000 1343 2063 1389; x_wconf 82' lang='grc' dir='ltr'>τὴν</span> <span class='ocrx_word' id='word_1_475' title='bbox 2083 1344 2183 1381; x_wconf 90' lang='grc' dir='ltr'>πόλιν</span> <span class='ocrx_word' id='word_1_476' title='bbox 2206 1343 2351 1382; x_wconf 80' lang='grc' dir='ltr'>ἐκάλουν</span> 
     </span>
     <span class='ocr_line' id='line_1_68' title="bbox 1321 1403 2351 1457; baseline 0.001 -15"><span class='ocrx_word' id='word_1_477' title='bbox 1321 1403 1472 1452; x_wconf 80' lang='grc' dir='ltr'>ἐκείνην,</span> <span class='ocrx_word' id='word_1_478' title='bbox 1487 1403 1632 1443; x_wconf 85' lang='grc' dir='ltr'>ἔπεισαν</span> <span class='ocrx_word' id='word_1_479' title='bbox 1649 1403 1835 1457; x_wconf 82' lang='grc' dir='ltr'>ἐπιτρέψαι</span> <span class='ocrx_word' id='word_1_480' title='bbox 1849 1406 2004 1443; x_wconf 81' lang='grc' dir='ltr'>κωλῦσαι</span> <span class='ocrx_word' id='word_1_481' title='bbox 2018 1404 2117 1456; x_wconf 76' lang='grc' dir='ltr'>σφίσι</span> <span class='ocrx_word' id='word_1_482' title='bbox 2133 1404 2196 1451; x_wconf 87' lang='grc' dir='ltr'>τὴν</span> <span class='ocrx_word' id='word_1_483' title='bbox 2216 1405 2351 1443; x_wconf 79' lang='grc' dir='ltr'>οἰκοδο-</span> 
     </span>
     <span class='ocr_line' id='line_1_69' title="bbox 1321 1463 2348 1518; baseline 0.002 -16"><span class='ocrx_word' id='word_1_484' title='bbox 1321 1463 1402 1516; x_wconf 82' lang='grc' dir='ltr'>μήν.</span> <span class='ocrx_word' id='word_1_485' title='bbox 1420 1465 1489 1504; x_wconf 76' lang='grc' dir='ltr'>Καὶ</span> <span class='ocrx_word' id='word_1_486' title='bbox 1507 1465 1672 1510; x_wconf 74' lang='grc' dir='ltr'>λαὸόντες</span> <span class='ocrx_word' id='word_1_487' title='bbox 1694 1465 1825 1512; x_wconf 84' lang='grc' dir='ltr'>ταύτην</span> <span class='ocrx_word' id='word_1_488' title='bbox 1845 1467 1928 1518; x_wconf 87' lang='grc' dir='ltr'>παρ’</span> <span class='ocrx_word' id='word_1_489' title='bbox 1951 1465 2082 1504; x_wconf 87' lang='grc' dir='ltr'>ἐκείνου</span> <span class='ocrx_word' id='word_1_490' title='bbox 2099 1464 2162 1512; x_wconf 75' lang='grc' dir='ltr'>τὴν</span> <span class='ocrx_word' id='word_1_491' title='bbox 2180 1465 2348 1515; x_wconf 81' lang='grc' dir='ltr'>ἐξουσίαν,</span> 
     </span>
     <span class='ocr_line' id='line_1_70' title="bbox 1319 1525 2349 1577; baseline 0.002 -13"><span class='ocrx_word' id='word_1_492' title='bbox 1319 1525 1380 1564; x_wconf 78' lang='grc' dir='ltr'>καὶ</span> <span class='ocrx_word' id='word_1_493' title='bbox 1401 1525 1491 1576; x_wconf 77' lang='grc' dir='ltr'>μετὰ</span> <span class='ocrx_word' id='word_1_494' title='bbox 1510 1528 1650 1565; x_wconf 84' lang='grc' dir='ltr'>πολλῶν</span> <span class='ocrx_word' id='word_1_495' title='bbox 1670 1527 1785 1570; x_wconf 79' lang='grc' dir='ltr'>αὐτοῖς</span> <span class='ocrx_word' id='word_1_496' title='bbox 1807 1526 2001 1577; x_wconf 87' lang='grc' dir='ltr'>ἐπιθέμενοι</span> <span class='ocrx_word' id='word_1_497' title='bbox 2022 1528 2090 1564; x_wconf 84' lang='grc' dir='ltr'>τῶν</span> <span class='ocrx_word' id='word_1_498' title='bbox 2115 1526 2264 1573; x_wconf 80' lang='grc' dir='ltr'>ἱππέων,</span> <span class='ocrx_word' id='word_1_499' title='bbox 2279 1526 2349 1566; x_wconf 84' lang='grc' dir='ltr'>διέ·</span> 
     </span>
     <span class='ocr_line' id='line_1_71' title="bbox 1317 1587 2348 1640; baseline 0.002 -16"><span class='ocrx_word' id='word_1_500' title='bbox 1317 1587 1430 1639; x_wconf 77' lang='grc' dir='ltr'>κοψάν</span> <span class='ocrx_word' id='word_1_501' title='bbox 1448 1603 1484 1624; x_wconf 88' lang='grc' dir='ltr'>τε</span> <span class='ocrx_word' id='word_1_502' title='bbox 1505 1588 1545 1626; x_wconf 85' lang='grc' dir='ltr'>τὸ</span> <span class='ocrx_word' id='word_1_503' title='bbox 1565 1587 1666 1640; x_wconf 84' lang='grc' dir='ltr'>ἔργον</span> <span class='ocrx_word' id='word_1_504' title='bbox 1685 1587 1786 1634; x_wconf 84' lang='grc' dir='ltr'>τέως,</span> <span class='ocrx_word' id='word_1_505' title='bbox 1801 1588 1842 1607; x_wconf 77' lang='lat'>*²⁴*</span> <span class='ocrx_word' id='word_1_506' title='bbox 1858 1587 1917 1625; x_wconf 75' lang='grc' dir='ltr'>καὶ</span> <span class='ocrx_word' id='word_1_507' title='bbox 1934 1587 2095 1639; x_wconf 64' lang='grc' dir='ltr'>ἐφρόνουν</span> <span class='ocrx_word' id='word_1_508' title='bbox 2119 1587 2178 1625; x_wconf 73' lang='grc' dir='ltr'>ἐπὶ</span> <span class='ocrx_word' id='word_1_509' title='bbox 2203 1591 2245 1639; x_wconf 77' lang='grc' dir='ltr'>τῇ</span> <span class='ocrx_word' id='word_1_510' title='bbox 2268 1587 2348 1640; x_wconf 85' lang='grc' dir='ltr'>νίκῃ</span> 
     </span>
     <span class='ocr_line' id='line_1_72' title="bbox 1319 1643 2349 1701; baseline 0 -15"><span class='ocrx_word' id='word_1_511' title='bbox 1319 1647 1432 1699; x_wconf 86' lang='grc' dir='ltr'>μέγα,</span> <span class='ocrx_word' id='word_1_512' title='bbox 1454 1650 1506 1699; x_wconf 70' lang='grc' dir='ltr'>ἐφ’</span> <span class='ocrx_word' id='word_1_513' title='bbox 1527 1643 1569 1695; x_wconf 68' lang='grc' dir='ltr'>ἧς</span> <span class='ocrx_word' id='word_1_514' title='bbox 1590 1647 1875 1686; x_wconf 83' lang='grc' dir='ltr'>κατακόπτεσθαι</span> <span class='ocrx_word' id='word_1_515' title='bbox 1895 1648 1985 1693; x_wconf 77' lang='grc' dir='ltr'>ἔδει,</span> <span class='ocrx_word' id='word_1_516' title='bbox 2011 1649 2071 1686; x_wconf 81' lang='grc' dir='ltr'>καὶ</span> <span class='ocrx_word' id='word_1_517' title='bbox 2099 1648 2209 1701; x_wconf 85' lang='grc' dir='ltr'>πέρας</span> <span class='ocrx_word' id='word_1_518' title='bbox 2233 1649 2349 1693; x_wconf 79' lang='grc' dir='ltr'>αὐτοῖς</span> 
     </span>
     <span class='ocr_line' id='line_1_73' title="bbox 1319 1704 2347 1762; baseline 0.001 -15"><span class='ocrx_word' id='word_1_519' title='bbox 1319 1707 1411 1761; x_wconf 78' lang='grc' dir='ltr'>ἔχειν</span> <span class='ocrx_word' id='word_1_520' title='bbox 1431 1709 1540 1762; x_wconf 82' lang='grc' dir='ltr'>ᾤοντο</span> <span class='ocrx_word' id='word_1_521' title='bbox 1566 1709 1629 1757; x_wconf 79' lang='grc' dir='ltr'>τὴν</span> <span class='ocrx_word' id='word_1_522' title='bbox 1663 1709 1865 1756; x_wconf 69' lang='grc' dir='ltr'>ἐπιδουλῆν.</span> <span class='ocrx_word' id='word_1_523' title='bbox 1894 1709 1987 1748; x_wconf 79' lang='grc' dir='ltr'>Τόδε</span> <span class='ocrx_word' id='word_1_524' title='bbox 2012 1704 2054 1757; x_wconf 71' lang='grc' dir='ltr'>ἦν</span> <span class='ocrx_word' id='word_1_525' title='bbox 2077 1710 2145 1761; x_wconf 86' lang='grc' dir='ltr'>ἄρα</span> <span class='ocrx_word' id='word_1_526' title='bbox 2164 1709 2347 1762; x_wconf 86' lang='grc' dir='ltr'>προοίμιον</span> 
     </span>
     <span class='ocr_line' id='line_1_74' title="bbox 1319 1770 2347 1823; baseline 0 -15"><span class='ocrx_word' id='word_1_527' title='bbox 1319 1770 1377 1808; x_wconf 73' lang='grc' dir='ltr'>καὶ</span> <span class='ocrx_word' id='word_1_528' title='bbox 1395 1770 1487 1823; x_wconf 72' lang='grc' dir='ltr'>ἀρχὴ</span> <span class='ocrx_word' id='word_1_529' title='bbox 1504 1774 1573 1810; x_wconf 83' lang='grc' dir='ltr'>τῶν</span> <span class='ocrx_word' id='word_1_530' title='bbox 1589 1770 1714 1809; x_wconf 79' lang='grc' dir='ltr'>αὐτίκα</span> <span class='ocrx_word' id='word_1_531' title='bbox 1730 1770 1771 1818; x_wconf 82' lang='grc' dir='ltr'>δὴ</span> <span class='ocrx_word' id='word_1_532' title='bbox 1793 1770 1889 1820; x_wconf 85' lang='grc' dir='ltr'>μάλα</span> <span class='ocrx_word' id='word_1_533' title='bbox 1911 1770 2031 1814; x_wconf 78' lang='grc' dir='ltr'>αὐτοὺς</span> <span class='ocrx_word' id='word_1_534' title='bbox 2047 1770 2347 1822; x_wconf 82' lang='grc' dir='ltr'>καταληψομένων</span> 
     </span>
     <span class='ocr_line' id='line_1_75' title="bbox 1320 1831 2347 1883; baseline 0.001 -14"><span class='ocrx_word' id='word_1_535' title='bbox 1320 1834 1453 1869; x_wconf 83' lang='grc' dir='ltr'>κακῶν.</span> <span class='ocrx_word' id='word_1_536' title='bbox 1475 1832 1528 1870; x_wconf 91' lang='grc' dir='ltr'>Τό</span> <span class='ocrx_word' id='word_1_537' title='bbox 1546 1848 1584 1870; x_wconf 89' lang='grc' dir='ltr'>τε</span> <span class='ocrx_word' id='word_1_538' title='bbox 1603 1831 1670 1883; x_wconf 78' lang='grc' dir='ltr'>γὰρ</span> <span class='ocrx_word' id='word_1_539' title='bbox 1692 1832 1792 1883; x_wconf 80' lang='grc' dir='ltr'>ἔργον</span> <span class='ocrx_word' id='word_1_540' title='bbox 1811 1831 1933 1878; x_wconf 74' lang='grc' dir='ltr'>ἠνύετο</span> <span class='ocrx_word' id='word_1_541' title='bbox 1948 1861 1958 1877; x_wconf 89' lang='grc'>,</span> <span class='ocrx_word' id='word_1_542' title='bbox 1985 1831 2047 1870; x_wconf 68' lang='grc' dir='ltr'>καὶ</span> <span class='ocrx_word' id='word_1_543' title='bbox 2073 1831 2237 1882; x_wconf 87' lang='grc' dir='ltr'>λαμπρὸν</span> <span class='ocrx_word' id='word_1_544' title='bbox 2256 1832 2347 1870; x_wconf 87' lang='grc' dir='ltr'>ἀπε-</span> 
     </span>
     <span class='ocr_line' id='line_1_76' title="bbox 1318 1891 2346 1943; baseline 0 -13"><span class='ocrx_word' id='word_1_545' title='bbox 1318 1891 1480 1942; x_wconf 71' lang='grc' dir='ltr'>λοίμὸανε</span> <span class='ocrx_word' id='word_1_546' title='bbox 1499 1892 1595 1936; x_wconf 84' lang='grc' dir='ltr'>τέλος</span> <span class='ocrx_word' id='word_1_547' title='bbox 1607 1908 1615 1915; x_wconf 93' lang='grc'>·</span> <span class='ocrx_word' id='word_1_548' title='bbox 1637 1891 1760 1931; x_wconf 83' lang='grc' dir='ltr'>ἐκεῖνοί</span> <span class='ocrx_word' id='word_1_549' title='bbox 1779 1908 1815 1930; x_wconf 87' lang='grc' dir='ltr'>τε</span> <span class='ocrx_word' id='word_1_550' title='bbox 1841 1892 2046 1943; x_wconf 82' lang='grc' dir='ltr'>ἐμάνθανον,</span> <span class='ocrx_word' id='word_1_551' title='bbox 2067 1892 2125 1931; x_wconf 73' lang='grc' dir='ltr'>καὶ</span> <span class='ocrx_word' id='word_1_552' title='bbox 2142 1891 2188 1930; x_wconf 86' lang='grc' dir='ltr'>δι’</span> <span class='ocrx_word' id='word_1_553' title='bbox 2205 1892 2346 1931; x_wconf 85' lang='grc' dir='ltr'>ἐκείνων</span> 
     </span>
     <span class='ocr_line' id='line_1_77' title="bbox 1318 1952 2346 2007; baseline 0.003 -18"><span class='ocrx_word' id='word_1_554' title='bbox 1318 1952 1493 1998; x_wconf 84' lang='grc' dir='ltr'>ἅπαντες,</span> <span class='ocrx_word' id='word_1_555' title='bbox 1523 1952 1576 1990; x_wconf 81' lang='grc' dir='ltr'>ὅτι</span> <span class='ocrx_word' id='word_1_556' title='bbox 1606 1955 1668 1992; x_wconf 78' lang='grc' dir='ltr'>οὐκ</span> <span class='ocrx_word' id='word_1_557' title='bbox 1698 1953 1766 2007; x_wconf 81' lang='grc' dir='ltr'>ἄρα</span> <span class='ocrx_word' id='word_1_558' title='bbox 1797 1953 1992 2006; x_wconf 85' lang='grc' dir='ltr'>ἀνθρώποις</span> <span class='ocrx_word' id='word_1_559' title='bbox 2025 1952 2239 2004; x_wconf 84' lang='grc' dir='ltr'>ἐπολέμουν,</span> <span class='ocrx_word' id='word_1_560' title='bbox 2267 1952 2346 1992; x_wconf 85' lang='grc' dir='ltr'>οὔτε</span> 
     </span>
     <span class='ocr_line' id='line_1_78' title="bbox 1318 2013 2346 2066; baseline -0.002 -13"><span class='ocrx_word' id='word_1_561' title='bbox 1318 2014 1539 2065; x_wconf 81' lang='grc' dir='ltr'>Μιθριδάτης</span> <span class='ocrx_word' id='word_1_562' title='bbox 1553 2014 1645 2062; x_wconf 84' lang='grc' dir='ltr'>τότε,</span> <span class='ocrx_word' id='word_1_563' title='bbox 1659 2013 1675 2034; x_wconf 83' lang='lat'>¹&#39;</span> <span class='ocrx_word' id='word_1_564' title='bbox 1690 2014 1766 2053; x_wconf 78' lang='grc' dir='ltr'>οὐδὲ</span> <span class='ocrx_word' id='word_1_565' title='bbox 1784 2015 1888 2058; x_wconf 86' lang='grc' dir='ltr'>ἄλλος</span> <span class='ocrx_word' id='word_1_566' title='bbox 1907 2014 2027 2061; x_wconf 76' lang='grc' dir='ltr'>οὐδεὶς,</span> <span class='ocrx_word' id='word_1_567' title='bbox 2043 2014 2078 2059; x_wconf 84' lang='grc' dir='ltr'>ὃς</span> <span class='ocrx_word' id='word_1_568' title='bbox 2095 2014 2136 2052; x_wconf 85' lang='grc' dir='ltr'>ἂν</span> <span class='ocrx_word' id='word_1_569' title='bbox 2152 2013 2346 2066; x_wconf 84' lang='grc' dir='ltr'>ἀνθρώποις</span> 
     </span>
     <span class='ocr_line' id='line_1_79' title="bbox 1316 2074 2345 2127; baseline 0.001 -14"><span class='ocrx_word' id='word_1_570' title='bbox 1316 2074 1441 2122; x_wconf 76' lang='grc' dir='ltr'>ἕληται</span> <span class='ocrx_word' id='word_1_571' title='bbox 1456 2077 1621 2125; x_wconf 83' lang='grc' dir='ltr'>πολεμεῖν</span> <span class='ocrx_word' id='word_1_572' title='bbox 1638 2076 1765 2127; x_wconf 81' lang='grc' dir='ltr'>ἀγαθόν</span> <span class='ocrx_word' id='word_1_573' title='bbox 1778 2091 1811 2113; x_wconf 86' lang='grc' dir='ltr'>τι</span> <span class='ocrx_word' id='word_1_574' title='bbox 1826 2076 2114 2127; x_wconf 86' lang='grc' dir='ltr'>προαιρουμένοις</span> <span class='ocrx_word' id='word_1_575' title='bbox 2126 2077 2251 2124; x_wconf 83' lang='grc' dir='ltr'>ποιεῖν,</span> <span class='ocrx_word' id='word_1_576' title='bbox 2266 2075 2345 2114; x_wconf 85' lang='grc' dir='ltr'>ἀλλ’</span> 
     </span>
     <span class='ocr_line' id='line_1_80' title="bbox 1317 2136 2344 2189; baseline 0.002 -15"><span class='ocrx_word' id='word_1_577' title='bbox 1317 2138 1412 2186; x_wconf 76' lang='grc' dir='ltr'>αὐτῷ</span> <span class='ocrx_word' id='word_1_578' title='bbox 1426 2137 1495 2188; x_wconf 80' lang='grc' dir='ltr'>πρὸ</span> <span class='ocrx_word' id='word_1_579' title='bbox 1510 2136 1649 2175; x_wconf 78' lang='grc' dir='ltr'>ἐκείνων</span> <span class='ocrx_word' id='word_1_580' title='bbox 1666 2139 1716 2189; x_wconf 79' lang='grc' dir='ltr'>τῷ</span> <span class='ocrx_word' id='word_1_581' title='bbox 1735 2136 1780 2174; x_wconf 82' lang='grc' dir='ltr'>δι’</span> <span class='ocrx_word' id='word_1_582' title='bbox 1798 2137 1938 2175; x_wconf 85' lang='grc' dir='ltr'>ἐκείνων</span> <span class='ocrx_word' id='word_1_583' title='bbox 1953 2137 2143 2189; x_wconf 81' lang='grc' dir='ltr'>τιμωμένῳ</span> <span class='ocrx_word' id='word_1_584' title='bbox 2157 2139 2253 2189; x_wconf 78' lang='grc' dir='ltr'>Θεῷ.</span> <span class='ocrx_word' id='word_1_585' title='bbox 2271 2137 2344 2176; x_wconf 79' lang='grc' dir='ltr'>Τὸν</span> 
     </span>
     <span class='ocr_line' id='line_1_81' title="bbox 1315 2197 2342 2251; baseline 0 -15"><span class='ocrx_word' id='word_1_586' title='bbox 1315 2197 1351 2236; x_wconf 80' lang='grc' dir='ltr'>δὲ</span> <span class='ocrx_word' id='word_1_587' title='bbox 1370 2200 1452 2250; x_wconf 78' lang='grc' dir='ltr'>Θεῷ</span> <span class='ocrx_word' id='word_1_588' title='bbox 1472 2200 1693 2249; x_wconf 82' lang='grc' dir='ltr'>πολεμοῦντα</span> <span class='ocrx_word' id='word_1_589' title='bbox 1714 2201 1777 2237; x_wconf 71' lang='grc' dir='ltr'>οὐκ</span> <span class='ocrx_word' id='word_1_590' title='bbox 1803 2199 1852 2237; x_wconf 89' lang='grc' dir='ltr'>ἔνι</span> <span class='ocrx_word' id='word_1_591' title='bbox 1873 2198 1957 2237; x_wconf 84' lang='grc' dir='ltr'>ποτὲ</span> <span class='ocrx_word' id='word_1_592' title='bbox 1983 2200 2028 2243; x_wconf 85' lang='grc' dir='ltr'>εἷς</span> <span class='ocrx_word' id='word_1_593' title='bbox 2054 2199 2208 2251; x_wconf 71' lang='grc' dir='ltr'>χρηστὸν</span> <span class='ocrx_word' id='word_1_594' title='bbox 2227 2215 2342 2237; x_wconf 85' lang='grc' dir='ltr'>κατα-</span> 
     </span>
     <span class='ocr_line' id='line_1_82' title="bbox 1315 2258 2345 2313; baseline 0.002 -16"><span class='ocrx_word' id='word_1_595' title='bbox 1315 2259 1464 2311; x_wconf 81' lang='grc' dir='ltr'>στρέψαι</span> <span class='ocrx_word' id='word_1_596' title='bbox 1485 2258 1582 2305; x_wconf 87' lang='grc' dir='ltr'>τέλος</span> <span class='ocrx_word' id='word_1_597' title='bbox 1595 2276 1603 2283; x_wconf 93' lang='grc'><strong><em>·</em></strong></span> <span class='ocrx_word' id='word_1_598' title='bbox 1625 2261 1702 2297; x_wconf 84' lang='grc' dir='ltr'>ἀλλ’</span> <span class='ocrx_word' id='word_1_599' title='bbox 1721 2262 1740 2298; x_wconf 83' lang='grc' dir='ltr'>ὁ</span> <span class='ocrx_word' id='word_1_600' title='bbox 1758 2263 1909 2304; x_wconf 81' lang='grc' dir='ltr'>τοιοῦτος</span> <span class='ocrx_word' id='word_1_601' title='bbox 1929 2262 1963 2298; x_wconf 86' lang='grc' dir='ltr'>ἐν</span> <span class='ocrx_word' id='word_1_602' title='bbox 1985 2261 2077 2313; x_wconf 69' lang='grc' dir='ltr'>ἀρχῇ</span> <span class='ocrx_word' id='word_1_603' title='bbox 2098 2259 2160 2311; x_wconf 81' lang='grc' dir='ltr'>μὲν</span> <span class='ocrx_word' id='word_1_604' title='bbox 2179 2263 2242 2307; x_wconf 63' lang='grc' dir='ltr'>τῆς</span> <span class='ocrx_word' id='word_1_605' title='bbox 2261 2260 2345 2299; x_wconf 82' lang='grc' dir='ltr'>τόλ-</span> 
     </span>
     <span class='ocr_line' id='line_1_83' title="bbox 1315 2320 2344 2372; baseline 0 -13"><span class='ocrx_word' id='word_1_606' title='bbox 1315 2335 1386 2370; x_wconf 79' lang='grc' dir='ltr'>μης</span> <span class='ocrx_word' id='word_1_607' title='bbox 1402 2320 1497 2359; x_wconf 72' lang='grc' dir='ltr'>οὐδὲν</span> <span class='ocrx_word' id='word_1_608' title='bbox 1515 2320 1598 2364; x_wconf 87' lang='grc' dir='ltr'>ἴσως</span> <span class='ocrx_word' id='word_1_609' title='bbox 1617 2320 1778 2359; x_wconf 86' lang='grc' dir='ltr'>πείσεται</span> <span class='ocrx_word' id='word_1_610' title='bbox 1797 2321 1906 2360; x_wconf 79' lang='grc' dir='ltr'>δεινὸν</span> <span class='ocrx_word' id='word_1_611' title='bbox 1919 2350 1930 2369; x_wconf 88' lang='grc'>,</span> <span class='ocrx_word' id='word_1_612' title='bbox 1951 2320 1991 2359; x_wconf 80' lang='grc' dir='ltr'>ἂν</span> <span class='ocrx_word' id='word_1_613' title='bbox 2013 2321 2041 2358; x_wconf 85' lang='grc' dir='ltr'>δ’</span> <span class='ocrx_word' id='word_1_614' title='bbox 2066 2320 2134 2372; x_wconf 86' lang='grc' dir='ltr'>ἄρα</span> <span class='ocrx_word' id='word_1_615' title='bbox 2155 2320 2204 2371; x_wconf 83' lang='grc' dir='ltr'>μὴ</span> <span class='ocrx_word' id='word_1_616' title='bbox 2224 2321 2344 2371; x_wconf 78' lang='grc' dir='ltr'>πάθοι,</span> 
     </span>
     <span class='ocr_line' id='line_1_84' title="bbox 1314 2381 2344 2433; baseline 0.003 -15"><span class='ocrx_word' id='word_1_617' title='bbox 1314 2386 1375 2419; x_wconf 74' lang='grc' dir='ltr'>τοῦ</span> <span class='ocrx_word' id='word_1_618' title='bbox 1395 2382 1489 2420; x_wconf 73' lang='grc' dir='ltr'>Θεοῦ</span> <span class='ocrx_word' id='word_1_619' title='bbox 1509 2383 1695 2425; x_wconf 77' lang='grc' dir='ltr'>καλοῦντος</span> <span class='ocrx_word' id='word_1_620' title='bbox 1713 2382 1815 2420; x_wconf 83' lang='grc' dir='ltr'>αὐτὸν</span> <span class='ocrx_word' id='word_1_621' title='bbox 1831 2383 1878 2426; x_wconf 88' lang='grc' dir='ltr'>εἷς</span> <span class='ocrx_word' id='word_1_622' title='bbox 1898 2381 2098 2433; x_wconf 80' lang='grc' dir='ltr'>μετάνοιαν,</span> <span class='ocrx_word' id='word_1_623' title='bbox 2117 2381 2177 2420; x_wconf 76' lang='grc' dir='ltr'>καὶ</span> <span class='ocrx_word' id='word_1_624' title='bbox 2193 2381 2344 2428; x_wconf 86' lang='grc' dir='ltr'>διδόντος</span> 
     </span>
     <span class='ocr_line' id='line_1_85' title="bbox 1312 2441 2342 2497; baseline 0.002 -17"><span class='ocrx_word' id='word_1_625' title='bbox 1312 2441 1433 2495; x_wconf 64' lang='grc' dir='ltr'>ιῖὸσπερ</span> <span class='ocrx_word' id='word_1_626' title='bbox 1453 2442 1492 2481; x_wconf 85' lang='grc' dir='ltr'>ἔκ</span> <span class='ocrx_word' id='word_1_627' title='bbox 1510 2458 1601 2486; x_wconf 87' lang='grc' dir='ltr'>τινος</span> <span class='ocrx_word' id='word_1_628' title='bbox 1623 2442 1730 2494; x_wconf 85' lang='grc' dir='ltr'>μέθης</span> <span class='ocrx_word' id='word_1_629' title='bbox 1750 2445 1962 2494; x_wconf 84' lang='grc' dir='ltr'>ἀνενεγκεῖν·</span> <span class='ocrx_word' id='word_1_630' title='bbox 1977 2443 2045 2481; x_wconf 60' lang='lat' dir='ltr'>“av</span> <span class='ocrx_word' id='word_1_631' title='bbox 2069 2443 2105 2481; x_wconf 81' lang='grc' dir='ltr'>δὲ</span> <span class='ocrx_word' id='word_1_632' title='bbox 2122 2443 2270 2496; x_wconf 83' lang='grc' dir='ltr'>ἐπιμένῃ</span> <span class='ocrx_word' id='word_1_633' title='bbox 2298 2446 2342 2497; x_wconf 84' lang='grc' dir='ltr'>τῇ</span> 
     </span>
     <span class='ocr_line' id='line_1_86' title="bbox 1312 2504 2342 2559; baseline 0 -17"><span class='ocrx_word' id='word_1_634' title='bbox 1312 2504 1496 2558; x_wconf 78' lang='grc' dir='ltr'>παροινίᾳ,</span> <span class='ocrx_word' id='word_1_635' title='bbox 1520 2504 1628 2555; x_wconf 75' lang='grc' dir='ltr'>μηδὲν</span> <span class='ocrx_word' id='word_1_636' title='bbox 1650 2505 1721 2543; x_wconf 81' lang='grc' dir='ltr'>ἀπὸ</span> <span class='ocrx_word' id='word_1_637' title='bbox 1748 2508 1809 2551; x_wconf 72' lang='grc' dir='ltr'>τῆς</span> <span class='ocrx_word' id='word_1_638' title='bbox 1830 2504 2002 2552; x_wconf 82' lang='grc' dir='ltr'>τοσαύτης</span> <span class='ocrx_word' id='word_1_639' title='bbox 2023 2504 2244 2549; x_wconf 78' lang='grc' dir='ltr'>ἀνεξικακίας</span> <span class='ocrx_word' id='word_1_640' title='bbox 2261 2521 2342 2559; x_wconf 82' lang='grc' dir='ltr'>κερ-</span> 
     </span>
     <span class='ocr_line' id='line_1_87' title="bbox 1312 2564 2341 2617; baseline 0.002 -15"><span class='ocrx_word' id='word_1_641' title='bbox 1312 2565 1451 2612; x_wconf 82' lang='grc' dir='ltr'>δαίνων,</span> <span class='ocrx_word' id='word_1_642' title='bbox 1472 2565 1609 2616; x_wconf 81' lang='grc' dir='ltr'>ἑτέρους</span> <span class='ocrx_word' id='word_1_643' title='bbox 1635 2569 1716 2617; x_wconf 68' lang='grc' dir='ltr'>γοῦν</span> <span class='ocrx_word' id='word_1_644' title='bbox 1745 2565 1862 2612; x_wconf 78' lang='grc' dir='ltr'>ὀνήσει</span> <span class='ocrx_word' id='word_1_645' title='bbox 1881 2565 1924 2603; x_wconf 76' lang='grc' dir='ltr'>τὰ</span> <span class='ocrx_word' id='word_1_646' title='bbox 1949 2565 2114 2616; x_wconf 83' lang='grc' dir='ltr'>μέγιστα,</span> <span class='ocrx_word' id='word_1_647' title='bbox 2135 2564 2192 2602; x_wconf 78' lang='grc' dir='ltr'>διὰ</span> <span class='ocrx_word' id='word_1_648' title='bbox 2210 2567 2272 2612; x_wconf 78' lang='grc' dir='ltr'>τῆς</span> <span class='ocrx_word' id='word_1_649' title='bbox 2292 2568 2341 2611; x_wconf 85' lang='grc' dir='ltr'>εἷς</span> 
     </span>
     <span class='ocr_line' id='line_1_88' title="bbox 1312 2624 2339 2680; baseline -0.001 -17"><span class='ocrx_word' id='word_1_650' title='bbox 1312 2626 1415 2665; x_wconf 77' lang='grc' dir='ltr'>αὐτὸν</span> <span class='ocrx_word' id='word_1_651' title='bbox 1447 2626 1621 2680; x_wconf 86' lang='grc' dir='ltr'>τιμωρίας</span> <span class='ocrx_word' id='word_1_652' title='bbox 1655 2625 1829 2664; x_wconf 79' lang='grc' dir='ltr'>παιδεύων</span> <span class='ocrx_word' id='word_1_653' title='bbox 1862 2626 2038 2676; x_wconf 78' lang='grc' dir='ltr'>μηδέποτε</span> <span class='ocrx_word' id='word_1_654' title='bbox 2069 2627 2131 2671; x_wconf 80' lang='grc' dir='ltr'>τῆς</span> <span class='ocrx_word' id='word_1_655' title='bbox 2163 2624 2249 2676; x_wconf 84' lang='grc' dir='ltr'>πρὸς</span> <span class='ocrx_word' id='word_1_656' title='bbox 2280 2624 2339 2663; x_wconf 82' lang='grc' dir='ltr'>τὸν</span> 
     </span>
     <span class='ocr_line' id='line_1_89' title="bbox 1311 2685 2338 2738; baseline -0.002 -13"><span class='ocrx_word' id='word_1_657' title='bbox 1311 2687 1402 2725; x_wconf 78' lang='grc' dir='ltr'>Θεὸν</span> <span class='ocrx_word' id='word_1_658' title='bbox 1433 2686 1603 2725; x_wconf 72' lang='grc' dir='ltr'>ἅπτεσθαι</span> <span class='ocrx_word' id='word_1_659' title='bbox 1637 2686 1755 2738; x_wconf 75' lang='grc' dir='ltr'>μάχης</span> <span class='ocrx_word' id='word_1_660' title='bbox 1767 2717 1776 2734; x_wconf 84' lang='grc'>,</span> <span class='ocrx_word' id='word_1_661' title='bbox 1805 2689 1852 2729; x_wconf 84' lang='grc' dir='ltr'>ὡς</span> <span class='ocrx_word' id='word_1_662' title='bbox 1882 2689 1945 2723; x_wconf 79' lang='grc' dir='ltr'>οὐκ</span> <span class='ocrx_word' id='word_1_663' title='bbox 1975 2686 2049 2724; x_wconf 83' lang='grc' dir='ltr'>ἐνὸν</span> <span class='ocrx_word' id='word_1_664' title='bbox 2072 2685 2134 2732; x_wconf 79' lang='grc' dir='ltr'>τὴν</span> <span class='ocrx_word' id='word_1_665' title='bbox 2165 2685 2338 2733; x_wconf 76' lang='grc' dir='ltr'>ἀήττητον</span> 
     </span>
     <span class='ocr_line' id='line_1_90' title="bbox 1312 2745 2339 2799; baseline 0 -14"><span class='ocrx_word' id='word_1_666' title='bbox 1312 2745 1446 2794; x_wconf 86' lang='grc' dir='ltr'>ἐκείνην</span> <span class='ocrx_word' id='word_1_667' title='bbox 1474 2753 1577 2799; x_wconf 78' lang='grc' dir='ltr'>χεῖρα</span> <span class='ocrx_word' id='word_1_668' title='bbox 1601 2748 1792 2798; x_wconf 67' lang='grc' dir='ltr'>διαφυγεῖν.</span> <span class='ocrx_word' id='word_1_669' title='bbox 1817 2748 1987 2785; x_wconf 77' lang='grc' dir='ltr'>Τοιαῦται</span> <span class='ocrx_word' id='word_1_670' title='bbox 2016 2749 2097 2798; x_wconf 76' lang='grc' dir='ltr'>γοῦν</span> <span class='ocrx_word' id='word_1_671' title='bbox 2126 2745 2250 2790; x_wconf 82' lang='grc' dir='ltr'>εὐθέως</span> <span class='ocrx_word' id='word_1_672' title='bbox 2276 2748 2339 2785; x_wconf 77' lang='grc' dir='ltr'>αὖ·</span> 
     </span>
     <span class='ocr_line' id='line_1_91' title="bbox 1311 2807 2338 2860; baseline -0.001 -14"><span class='ocrx_word' id='word_1_673' title='bbox 1311 2807 1389 2852; x_wconf 74' lang='grc' dir='ltr'>τοὺς</span> <span class='ocrx_word' id='word_1_674' title='bbox 1418 2807 1686 2859; x_wconf 71' lang='grc' dir='ltr'>κατελάμὸανον</span> <span class='ocrx_word' id='word_1_675' title='bbox 1720 2808 1918 2860; x_wconf 65' lang='grc' dir='ltr'>συμφοραὶ,</span> <span class='ocrx_word' id='word_1_676' title='bbox 1957 2810 2003 2851; x_wconf 86' lang='grc' dir='ltr'>ὡς</span> <span class='ocrx_word' id='word_1_677' title='bbox 2032 2807 2234 2860; x_wconf 80' lang='grc' dir='ltr'>ἀποκρύψαι</span> <span class='ocrx_word' id='word_1_678' title='bbox 2254 2812 2268 2829; x_wconf 78' lang='grc'><em>“</em></span> <span class='ocrx_word' id='word_1_679' title='bbox 2287 2809 2338 2860; x_wconf 82' lang='grc' dir='ltr'>τῷ</span> 
     </span>
    </p>
   </div>
   <div class='ocr_carea' id='block_1_13' title="bbox 1323 2913 2338 3468">
    <p class='ocr_par' dir='ltr' id='par_1_19' title="bbox 1328 2913 2338 3011">
     <span class='ocr_line' id='line_1_92' title="bbox 1329 2913 2338 2960; baseline 0.003 -13"><span class='ocrx_word' id='word_1_680' title='bbox 1329 2921 1439 2956; x_wconf 81' lang='lat' dir='ltr'>munt,</span> <span class='ocrx_word' id='word_1_681' title='bbox 1455 2922 1491 2948; x_wconf 84' lang='lat' dir='ltr'>ut</span> <span class='ocrx_word' id='word_1_682' title='bbox 1508 2926 1568 2948; x_wconf 78' lang='lat' dir='ltr'>uos</span> <span class='ocrx_word' id='word_1_683' title='bbox 1595 2913 1736 2950; x_wconf 75' lang='lat' dir='ltr'>edimus.</span> <span class='ocrx_word' id='word_1_684' title='bbox 1755 2914 1764 2959; x_wconf 86' lang='grc'>[</span> <span class='ocrx_word' id='word_1_685' title='bbox 1782 2913 1880 2947; x_wconf 85' lang='lat' dir='ltr'>Edita</span> <span class='ocrx_word' id='word_1_686' title='bbox 1903 2914 2064 2958; x_wconf 78' lang='lat' dir='ltr'>expressit</span> <span class='ocrx_word' id='word_1_687' title='bbox 2093 2915 2217 2960; x_wconf 78' lang='lat' dir='ltr'>absque</span> <span class='ocrx_word' id='word_1_688' title='bbox 2234 2915 2338 2950; x_wconf 81' lang='lat' dir='ltr'>verbo</span> 
     </span>
     <span class='ocr_line' id='line_1_93' title="bbox 1328 2966 1454 3011; baseline -0.016 -10"><span class='ocrx_word' id='word_1_689' title='bbox 1328 2966 1454 3011; x_wconf 80' lang='grc' dir='ltr'>ᾤοντο.]</span> 
     </span>
    </p>

    <p class='ocr_par' dir='ltr' id='par_1_20' title="bbox 1324 3017 2336 3208">
     <span class='ocr_line' id='line_1_94' title="bbox 1373 3017 2335 3062; baseline 0.001 -10"><span class='ocrx_word' id='word_1_690' title='bbox 1373 3020 1390 3044; x_wconf 81' lang='lat' dir='ltr'>b</span> <span class='ocrx_word' id='word_1_691' title='bbox 1414 3017 1510 3052; x_wconf 83' lang='lat' dir='ltr'>colb.</span> <span class='ocrx_word' id='word_1_692' title='bbox 1543 3030 1626 3051; x_wconf 81' lang='lat' dir='ltr'>unus</span> <span class='ocrx_word' id='word_1_693' title='bbox 1643 3022 1710 3053; x_wconf 72' lang='grc' dir='ltr'>οὖτα</span> <span class='ocrx_word' id='word_1_694' title='bbox 1738 3023 1840 3057; x_wconf 66' lang='grc' dir='ltr'>ἄλλος.</span> <span class='ocrx_word' id='word_1_695' title='bbox 1866 3020 1954 3051; x_wconf 82' lang='lat' dir='ltr'>Tota</span> <span class='ocrx_word' id='word_1_696' title='bbox 1983 3018 2139 3062; x_wconf 75' lang='lat' dir='ltr'>periodus</span> <span class='ocrx_word' id='word_1_697' title='bbox 2168 3019 2335 3053; x_wconf 80' lang='lat' dir='ltr'>tantillum</span> 
     </span>
     <span class='ocr_line' id='line_1_95' title="bbox 1329 3069 2336 3114; baseline 0.001 -11"><span class='ocrx_word' id='word_1_698' title='bbox 1329 3070 1449 3103; x_wconf 82' lang='lat' dir='ltr'>babere</span> <span class='ocrx_word' id='word_1_699' title='bbox 1471 3070 1600 3103; x_wconf 60' lang='lat' dir='ltr'>videtur</span> <span class='ocrx_word' id='word_1_700' title='bbox 1625 3069 1846 3109; x_wconf 77' lang='lat' dir='ltr'>difficultatis,</span> <span class='ocrx_word' id='word_1_701' title='bbox 1866 3083 1965 3114; x_wconf 83' lang='lat' dir='ltr'>quam</span> <span class='ocrx_word' id='word_1_702' title='bbox 1985 3080 2021 3104; x_wconf 85' lang='grc' dir='ltr'>ιιι</span> <span class='ocrx_word' id='word_1_703' title='bbox 2047 3071 2233 3105; x_wconf 80' lang='lat' dir='ltr'>declinaret</span> <span class='ocrx_word' id='word_1_704' title='bbox 2257 3074 2336 3105; x_wconf 76' lang='lat' dir='ltr'>Am-</span> 
     </span>
     <span class='ocr_line' id='line_1_96' title="bbox 1329 3122 2334 3167; baseline 0.004 -13"><span class='ocrx_word' id='word_1_705' title='bbox 1329 3123 1470 3162; x_wconf 72' lang='lat' dir='ltr'>brosius,</span> <span class='ocrx_word' id='word_1_706' title='bbox 1500 3125 1618 3155; x_wconf 80' lang='lat' dir='ltr'>seriem</span> <span class='ocrx_word' id='word_1_707' title='bbox 1648 3122 1817 3166; x_wconf 77' lang='lat' dir='ltr'>paululum</span> <span class='ocrx_word' id='word_1_708' title='bbox 1845 3125 2055 3166; x_wconf 57' lang='lat' dir='ltr'>immutarit,</span> <span class='ocrx_word' id='word_1_709' title='bbox 2084 3135 2190 3167; x_wconf 79' lang='lat' dir='ltr'>neque</span> <span class='ocrx_word' id='word_1_710' title='bbox 2222 3132 2334 3158; x_wconf 79' lang='lat' dir='ltr'>tamen</span> 
     </span>
     <span class='ocr_line' id='line_1_97' title="bbox 1324 3175 1656 3208; baseline 0.006 -2"><span class='ocrx_word' id='word_1_711' title='bbox 1324 3175 1492 3208; x_wconf 73' lang='lat' dir='ltr'>aben-mit</span> <span class='ocrx_word' id='word_1_712' title='bbox 1509 3187 1526 3207; x_wconf 86' lang='lat' dir='ltr'>u</span> <span class='ocrx_word' id='word_1_713' title='bbox 1546 3187 1656 3208; x_wconf 73' lang='lat' dir='ltr'>sensu.</span> 
     </span>
    </p>

    <p class='ocr_par' dir='ltr' id='par_1_21' title="bbox 1325 3226 2333 3323">
     <span class='ocr_line' id='line_1_98' title="bbox 1370 3226 2333 3270; baseline 0.006 -12"><span class='ocrx_word' id='word_1_714' title='bbox 1370 3237 1384 3252; x_wconf 73' lang='grc' dir='ltr'>ο</span> <span class='ocrx_word' id='word_1_715' title='bbox 1406 3226 1462 3259; x_wconf 81' lang='lat' dir='ltr'>sic</span> <span class='ocrx_word' id='word_1_716' title='bbox 1480 3227 1555 3260; x_wconf 79' lang='lat' dir='ltr'>Mss.</span> <span class='ocrx_word' id='word_1_717' title='bbox 1574 3235 1673 3270; x_wconf 82' lang='lat' dir='ltr'>atque</span> <span class='ocrx_word' id='word_1_718' title='bbox 1689 3228 1733 3259; x_wconf 80' lang='lat' dir='ltr'>itu</span> <span class='ocrx_word' id='word_1_719' title='bbox 1749 3226 1827 3269; x_wconf 72' lang='lat' dir='ltr'>legit.</span> <span class='ocrx_word' id='word_1_720' title='bbox 1847 3227 2052 3261; x_wconf 75' lang='lat' dir='ltr'>Ambrosius.</span> <span class='ocrx_word' id='word_1_721' title='bbox 2070 3227 2161 3261; x_wconf 79' lang='lat' dir='ltr'>Editi</span> <span class='ocrx_word' id='word_1_722' title='bbox 2176 3239 2255 3263; x_wconf 80' lang='lat' dir='ltr'>vero</span> <span class='ocrx_word' id='word_1_723' title='bbox 2267 3230 2333 3264; x_wconf 77' lang='grc' dir='ltr'>εἶτα</span> 
     </span>
     <span class='ocr_line' id='line_1_99' title="bbox 1325 3279 2198 3323; baseline -0.001 -10"><span class='ocrx_word' id='word_1_724' title='bbox 1325 3285 1460 3323; x_wconf 59' lang='grc' dir='ltr'>ἐπιμένῃ.</span> <span class='ocrx_word' id='word_1_725' title='bbox 1482 3280 1580 3311; x_wconf 76' lang='grc' dir='ltr'>ΡιιιιΙυ</span> <span class='ocrx_word' id='word_1_726' title='bbox 1594 3288 1664 3322; x_wconf 61' lang='lat' dir='ltr'>pust</span> <span class='ocrx_word' id='word_1_727' title='bbox 1686 3279 1754 3312; x_wconf 75' lang='lat' dir='ltr'>‹luo</span> <span class='ocrx_word' id='word_1_728' title='bbox 1771 3281 1845 3312; x_wconf 50' lang='grc' dir='ltr'>Μεθ’..</span> <span class='ocrx_word' id='word_1_729' title='bbox 1866 3287 1903 3314; x_wconf 82' lang='grc' dir='ltr'>τὰ</span> <span class='ocrx_word' id='word_1_730' title='bbox 1916 3288 2045 3323; x_wconf 64' lang='grc' dir='ltr'>μέγιστα</span> <span class='ocrx_word' id='word_1_731' title='bbox 2058 3286 2117 3316; x_wconf 68' lang='grc' dir='ltr'>ἀπὸ</span> <span class='ocrx_word' id='word_1_732' title='bbox 2134 3287 2198 3319; x_wconf 75' lang='grc' dir='ltr'>τῆς.</span> 
     </span>
    </p>

    <p class='ocr_par' dir='ltr' id='par_1_22' title="bbox 1323 3331 2329 3468">
     <span class='ocr_line' id='line_1_100' title="bbox 1369 3331 2329 3377; baseline 0.004 -14"><span class='ocrx_word' id='word_1_733' title='bbox 1369 3340 1381 3356; x_wconf 72' lang='lat'>⁸</span> <span class='ocrx_word' id='word_1_734' title='bbox 1409 3332 1479 3363; x_wconf 75' lang='lat' dir='ltr'>Duo</span> <span class='ocrx_word' id='word_1_735' title='bbox 1494 3332 1570 3365; x_wconf 50' lang='lat' dir='ltr'>lusa.</span> <span class='ocrx_word' id='word_1_736' title='bbox 1589 3340 1622 3363; x_wconf 76' lang='lat' dir='ltr'>rt.</span> <span class='ocrx_word' id='word_1_737' title='bbox 1638 3331 1739 3364; x_wconf 76' lang='lat' dir='ltr'>Suvil.</span> <span class='ocrx_word' id='word_1_738' title='bbox 1760 3333 1792 3364; x_wconf 88' lang='lat' dir='ltr'>in</span> <span class='ocrx_word' id='word_1_739' title='bbox 1811 3344 1914 3373; x_wconf 63' lang='lat' dir='ltr'>iuarg.</span> <span class='ocrx_word' id='word_1_740' title='bbox 1935 3343 1975 3375; x_wconf 62' lang='grc' dir='ltr'>τις,</span> <span class='ocrx_word' id='word_1_741' title='bbox 2001 3338 2120 3376; x_wconf 74' lang='grc' dir='ltr'>μεγιθςι</span> <span class='ocrx_word' id='word_1_742' title='bbox 2141 3339 2194 3371; x_wconf 68' lang='grc' dir='ltr'>τὰς</span> <span class='ocrx_word' id='word_1_743' title='bbox 2211 3347 2329 3377; x_wconf 58' lang='lat' dir='ltr'>tpara-</span> 
     </span>
     <span class='ocr_line' id='line_1_101' title="bbox 1324 3384 2329 3431; baseline 0.001 -15"><span class='ocrx_word' id='word_1_744' title='bbox 1324 3386 1407 3421; x_wconf 58' lang='grc' dir='ltr'>δῶκ’</span> <span class='ocrx_word' id='word_1_745' title='bbox 1432 3389 1510 3425; x_wconf 67' lang='grc' dir='ltr'>μετὰ</span> <span class='ocrx_word' id='word_1_746' title='bbox 1529 3391 1597 3429; x_wconf 62' lang='lat' dir='ltr'>ris..</span> <span class='ocrx_word' id='word_1_747' title='bbox 1620 3384 1706 3416; x_wconf 70' lang='lat' dir='ltr'>thid.</span> <span class='ocrx_word' id='word_1_748' title='bbox 1727 3384 1794 3416; x_wconf 77' lang='lat' dir='ltr'>(luo</span> <span class='ocrx_word' id='word_1_749' title='bbox 1814 3386 1890 3417; x_wconf 55' lang='lat' dir='ltr'>Mss-</span> <span class='ocrx_word' id='word_1_750' title='bbox 1912 3395 1967 3419; x_wconf 74' lang='grc' dir='ltr'>τῶν</span> <span class='ocrx_word' id='word_1_751' title='bbox 1987 3394 2078 3431; x_wconf 49' lang='grc' dir='ltr'>ρι’-κων</span> <span class='ocrx_word' id='word_1_752' title='bbox 2099 3384 2194 3426; x_wconf 72' lang='lat' dir='ltr'>male,</span> <span class='ocrx_word' id='word_1_753' title='bbox 2217 3392 2251 3417; x_wconf 82' lang='lat' dir='ltr'>ut</span> <span class='ocrx_word' id='word_1_754' title='bbox 2282 3386 2329 3417; x_wconf 74' lang='lat' dir='ltr'>Vi·</span> 
     </span>
     <span class='ocr_line' id='line_1_102' title="bbox 1323 3435 1431 3468; baseline -0.019 0"><span class='ocrx_word' id='word_1_755' title='bbox 1323 3435 1431 3468; x_wconf 73' lang='lat' dir='ltr'>detur.</span> 
     </span>
    </p>
   </div>
  </div>
 </body>
</html>
