2513 3871
303 263 397 326 936
707 275 741 304 s.
778 272 963 303 soxxms
997 268 1239 301 cunvsosr.
1278 268 1486 298 ancittae.
1524 267 1880 298 CONSTANTINOP.

305 363 420 402 lesus
433 366 604 397 mortuus
619 365 686 394 est.
702 356 780 394 Non
795 354 904 398 dixit,
916 351 1148 391 Obdormivit
1159 366 1170 399 ;
1181 350 1255 397 sed,

308 422 486 460 ‚Mortuus
503 427 570 457 est.
600 418 674 455 Cur
698 416 818 465 itaque
841 413 975 452 Christi
995 413 1135 451 obitum
1155 425 1254 450 mor-

306 493 375 519 tem
395 510 405 529 ,
441 488 601 518 nostrum
624 490 709 515 vero
741 475 995 514 dormitionem
1026 472 1253 526 appellavit?

308 543 384 580 Non
405 541 499 579 enim
516 548 647 577 temere
660 546 694 576 et
710 537 785 575 sinc
798 535 937 574 delectu
959 535 1027 573 hac
1044 547 1173 573 vocum
1192 534 1254 572 ob-

306 601 503 639 servatione
528 608 578 638 est
607 612 711 645 usus,
744 596 807 636 sed
834 596 1018 649 sapientiae
1048 596 1194 649 plenum
1223 605 1256 633 et

307 675 474 714 inagnum
504 659 592 712 quid
615 673 803 713 apparans.
831 659 884 696 De
902 657 1048 696 Christo
1072 657 1166 695 enim
1197 657 1255 695 lo-

303 736 414 772 quens
437 730 586 760 mortem
605 721 713 766 dixit,
743 729 781 758 ut
800 719 955 772 passioni
975 717 1082 756 {idem
1107 717 1254 763 faceret3

303 783 349 820 de
362 782 465 821 nobis
474 796 595 834 agens,
607 781 859 820 dormitionem
875 779 1028 826 vocavit,
1046 788 1084 816 ut
1095 778 1255 817 dolorem

304 843 442 882 leniret.
467 844 540 882 L'hi
560 844 654 882 enim
673 844 746 895 jam
767 841 976 881 resurrectio
1001 850 1227 893 praecesserat
1243 871 1254 890 ,

304 905 419 944 fidens
434 915 583 944 mortem
603 913 771 944 memorat
785 921 794 951 ;
810 904 873 942 ubi
889 912 1007 941 autem
1024 911 1162 941 tantum
1181 916 1256 955 spe-

306 966 467 1013 rabatur,
487 966 740 1005 dormitionem
765 973 884 1014 vocat,
911 964 978 1002 hac
994 977 1082 1002 voce
1102 977 1187 1002 usus
1211 963 1256 1001 ad

305 1027 417 1066 nostri
437 1027 729 1072 consolationem,
747 1035 780 1064 et
797 1025 843 1064 ad
860 1039 959 1078 spem
977 1024 1255 1076 suggerendam:

306 1102 388 1127 nam
414 1089 475 1139 qui
500 1087 650 1134 dormit,
673 1090 748 1125 sine
764 1086 878 1125 dubio
899 1095 1072 1137 resurget,
1095 1085 1258 1136 nihilque

1329 350 1493 388 ἀπέθανε.
1516 349 1587 389 Καὶ
1603 351 1665 388 οὐκ
1685 343 1800 395 εἶπεν,
1820 347 1993 399 ἐκοιμήθη
2007 377 2018 395 ,
2044 347 2157 397 ἀλλὰ,
2180 348 2345 388 ἀπέθανε.

1330 411 1435 454 Τίνος
1452 405 1512 449 οὖν
1529 410 1644 449 ἕνεκεν
1663 410 1723 449 τὸν
1756 409 1820 461 μὲν
1837 414 1898 449 τοῦ
1929 410 2081 462 Χριστοῦ
2099 408 2245 448 θάνατον
2264 409 2350 448 ἐκά-

1329 472 1430 520 λεσε,
1448 471 1508 510 τὸν
1539 470 1576 510 δὲ
1608 470 1779 522 ἡμέτερον
1808 470 1994 521 κοίμησιν;
2024 471 2080 508 Οὐ
2110 469 2180 521 γὰρ
2209 469 2352 516 ἁπλῶς,

1292 552 1303 563 ⁴
1329 532 1404 570 οὐδὲ
1421 532 1604 585 παρέργως
1619 531 1731 585 ταύτῃ
1747 531 1920 584 κέχρηται
1941 534 2010 570 τῶν
2030 530 2156 576 λέξεων
2175 532 2221 582 τῇ
2239 545 2354 583 παρα·

1329 593 1498 645 τηρήσει,
1531 593 1623 632 ἀλλὰ
1657 592 1761 645 σοφόν
1793 608 1828 631 τι
1860 593 1921 631 καὶ
1950 592 2043 644 μέγα
2072 590 2354 636 κατασκευάζων.

1330 655 1415 693 Ἐπὶ
1435 655 1498 705 μὲν
1514 655 1583 706 γὰρ
1602 658 1662 693 τοῦ
1684 655 1837 706 Χριστοῦ
1856 653 2004 692 θάνατον
2034 654 2219 700 ἐκάλεσεν,
2241 653 2299 692 ἵνα
2314 651 2355 691 τὸ

1329 715 1438 758 πάθος
1467 715 1708 763 πιστώσηται·
1731 715 1788 753 ἐπὶ
1807 714 1843 752 δὲ
1862 717 1965 765 ἡμῶν
1986 714 2152 764 κοίμησιν
2168 714 2332 754 ἐκάλεσεν
2344 743 2355 760 ,

1328 776 1386 815 ἵνα
1405 776 1470 823 τὴν
1492 776 1616 824 ὀδύνην
1632 777 1946 829 παραμυθήσ-ηται.
1968 775 2080 815 Ἔνθα
2099 775 2162 827 μὲν
2182 775 2252 828 γὰρ
2267 791 2354 827 προ·

1330 839 1509 892 εχώρησεν
1526 843 1548 885 ἡ
1569 839 1759 881 ἀνάστασις
1774 871 1783 888 ,
1813 840 1950 890 θαρρῶν
1969 839 2070 876 καλεῖ
2087 837 2253 876 θάνατον·
2271 837 2354 876 ἔνθα

1331 899 1367 938 δὲ
1387 901 1421 938 ἐν
1444 900 1581 939 ἐλπίσιν
1605 901 1679 938 ἐστὶ
1707 901 1747 938 τὸ
1774 905 1942 950 πρᾶγμα,
1962 898 2127 949 κοίμησιν
2154 899 2276 945 καλεῖ,
2295 896 2356 936 καὶ

1331 960 1374 998 δι’
1408 961 1514 1006 αὐτ-’ῆς
1544 959 1857 1012 παραμυθούμενος
1883 963 1946 1006 τῆς
1975 959 2213 1011 προσηγορίας
2242 961 2355 1009 ἡμᾶς,

1331 1021 1390 1060 καὶ
1409 1021 1566 1074 χρηστὰς
1585 1021 1773 1061 ὑποτείνων
1799 1021 1956 1064 ἐλπίδας.
1978 1020 2023 1060 Ὁ
2042 1021 2110 1073 γὰρ
2139 1018 2356 1071 κοιμώμενος

1332 1084 1566 1130 ἀναστήσεται
1586 1083 1744 1128 πάντως,
1765 1083 1826 1120 καὶ
1842 1081 1938 1121 οὐδὲν
1960 1082 2076 1135 ἔτερόν
2100 1083 2174 1120 ἐστι
2188 1080 2356 1128 θάνατος,

304 1148 402 1186 aliud
422 1162 517 1186 mors
536 1157 587 1186 est
600 1177 609 1193 ,
629 1162 736 1198 quam
762 1148 889 1198 longus
907 1160 1066 1184 somnus.
1093 1147 1147 1184 Ne
1165 1146 1255 1183 mihi
1269 1164 1317 1190 7⁶⁵
1332 1145 1408 1182 ἀλλ’
1425 1144 1448 1190 ἢ
1481 1144 1585 1187 ὕπνος
1613 1145 1757 1196 μακρός.
1787 1143 1848 1191 Μὴ
1867 1143 1936 1196 γάρ
1962 1158 2023 1193 μοι
2041 1146 2142 1182 τοῦτο
2159 1142 2281 1193 εἴπῃς,
2300 1141 2356 1181 ὅτι

301 1208 439 1247 dixeris
456 1238 467 1255 ,
498 1217 678 1246 mortuum
707 1222 770 1246 nec
789 1206 934 1254 audire,
956 1220 1019 1244 nec
1039 1206 1163 1257 loqui,
1193 1220 1258 1245 nec
1282 1203 1304 1230 A
1331 1206 1408 1243 οὔτε
1426 1206 1566 1252 ἀκούει,
1585 1206 1663 1244 οὔτε
1679 1204 1884 1256 φθέγγεται,
1901 1205 1978 1243 οὗτε
1993 1207 2059 1256 ὁρᾷ
2073 1233 2085 1252 ,
2103 1203 2183 1242 οὔτε
2201 1202 2357 1243 αἰσθάνε-

303 1268 438 1316 videre,
450 1283 565 1320 neque
579 1282 680 1307 sensu
698 1267 793 1305 affici
811 1283 819 1304 :
836 1281 917 1305 nam
933 1266 1091 1318 idipsum
1109 1265 1155 1304 de
1168 1266 1257 1304 dor·

304 1329 434 1366 miente
461 1327 629 1366 dixerim.
665 1328 703 1367 Si
730 1327 826 1379 quod
855 1341 961 1379 porro
982 1327 1116 1373 mirum
1140 1326 1258 1366 dicere

303 1388 405 1426 liceat
419 1417 429 1436 ,
451 1387 660 1426 dormientis
681 1388 798 1425 anima
818 1385 1088 1437 quodammodo
1107 1385 1258 1434 dormit,

305 1446 433 1485 mortui
451 1460 519 1484 non
545 1447 643 1494 item,
665 1446 726 1484 sed
744 1446 879 1497 vigilat.
904 1449 962 1493 At,
983 1445 1138 1496 inquies,
1162 1460 1259 1484 mor-

305 1517 386 1544 tuus
400 1506 569 1559 putrescit
583 1516 616 1544 et
631 1507 889 1559 corrumpitur,
907 1506 1099 1558 pulvisque
1113 1514 1148 1544 et
1170 1506 1259 1545 cinis

302 1568 472 1606 efficitur.
501 1567 602 1617 Quid
616 1577 691 1606 tum
707 1568 799 1613 inde,
824 1567 982 1606 dilecte?
1007 1567 1086 1606 ideo
1101 1567 1258 1606 maxime

303 1624 549 1676 gaudendum.
584 1625 725 1664 Etenim
757 1625 786 1663 si
813 1626 894 1677 quis
921 1635 1077 1664 veterem
1107 1625 1257 1664 domum

302 1696 502 1736 quassatam
530 1696 725 1725 restaurare
755 1687 863 1733 velit,
894 1687 1010 1739 primo
1039 1687 1258 1727 habitatores

301 1747 425 1798 ejicit,
456 1749 677 1799 domumque
694 1748 831 1795 diruit,
858 1757 891 1786 et
909 1749 1256 1800 magnificentiorem

301 1808 474 1854 exstruit;
494 1809 594 1860 ejecti
617 1823 701 1847 vero
720 1823 788 1847 non
807 1809 886 1847 ideo
905 1818 1065 1856 moereut,
1086 1810 1147 1848 sed
1168 1824 1258 1861 gau-

302 1868 388 1907 dent
410 1870 540 1921 potius.
568 1871 645 1908 Non
665 1871 759 1908 enim
780 1869 1067 1920 demolitionem,
1091 1885 1170 1922 quae
1189 1871 1256 1909 sub

303 1939 486 1982 aspectum
512 1930 629 1977 cadit,
660 1930 721 1969 sed
742 1932 902 1969 futurum
921 1931 1131 1978 aedificium,
1155 1932 1253 1984 quod

304 2005 372 2028 non
389 1991 544 2039 videtur,
563 1991 682 2030 auimo
700 2001 878 2044 reputant.
898 1993 950 2030 lta
965 1993 1124 2031 facturus
1139 1995 1249 2041 Deus,

303 2065 433 2103 corpus
451 2051 632 2097 dissolvit,
667 2062 700 2091 et
721 2054 754 2091 in
778 2053 840 2091 illo
859 2053 1078 2092 habitantem
1096 2054 1254 2093 animam

305 2111 405 2163 prius
429 2111 563 2161 educit,
592 2128 654 2151 ceu
676 2128 720 2152 ex
735 2113 842 2152 domo
859 2114 1045 2166 quapiam,
1069 2124 1108 2152 ut
1123 2125 1202 2167 post
1218 2116 1253 2154 in

304 2172 464 2211 eamdem
494 2174 778 2225 magnificentius
807 2183 1044 2212 constructam
1076 2175 1251 2223 domum,

304 2233 459 2272 animam
491 2249 571 2273 curn
592 2236 716 2287 majori
747 2235 857 2287 gloria
879 2235 1039 2274 reducat.
1072 2238 1125 2275 Ne
1145 2237 1255 2288 igitur

304 2292 569 2333 demolitionem
586 2304 784 2347 spectemus
798 2325 807 2340 ‚
825 2294 887 2334 sed
905 2295 1067 2334 futurum
1087 2297 1253 2349 splendo-

304 2367 392 2392 rem.

357 2494 395 2528 9.
417 2491 620 2541 lterumquc
636 2490 663 2527 si
677 2491 758 2541 quis
776 2498 927 2527 statuam
945 2489 1078 2529 habens
1093 2490 1258 2539 rubigine

307 2562 346 2585 ac
381 2557 538 2599 tempore
571 2547 846 2597 labefactatam,
873 2549 1066 2600 multisque
1092 2550 1256 2602 partibus

309 2608 492 2653 mutilam,
527 2608 642 2660 ipsam
663 2609 850 2647 contritam
870 2610 904 2648 in
924 2611 1102 2648 fornacem
1119 2611 1258 2663 injicit,

309 2675 346 2703 ut
360 2666 478 2704 ssando
492 2665 771 2718 splendidiorem
785 2666 924 2707 reddat.
943 2667 1256 2714 Quemadmodum

309 2727 418 2775 igitur
437 2727 471 2765 in
495 2728 638 2766 fornace
653 2737 768 2765 statua
785 2727 913 2766 detrita
934 2742 1001 2767 non
1021 2728 1173 2773 deletur,
1197 2729 1258 2768 sed

309 2796 499 2824 renovatur
514 2802 522 2824 :
535 2788 585 2824 sic
601 2797 713 2826 morte
729 2801 878 2840 corpora
896 2799 1012 2828 nostra
1030 2804 1097 2827 non
1116 2805 1260 2842 prorsus

311 2857 457 2899 percunt
476 2879 484 2894 ,
520 2847 580 2886 sed
612 2859 838 2889 renovantur.
875 2852 966 2889 Cum
997 2851 1106 2903 igitur
1127 2851 1260 2891 videris

310 2923 449 2946 carnem
479 2919 634 2947 nostram
663 2924 725 2947 reu
756 2910 790 2947 in
821 2911 961 2949 fornace
992 2909 1204 2951 defluentem
1227 2922 1262 2952 et

313 2978 569 3019 putrescentem
589 2999 598 3016 ,
622 2984 664 3007 ne
691 2971 726 3007 in
746 2980 890 3023 aspectu
920 2971 983 3009 illo
1011 2973 1171 3022 steteris,
1199 2974 1260 3012 sed

311 3027 427 3066 donno
449 3029 672 3068 conflandam
694 3041 870 3083 exspecta.
892 3033 1015 3083 Neque
1035 3033 1102 3071 lioe
1122 3043 1259 3073 tantum

315 3089 465 3140 exctnpli
487 3089 590 3127 modo
620 3100 804 3128 contentus
823 3101 896 3130 esto
912 3122 922 3139 ,
951 3093 1013 3131 sed
1040 3093 1086 3132 ad
1107 3094 1144 3133 id
1164 3096 1261 3146 quod

318 3149 414 3197 prius
429 3159 479 3186 est
495 3150 737 3188 ratiocinando
753 3152 913 3204 procede.
931 3155 1135 3193 Statuarius
1149 3157 1258 3206 enim,

318 3208 378 3256 qui
408 3224 534 3260 corpus
566 3225 699 3249 ameum
721 3213 861 3262 injecit,
892 3228 960 3252 non
980 3230 1122 3255 auream
1141 3219 1207 3257 tibi
1229 3228 1263 3257 ot

322 3270 551 3306 immortalem
571 3270 684 3308 reddit
710 3282 874 3319 statuam,
891 3274 952 3312 sed
967 3290 1100 3314 wneam
1117 3291 1261 3317 rursum

320 3327 427 3363 eflicit
447 3343 453 3362 :
474 3339 591 3366 contra
616 3345 697 3367 ιιϊυ
718 3333 824 3379 Deus,
842 3334 935 3372 luteo
953 3349 993 3372 ac
1014 3338 1154 3376 mortali
1176 3339 1263 3390 inje-

365 3457 377 3472 ¹
400 3447 489 3480 [ΒΜ
524 3455 698 3491 ”ιτ·”τ,ιι«,
728 3454 806 3484 alm·

828 3460 1068 3497 <217‘.‘1'u1-'¹?=⁴r2.
1090 3460 1170 3492 alim
1202 3466 1293 3497 quq-'r
1311 3482 1317 3491 J

1330 1281 1388 1302 ται
1415 1268 1433 1303 ὁ
1464 1265 1739 1312 τετελευτηκώς·
1777 1265 1853 1303 οὐδὲ
1888 1265 1957 1316 γὰρ
1983 1267 2002 1302 ὁ
2034 1264 2224 1304 καθεύδων.
2254 1262 2355 1304 Ei&

1331 1324 1402 1377 χρή
1421 1341 1456 1362 τι
1474 1324 1534 1363 καὶ
1565 1325 1764 1375 θαυμαστὸν
1797 1326 1927 1373 εἰπεῖν,
1952 1327 2013 1363 τοῦ
2047 1324 2111 1373 μὲν
2130 1323 2356 1367 καθεύδοντος

1332 1386 1391 1423 καὶ
1408 1390 1430 1432 ἡ
1450 1386 1546 1438 ψυχή
1563 1403 1638 1430 πως
1654 1385 1830 1424 καθεύδει·
1859 1389 1920 1423 τοῦ
1951 1384 1988 1423 δὲ
2006 1385 2278 1431 τελευτήσαντος
2293 1385 2357 1438 οὔχ

1331 1446 1457 1492 οὕτως,
1489 1449 1566 1486 ἀλλ’
1599 1447 1799 1500 ἐγρήγορεν.
1819 1446 1913 1485 Ἀλλ’
1931 1450 1949 1485 ὁ
1970 1446 2179 1492 τελευτήσας
2205 1446 2356 1493 σήπεται

1332 1523 1391 1547 και
1405 1508 1659 1563 διαφθείρεται,
1680 1525 1784 1562 φησι,
1800 1523 1860 1546 και
1876 1510 1968 1552 κόνις
1992 1508 2126 1560 γίνεται
2154 1507 2214 1547 καὶ
2233 1507 2354 1561 τέφρα.

1332 1570 1402 1608 Και
1438 1570 1473 1608 τί
1509 1574 1633 1619 τοῦτο,
1669 1570 1850 1621 dyeia-qt&
1879 1569 1925 1608 δι’
1951 1569 2036 1608 αὐτὸ
2074 1567 2138 1620 μὲν
2168 1562 2227 1608 ουν
2255 1571 2358 1608 τοῦτο

1332 1632 1489 1681 μάλιστα
1507 1632 1643 1684 χαίρειν
1667 1633 1730 1670 δεῖ.
1761 1632 1830 1670 Καὶ
1846 1632 1914 1683 γὰρ
1938 1630 2051 1669 οἰκίαν
2070 1647 2123 1675 τις
2142 1630 2280 1682 μέλλων
2300 1632 2356 1669 οἶ·

1331 1693 1492 1743 κοδομεῖν
1524 1696 1763 1744 σαθρωθεῖσαν
1793 1694 1852 1731 καὶ
1871 1691 2026 1730 παλαιὰν
2055 1691 2268 1743 γενομένην,
2297 1693 2357 1731 ἐκ·

1332 1751 1450 1790 Βαλὼν
1481 1756 1619 1804 πρῶτον
1655 1753 1733 1797 τοὺς
1762 1755 1963 1801 οἰκοῦντας,
1985 1752 2076 1791 οὕτω
2106 1751 2274 1791 καταλύει
2293 1750 2357 1799 τὴν

1331 1814 1444 1852 οἰκίαν
1459 1844 1469 1860 ,
1514 1829 1575 1852 και
1620 1815 1840 1865 ἀνοικοδομεῖ
1879 1813 2140 1866 λαμπροτέραν.
2177 1813 2248 1852 Καὶ
2279 1811 2358 1857 τους

1331 1875 1562 1922 ἐκὸληθέντας
1581 1877 1619 1914 οὐ
1635 1877 1738 1914 λυπεῖ
1756 1876 1796 1914 τὸ
1814 1876 2012 1928 γινόμενον,
2033 1875 2123 1914 ἀλλὰ
2140 1874 2200 1913 καὶ
2218 1874 2360 1927 εὖφραί·

1331 1952 1381 1974 νει
1419 1937 1608 1975 πλέον·οὖ
1652 1936 1719 1989 γὰρ
1750 1939 1794 1989 τῇ
1828 1936 2030 1988 καθαιρέσει
2060 1935 2273 1988 προσέχωσι
2312 1936 2357 1987 τῇ

1334 1998 1534 2050 βλεπομένῃ
1550 2027 1560 2046 ,
1577 1998 1668 2037 αλλὰ
1689 1999 1753 2045 τὴν
1772 1999 1968 2049 μέλλουσαν
1989 1997 2197 2048 ·οἰκοδομὴν
2225 1995 2358 2048 φαντά-

1332 2061 1449 2102 ζονται
1485 2059 1549 2106 τὴν
1587 2061 1626 2097 οὐ
1660 2059 1892 2110 βλεπομένην.
1919 2057 2026 2097 Οὕτω
2059 2059 2101 2105 δὴ
2136 2056 2197 2096 καὶ
2230 2059 2249 2096 ὁ
2268 2055 2359 2100 Θεὸς

1332 2126 1442 2158 ποιεῖν
1476 2121 1635 2171 μέλλων,
1667 2120 1834 2159 καταλύει
1866 2123 1967 2170 ἡμῶν
1992 2120 2032 2158 τὸ
2059 2122 2181 2169 σῶμα,
2201 2116 2262 2156 καὶ
2292 2116 2357 2164 τὴν

1334 2182 1532 2220 ἐνοικοῦσαν
1555 2184 1589 2221 ἐν
1611 2184 1705 2234 αὐτῷ
1721 2181 1838 2233 ψυχὴν
1855 2181 1969 2231 ἐξάγει
1987 2182 2178 2232 πρότερον,
2198 2178 2358 2230 καθάπερ

1333 2241 1368 2285 ἐξ
1385 2242 1496 2285 οἰκίας
1508 2242 1600 2286 τινὸς
1611 2273 1621 2289 ,
1645 2242 1701 2281 ἵνα
1719 2242 1967 2293 λαμπροτέραν
1983 2241 2090 2288 αὐτὴν
2107 2239 2357 2289 οἰκοδομήσας,

1335 2302 1424 2352 μετὰ
1462 2303 1620 2348 πλείονος
1656 2303 1765 2349 αὐτὴν
1799 2302 1898 2350 δόξης
1930 2303 2102 2354 εἰσαγάγῃ
2139 2302 2258 2340 πάλιν.
2293 2299 2356 2347 Μὴ

1334 2364 1448 2403 τοίνυν
1463 2368 1506 2417 τῇ
1521 2365 1721 2418 καθαιρέσει
1739 2365 1969 2418 προσέχωμεν
1983 2395 1993 2412 ,
2013 2363 2103 2403 ἀλλὰ
2121 2366 2164 2416 τῇ
2182 2361 2358 2414 μελλούσῃ

1333 2426 1571 2477 λαμπρότητι.

1390 2488 1504 2526 Πάλιν
1524 2488 1712 2540 ἀνδριάντα
1731 2505 1783 2532 τις
1809 2489 1900 2541 ἔχων
1920 2491 1962 2541 ἰῷ
1987 2489 2046 2527 καὶ
2061 2488 2178 2543 χρόνῳ
2195 2487 2360 2539 διεφθαρ-

1336 2549 1456 2598 μένον,
1472 2550 1531 2588 καὶ
1559 2549 1674 2588 πολλὰ
1693 2553 1762 2588 τῶν
1784 2552 1900 2602 μερῶν
1932 2549 2255 2600 ἀποτεθλασμένον,
2273 2563 2359 2587 συν-

1334 2610 1459 2662 τρίψας
1489 2611 1591 2650 αὐτὸν
1622 2613 1670 2654 εἰς
1700 2612 1935 2663 χωνευτήριον
1964 2612 2157 2662 ἐμὸάλλει,
2176 2609 2236 2648 καὶ
2255 2607 2360 2655 τήξας

1335 2672 1438 2709 αὐτὸν
1488 2671 1642 2724 α’κριὸῶς
1656 2701 1666 2717 ,
1713 2671 1803 2709 οὕτω
1844 2671 2088 2723 λαμπρότερον
2132 2669 2358 2709 ἀποδίδωσιν.

1334 2732 1479 2785 ’Ὠσπερ
1497 2727 1555 2770 οὖν
1573 2735 1595 2779 ἡ
1617 2734 1651 2770 ἐν
1676 2734 1727 2784 τῷ
1746 2732 1973 2785 χωνευτηρίῳ
1993 2731 2160 2784 συντριὸὴ
2189 2733 2252 2770 οὐκ
2267 2731 2360 2783 ἀφα-

1335 2793 1475 2843 νισμὸς,
1501 2792 1592 2831 ἀλλὰ
1620 2792 1872 2843 ἆνακαινισμός
1891 2793 1941 2837 τίς
1978 2794 2054 2832 ἐστι
2082 2796 2142 2831 τοῦ
2157 2792 2359 2845 ἀνδριάντος

1336 2855 1478 2892 ἐκείνου·
1506 2854 1597 2892 οὕτω
1615 2854 1676 2892 καὶ
1695 2857 1763 2892 τῶν
1783 2854 1966 2906 ἡμετέρων
1986 2854 2159 2905 σωμάτων
2178 2857 2197 2893 ὁ
2215 2854 2361 2896 θάνατος

1335 2917 1398 2953 οὐκ
1435 2914 1594 2953 ἂπώλειά
1625 2914 1676 2957 τίς
1723 2915 1838 2964 ἐστιν,
1874 2915 1966 2953 ἀλλὰ
2010 2915 2211 2960 ἀνανέωσις.
2242 2914 2359 2956 Ὅταν

1335 2976 1450 3014 τοίνυν
1468 2977 1564 3029 ἴδῃς,
1585 2977 1745 3029 καθάπερ
1763 2979 1798 3015 ἐν
1825 2976 2070 3030 χωνευτηρίῳ,
2099 2975 2359 3030 καταρρέουσαν

1337 3039 1438 3087 ἡμῶν
1457 3037 1520 3083 τὴν
1535 3036 1650 3088 σάρκα
1666 3038 1726 3075 καὶ
1747 3037 1950 3088 σηπομένην
1968 3067 1977 3084 ‚
1999 3037 2049 3087 μὴ
2071 3039 2155 3088 στῇς
2173 3038 2280 3090 μέχρι
2298 3040 2361 3085 τῆς

1337 3098 1447 3150 ὄψεως
1472 3097 1621 3146 ταύτης,
1647 3097 1736 3136 α’λλὰ
1755 3101 1818 3145 τὴν
1846 3098 2082 3150 ἀναχώνευσιν
2111 3098 2280 3148 ἀνάμενε·
2299 3098 2360 3137 καὶ

1339 3159 1427 3208 μηδὲ
1447 3162 1498 3211 τῷ
1517 3159 1634 3212 μέτρῳ
1649 3163 1708 3197 τοῦ
1735 3159 2019 3211 παραδείγματος
2041 3161 2212 3211 ἀρκεσθῇς
2228 3159 2359 3211 τούτῳ,

1339 3221 1416 3258 ἀλλ’
1434 3220 1491 3258 ἐπὶ
1513 3221 1552 3259 τὸ
1582 3219 1751 3274 πρότερον
1779 3220 1926 3273 πρόελθε
1945 3223 1995 3273 τῷ
2015 3220 2108 3271 λόγῳ
2120 3249 2128 3257 .
2143 3220 2189 3258 ‘0
2209 3219 2272 3271 μὶν
2291 3219 2360 3273 γὰρ

1340 3282 1624 3331 ἀνδριαντοποιὸς
1654 3283 1809 3334 χαλκοῦν
1828 3281 1993 3332 ἔμὸαλὼν
2009 3283 2128 3331 σῶμα,
2156 3283 2195 3320 οὗ
2208 3285 2358 3333 χρυσοῦν

1338 3343 1396 3380 ml
1428 3343 1598 3381 ἀθάνατόν
1629 3358 1683 3382 σοι
1714 3343 1905 3382 ἀποδίδωσι
1936 3344 1994 3381 τὸν
2028 3343 2234 3394 ἀνδριάντα,
2266 3342 2356 3381 ἀλλὰ
