2549 3825
893 261 949 290 1)ss
986 260 1164 290 LAzARo
1203 260 1366 291 CONClO
1406 262 1449 290 V„

143 342 223 390 ζων,
244 341 438 393 περιφράττ
426 357 502 388 ων,
523 356 627 379 παντι
651 344 849 394 θεραπεύων
870 344 988 395 τρόπῳ
1005 344 1171 382 διατελεῖ·

143 403 232 440 οὕτω
254 404 314 440 καὶ
336 406 432 445 οὗτος
460 404 498 440 οὐ
518 402 746 452 διελίμπανε,
767 404 925 456 καθάπερ
947 404 1065 442 ἐλαίαν
1093 404 1174 443 τινὰ

141 464 387 515 κατάκαρπον,
409 462 470 509 τὴν
492 462 639 500 ἑκάστου
660 463 775 515 ψυχὴν
805 467 852 508 εἷς
873 464 1017 503 πλείονα
1047 468 1173 519 ἀρετης

142 524 251 568 αὔξων
278 523 444 562 ἐπίδοσιν.
475 522 567 560 Αλλ’
589 516 657 560 εἶδε
684 523 834 576 στελέχη
865 541 908 576 τῃ
934 540 993 564 του
1021 541 1174 576 πονηρου

141 584 336 635 πνεύματος
365 583 544 635 προσὸολῃ
568 585 772 623 ἀνασπασθέ
774 601 856 633 ντα,
873 586 933 623 καὶ
955 586 1013 624 ἐπὶ
1032 603 1095 637 γης
1113 589 1173 625 ἐκ·

140 646 309 692 ταθέντα,
331 645 391 682 καὶ
410 645 467 682 τὸν
496 645 642 683 ἐλεεινὸν
672 649 734 691 τῆς
755 647 918 692 τελευτῆς
937 646 1172 696 ὑπομείναντα

141 706 291 757 τρόπον,
313 705 373 743 καὶ
404 704 499 742 οὐδὲν
531 705 737 757 βλάσφημον
760 706 965 758 ἐφθέγξατο,
986 706 1077 744 ἀλλὰ
1111 706 1171 744 καὶ

140 765 391 819 εὐχαρίστησε,
413 765 552 817 καιρίαν
573 765 649 808 δοὺς
673 769 724 818 τῷ
752 766 905 818 διαὸόλῳ
929 765 992 812 τὴν
1014 766 1167 815 πληγήν.

194 828 238 865 Εἰ
259 826 295 864 δὲ
313 826 428 877 λέγοις
444 855 454 873 ,
471 826 525 863 ὅτι
549 825 698 869 πολλοὺς
729 820 822 878 εἶχεν
849 820 947 868 οὗτος
965 824 1056 869 υἱοὺς
1071 855 1081 873 ,
1106 825 1170 862 ἅλ-

138 889 197 931 λος
215 887 251 926 δὲ
271 887 442 931 πολλάκις
457 886 517 924 ἕνα
535 889 704 937 μονογενῆ
727 886 818 938 ἔχων
837 885 1012 933 ἀπώλεσε,
1030 886 1090 923 καὶ
1106 888 1169 924 οὐκ

140 948 212 985 ἴσον
233 948 272 986 τὸ
288 948 422 995 πένθος,
439 948 555 989 καλῶς
573 946 700 996 λέγεις,
719 946 818 996 κάγώ
839 946 894 984 σοί
921 961 1011 997 φημι
1031 945 1085 982 ὅτι
1108 947 1169 984 οὐκ

138 1007 213 1046 ἴσον
230 1009 270 1046 τὸ
291 1007 428 1053 πένθος,
449 1007 539 1044 ἀλλὰ
565 1007 684 1058 πολλῷ
719 1007 835 1057 μεῖζον
862 1006 902 1044 τὸ
923 1010 983 1044 τοῦ
1003 1005 1102 1044 Ἰώὸ.
1121 1006 1169 1044 Τί

138 1068 207 1121 γὰρ
222 1070 317 1119 αὐτῷ
336 1072 398 1114 τῆς
412 1067 645 1109 πολυπαιδίας
665 1066 807 1119 ὄφελος,
827 1067 1051 1119 Τρανοτέραν
1072 1069 1168 1119 αὐτῷ

137 1129 199 1176 τὴν
219 1127 402 1180 συμφορὰν
424 1126 568 1174 ἐποίησε
583 1127 642 1164 καὶ
658 1127 868 1179 πικροτέραν
894 1127 956 1174 τὴν
987 1127 1110 1174 ὀδύνην
1129 1129 1168 1167 τὸ

137 1189 173 1227 ἐν
193 1189 329 1228 πλείοσι
345 1188 488 1238 σώμασι
502 1188 541 1225 τὸ
570 1191 711 1240 τραῦμα
734 1187 910 1231 δέξασθαι.
934 1190 978 1226 Εἰ
996 1188 1031 1228 δὲ
1049 1189 1168 1240 βούλει

138 1250 198 1287 καὶ
226 1249 343 1301 ἕτερον
373 1250 456 1286 ἰδεῖν
486 1248 583 1299 ἅγιον
614 1252 781 1299 μονογενῆ
803 1249 913 1287 παῖδα
940 1249 1088 1300 {7,0v2·0t
1108 1251 1168 1288 καὶ

135 1308 200 1355 τὴν
237 1309 344 1355 αὐτὴν
374 1308 396 1355 ἢ
425 1308 485 1346 καὶ
511 1307 655 1346 πλείονα
687 1309 849 1361 ἀνδρείαν
888 1302 1163 1360 ἐπιδειξάμενον,

137 1370 380 1421 ἀναμνησθητι
411 1375 471 1408 τοῦ
505 1370 725 1423 πατριάρχου
754 1370 968 1421 Ἀδραὰμ,
950 1384 986 1414 ος
1017 1373 1079 1409 οὐκ
1099 1365 1166 1410 εἶδε

135 1431 194 1469 τὸν
207 1431 332 1470 Ἰσαὰκ
359 1431 602 1478 ἀποθανόντα,
627 1433 718 1478 ἀλλ’,
753 1431 770 1469 ὃ
800 1433 921 1483 πολλῷ
954 1434 1164 1486 πικρότερον

136 1487 179 1539 ἦν
195 1493 254 1531 καὶ
280 1492 539 1546 ὀδυνηρότερον,
571 1494 672 1536 αὐτὸς
705 1493 806 1531 αὐτὸν
827 1493 1048 1546 κατασφάξαι
1080 1497 1166 1534 ἐπε-

135 1554 300 1600 τάττετο,
319 1554 378 1592 καὶ
409 1556 471 1592 οὐκ
497 1557 639 1592 ἀντεῖπε
671 1553 757 1605 πρὸς
783 1553 822 1590 τὸ
855 1553 1060 1631 ἐπίταγμα,
1089 1555 1167 1594 οὐδὲ

134 1615 376 1667 ἐουσχέρανεν,
395 1614 472 1653 οὐδὲ
498 1613 685 1666 ἐφθέγξατό
714 1630 748 1651 τι
775 1618 954 1652 τοιοῦτον·
982 1616 1040 1653 διὰ
1061 1617 1165 1655 τουτό

136 1692 179 1727 με
217 1676 353 1750 πατέρα
383 1675 569 1721 ἐποίησας,
605 1690 659 1712 ινα
694 1674 920 1713 παιδοκτόνον
957 1676 1162 1728 ἀπεργάσῃ,

1199 659 1224 688 D

1177 1723 1226 1746 770

2108 255 2201 316 943

1247 344 1382 382 ratione
1400 345 1512 384 colere
1527 360 1595 385 non
1612 357 1721 387 cessat
1741 365 1747 385 :
1766 349 1814 387 ita
1829 359 1861 388 et
1878 350 1938 388 ille
1957 364 2026 388 nou
2044 352 2203 390 cessabat

1247 406 1472 457 singulorum
1483 408 1652 458 animam,
1661 412 1761 461 quasi
1774 411 2201 460 οΙίι’31111“ι·11ο11[ει’3Π1,311

1247 467 1382 518 majora
1400 468 1545 506 virtutis
1566 470 1781 510 incrementa
1801 472 1992 511 deducere.
2017 473 2088 511 Sed
2109 474 2201 512 vidit

1247 527 1373 578 stirpes
1387 529 1534 580 maligni
1551 531 1698 581 spiritus
1720 533 1854 585 impetu
1873 534 2019 571 avulsas
2036 543 2141 585 atque
2164 535 2199 572 in

1247 596 1377 625 terram
1398 598 1604 640 prostratas,
1627 593 1939 644 miserabilemque
1959 595 2041 632 vitae
2062 596 2197 634 exitum

1248 661 1449 699 perpessas;
1473 650 1564 687 nihil
1590 661 1707 691 tamen
1735 655 1915 693 maledicti
1945 656 2109 706 protulit,
2138 656 2199 694 sed

1248 709 1322 745 Deo
1350 711 1482 760 gratias
1499 725 1624 762 agens,
1650 714 1791 752 letalem
1815 716 1960 753 diabolo
1980 718 2124 768 plagam
2150 718 2200 755 in-

1245 768 1353 807 flixit.

1299 828 1333 865 5.
1355 827 1395 865 Si
1409 842 1494 866 vero
1514 828 1676 877 dixeris,
1698 832 1834 870 Multos
1855 832 1915 869 ille
1935 832 2030 870 filios
2046 833 2172 871 habuit
2190 850 2196 869 ι

1245 885 1336 924 alius
1353 901 1437 924 vero
1459 902 1551 939 saepe
1571 891 1718 927 unicum
1737 891 1895 942 perdidit
1919 892 2053 939 filium,
2087 908 2199 944 neque

1244 946 1323 997 pati
1341 946 1466 985 dolore
1483 949 1632 987 affectus
1648 960 1712 998 est,
1730 952 1866 1003 optime
1884 953 2041 1003 loqueris
2064 967 2072 990 :
2096 963 2200 1004 atque

1244 1007 1281 1044 in
1297 1007 1364 1045 hoc
1380 1007 1446 1046 tibi
1469 1009 1651 1059 assentior,
1667 1012 1765 1061 quod
1779 1026 1850 1049 non
1874 1027 1940 1064 par
1962 1014 2070 1051 fuerit
2083 1014 2198 1059 dolor,

1243 1067 1305 1106 sed
1324 1069 1408 1108 Jobi
1428 1070 1542 1108 multo
1562 1073 1688 1123 major.
1713 1074 1801 1119 Quae
1820 1074 1916 1111 enim
1934 1074 1989 1111 illi
2010 1088 2055 1112 ex
2074 1089 2201 1113 nume-

1243 1143 1323 1166 rosa
1352 1130 1474 1167 sobole
1503 1132 1667 1170 utilitas?
1696 1134 1963 1172 Evidentiorem
1995 1135 2062 1185 ipsi
2093 1145 2200 1186 atque

1243 1190 1460 1229 acerbiorem
1478 1191 1638 1231 dolorem
1661 1195 1795 1233 vulnus
1820 1196 1958 1244 intulit,
1974 1196 2010 1233 in
2034 1196 2199 1247 pluribus

1243 1252 1452 1303 corporibus
1465 1263 1661 1306 acceptum.
1675 1256 1784 1304 Quod
1796 1257 1826 1294 si
1838 1257 1939 1295 lubet
1951 1257 2063 1295 alium
2075 1257 2199 1296 videre

1243 1322 1419 1361 sanctum,
1434 1314 1491 1352 cui
1515 1316 1641 1354 unicus
1661 1326 1736 1354 erat
1752 1318 1863 1365 filius,
1879 1318 1957 1369 pari
1974 1319 2046 1356 imo
2070 1320 2196 1371 majori

1243 1374 1352 1411 animi
1378 1376 1626 1426 magnitudine
1646 1392 1766 1425 usum,
1795 1379 1981 1416 recordare
2001 1379 2196 1418 Abrahami

1242 1434 1468 1485 patriarchae,
1483 1437 1545 1487 qui
1562 1439 1721 1477 lsaacum
1736 1439 1882 1490 quidem
1903 1440 2109 1478 morientem
2126 1455 2195 1479 non

1242 1495 1354 1541 vidit3
1369 1496 1443 1544 sed,
1458 1497 1553 1548 quod
1573 1499 1677 1551 longe
1692 1500 1853 1538 acerbius
1868 1501 2096 1552 amariusque
2109 1512 2195 1551 erat,

1240 1555 1316 1607 ipse
1332 1571 1413 1595 eum
1430 1569 1584 1598 mactare
1598 1561 1719 1612 jussus
1735 1571 1804 1610 est3
1823 1576 1886 1599 nec
1903 1562 2071 1600 mandato
2090 1578 2197 1616 repu-

1240 1617 1371 1667 gnabat
1386 1618 1457 1667 ille,
1469 1634 1539 1658 non
1554 1621 1822 1673 indignabatur,
1839 1637 1951 1674 neque
1964 1624 2081 1662 simile
2095 1624 2196 1682 quid-

1242 1678 1336 1728 piam
1355 1679 1521 1718 dicebat:
1542 1682 1670 1720 Idcone
1686 1697 1742 1721 me
1759 1693 1894 1735 patrem
1913 1685 2040 1733 fecisti,
2067 1695 2106 1723 ut
2127 1686 2194 1724 lilii

135 1736 271 1785 βέλτιον
300 1739 342 1783 ἠν
371 1734 419 1785 μὴ
442 1736 560 1773 δουναι
588 1734 650 1781 τὴν
685 1734 819 1786 ἀρχὴν,
839 1735 861 1780 ἢ
885 1734 988 1773 δόντα
1017 1735 1163 1790 τοιούτω
1187 1759 1212 1787 Α
1239 1737 1456 1779 homicidam
1474 1743 1631 1780 faceies?
1651 1744 1778 1781 melius
1799 1744 1922 1783 fuisset
1948 1747 2093 1784 omnino
2125 1762 2193 1786 non

132 1797 252 1850 τρόπῳ
278 1797 379 1835 αὐτον
401 1797 600 1848 ἀφελεσθαι.
626 1795 748 1834 Βούλει
769 1795 908 1844 λαὸεῖν,
923 1796 1015 1840 τίνος
1047 1797 1160 1835 ἕνεκεν

133 1857 223 1908 κάμὲ
244 1857 462 1910 κατασφάξαι
476 1857 643 1905 κελεύεις,
662 1857 722 1894 καὶ
734 1856 796 1904 τὴν
819 1857 931 1902 δεξιὰν
951 1865 1070 1908 μιᾶναι
1098 1860 1160 1906 τὴν

133 1921 303 1969 ἐμαυτοῦ,
325 1921 402 1958 Οὐκ
422 1919 492 1957 ἀπὸ
507 1918 626 1957 τούτου
649 1934 707 1968 μοι
727 1922 786 1956 τοῦ
807 1918 947 1956 παιδίου
963 1919 1026 1966 τὴν
1045 1922 1160 1959 οἰκου-

133 1980 241 2030 μένην
275 1982 455 2030 ἐμπλῆσαι
483 1983 553 2017 τῶν
587 1979 769 2030 ἀπογόνων
802 1979 976 2031 ὑπέσχου,
997 1982 1072 2024 πῶς
1102 1976 1160 2019 οἶν

131 2041 208 2085 τοὺς
226 2040 379 2093 καρποὺς
398 2041 499 2084 δίδως
520 2040 584 2087 τὴν
608 2041 703 2094 ῥίζαν
730 2042 898 2092 ἀναιρῶν,
921 2043 994 2085 πῶς
1015 2042 1050 2079 δὲ
1069 2043 1159 2080 ἀπο-

129 2102 249 2152 γόνους
263 2103 460 2153 ἐπαγγέλλῃ
476 2101 533 2139 τὸν
552 2102 624 2139 υἱὸν
645 2101 902 2152 κατασφάττειν
923 2101 1092 2149 κελεύων,
1107 2103 1159 2148 τίς

125 2167 239 2203 ταῦτα
255 2156 337 2211 εἶδε,
350 2162 401 2206 τίς
417 2166 529 2200 ταῦτα
547 2163 713 2210 ἤκουσεν,
728 2161 954 2212 ’11πάτημαι,
967 2164 1157 2215 παρελογί-

126 2229 226 2272 σθην.
249 2224 360 2264 Οὐδὲν
375 2228 509 2261 τοιοῦτο
526 2225 588 2261 οὐκ
605 2216 711 2270 εἶπεν,
731 2224 793 2260 οὐκ
813 2223 1080 2271 ἐνενόησεν,οὐκ
1094 2227 1156 2262 ἀν-

126 2292 227 2325 τεῖπε
251 2288 301 2337 τῷ
322 2284 544 2331 κελεύσαντι,
563 2284 625 2320 οὐκ
658 2282 838 2335 ἀπῄτησεν
867 2284 1028 2331 εὐθύνας,
1065 2286 1156 2324 ἀλλὰ

128 2346 282 2389 ἀκούσας
294 2362 301 2369 ·
316 2345 412 2383 Aa&
430 2344 487 2382 τὸν
507 2343 577 2382 υἱόν
593 2360 653 2382 σου
671 2345 729 2383 τὸν
750 2345 947 2395 ἀγαπητὸν,
962 2345 998 2384 ὃν
1014 2347 1154 2398 ἠγάπη-

127 2423 203 2455 σας,
222 2407 282 2445 τὸν
300 2405 435 2453 Ἰσαὰκ,
451 2406 510 2443 καὶ
533 2405 687 2456 ἀνάγαγε
704 2407 807 2444 αὐτον
832 2405 884 2457 ἐφ’
904 2406 939 2444 ἓν
957 2409 1026 2444 τῶν
1045 2409 1152 2460 ὀρέων

127 2462 175 2506 ὧν
190 2469 229 2507 ἄν
247 2483 300 2506 σοι
319 2467 418 2512 εἴπω,
431 2466 520 2516 μετὰ
532 2466 702 2513 τοσαύτης
716 2468 911 2518 προθυμίας
921 2468 960 2506 τὸ
974 2470 1153 2521 ἐπίταγμα

128 2530 350 2582 ἐπλήρωσεν,
372 2531 418 2571 ὡς
433 2527 491 2566 καὶ
510 2527 653 2566 πλείονα
672 2529 741 2566 τῶν
769 2531 1025 2581 ἐπιταχθέντων
1044 2535 1149 2578 ποιῆ-

128 2604 199 2628 σαι.
218 2590 288 2628 Καὶ
323 2589 390 2642 γὰρ
422 2589 461 2626 τὸ
493 2589 631 2640 γύναιον
663 2589 808 2641 ἔκρυψε,
830 2591 889 2628 καὶ
916 2590 994 2634 τοὺς
1025 2595 1152 2636 παῖδας

125 2651 228 2690 ἔλαθε
249 2652 348 2690 κάτω
365 2650 479 2700 μένειν
499 2651 596 2702 ἀφεὶς
612 2681 621 2699 ,
638 2651 697 2688 καὶ
715 2652 816 2701 μόνον
836 2653 875 2690 τὸ
890 2655 1011 2705 ἱερεῖον
1032 2654 1149 2693 λαίὼν

127 2712 250 2764 ἀνῄει·
267 2711 378 2754 οὕτως
398 2713 461 2750 οὐκ
481 2712 574 2749 ἄκων
592 2740 602 2758 ,
622 2712 711 2750 ἀλλὰ
741 2713 831 2763 μετὰ
851 2715 1044 2766 προθυμίας
1059 2720 1150 2753 πολ-

125 2774 189 2820 λῆς
218 2773 258 2812 τὸ
276 2772 460 2811 κελευσθὲν
476 2772 658 2826 ἔπραττεν.
681 2773 866 2822 Ἐννόησον
887 2776 998 2814 τοίνυν
1029 2779 1149 2823 ἡλίκον

125 2828 186 2882 ἦν,
207 2835 308 2884 μόνον
331 2834 427 2887 μόνῳ
443 2834 662 2885 διαλέγεσθαι
688 2838 737 2888 τῷ
764 2837 885 2884 παιδὶ,
909 2838 1056 2887 μηδενὸς
1071 2854 1145 2874 πα-

126 2895 259 2946 ρόντος,
278 2895 334 2933 ὅτε
353 2897 486 2946 μὸίλλον
504 2895 549 2934 τὰ
568 2896 752 2949 σπλάγχνα
773 2898 1072 2949 διαθερμαίνεται,
1091 2901 1149 2937 καὶ

124 2956 349 3008 σφοδρότερον
381 2956 423 2994 τὸ
452 2957 594 3009 φίλτρον
615 2958 768 3008 γίνεται,
793 2959 850 2996 καὶ
887 2963 987 2997 τοῦτο
1019 2963 1081 2999 οὐκ
1114 2964 1147 2999 ἐν

125 3024 189 3069 μιᾷ
209 3017 231 3064 ἢ
253 3018 360 3066 δυσὶν,
376 3018 468 3057 ἀλλὰ
494 3018 554 3056 καὶ
581 3019 614 3056 ἐν
644 3020 798 3057 πλείοσιν
819 3021 981 3071 ἡμέραις.
1003 3022 1055 3059 Τὸ
1084 3023 1148 3071 μὲν

120 3078 188 3130 γὰρ
207 3079 342 3131 ταχέως
379 3081 526 3124 ποιῆσαι
563 3080 602 3118 τὸ
629 3081 840 3132 ἐπιταχθὲν,
866 3083 1064 3132 θαυμαστὸν
1089 3084 1147 3121 καὶ

123 3141 238 3191 μέγα,
261 3141 338 3178 ἀλλ’
357 3142 422 3191 οὐχ
443 3139 533 3177 οὕτω
568 3142 766 3192 θαυμαστὸν
789 3145 835 3185 ὡς
860 3142 899 3178 τὸ
925 3143 981 3180 διὰ
1009 3145 1146 3181 πολλῶν

123 3202 261 3252 ἡμερῶν
281 3201 556 3252 βασανιζομένης
586 3204 689 3240 αὐτοῦ
723 3204 781 3240 καὶ
803 3205 1065 3254 γυμναζομένης
1086 3207 1149 3250 τῆς
1175 3218 1197 3246 t'.

121 3264 236 3313 ψυχῆς
271 3261 378 3311 μηδὲν
410 3266 534 3300 ποθεῖν
563 3264 649 3314 πρὸς
677 3264 716 3301 τὸ
749 3265 887 3302 παιδίον
917 3265 1144 3317 ἀνθρώπινον.

122 3322 190 3359 Διὰ

123 3387 226 3429 θηκιν
257 3386 274 3420 ὁ
294 3383 399 3430 (θεὸς,
418 3383 478 3421 neat
502 3384 541 3423 τὸ
569 3386 708 3423 στάδιον
725 3386 901 3432 ἐξέτεινεν,
924 3386 979 3424 ἰ’να
998 3388 1142 3438 ‹inpaci-

123 3459 242 3496 στερον
264 3444 338 3489 18ης
357 3444 413 3481 τὸν
431 3445 597 3490 ὠθλητήν.
616 3447 681 3484 Καὶ
699 3446 764 3498 γὰρ
786 3441 826 3492 ἦν
848 3449 1000 3496 ἀθλητὴς
1017 3449 1141 3494 ὄντως,

216 3320 283 3372 γὰρ
299 3326 400 3359 τοῦτο
425 3322 509 3360 αὐτὸ
528 3324 586 3361 καὶ
618 3326 817 3377 μακρότερα
840 3326 1035 3376 σκάμματα
1061 3327 1143 3364 ἐπί-

1237 1797 1392 1849 dcdisse,
1411 1816 1518 1852 quam
1537 1805 1660 1842 datum
1676 1805 1739 1842 tali
1759 1805 1865 1843 modo
1884 1807 2081 1845 sustulisse.
2099 1808 2193 1846 Eum

1238 1874 1383 1912 prorsus
1402 1863 1458 1901 vis
1478 1864 1632 1902 habere?
1649 1879 1712 1903 cur
1731 1880 1811 1903 eum
1834 1881 1853 1903 a
1878 1881 1933 1904 me
1955 1868 2101 1905 mactari
2123 1869 2194 1906 iui-

1236 1936 1359 1974 peras,
1389 1939 1576 1976 meamque
1598 1925 1783 1965 dexteram
1806 1930 1951 1980 sangine
1972 1930 2048 1980 ejus
2069 1940 2193 1968 conta-

1235 1984 1392 2022 minari?
1409 1999 1525 2024 annon
1553 1987 1733 2038 pollicitus
1749 2002 1825 2026 eras
1842 2002 1898 2026 me
1913 2003 1976 2042 per
1991 1990 2086 2028 hune
2110 2005 2191 2042 pue·

1234 2059 1316 2083 rum
1338 2055 1452 2084 totum
1481 2048 1604 2086 orbem
1623 2048 1722 2100 prole
1741 2063 1817 2086 mea
1838 2050 2100 2101 impleturum?
2126 2053 2188 2102 qui

1232 2107 1388 2146 fructum
1408 2109 1512 2147 dabis
1540 2110 1663 2148 avulsa
1684 2110 1830 2149 radice?
1851 2112 2031 2162 quomodo
2051 2113 2189 2165 prolem

1232 2169 1428 2218 promittis,
1445 2183 1525 2207 cum
1540 2171 1654 2208 filium
1673 2180 1827 2209 mactare
1843 2172 1996 2223 jubeas?
2009 2175 2089 2224 quis
2103 2175 2188 2212 talia

1233 2229 1323 2266 vidit
1342 2230 1397 2268 vel
1414 2231 1584 2268 audivit?
1604 2232 1784 2283 Deceptus
1801 2247 1881 2270 sum
1904 2248 1944 2271 ac
1963 2234 2185 2273 circumven-

1232 2298 1300 2328 tus.
1325 2291 1424 2328 Nihil
1446 2292 1564 2329 simile
1580 2291 1676 2330 dixit
1690 2302 1750 2330 aut
1775 2295 1957 2344 cogitavit,
1971 2309 2038 2333 non
2056 2297 2186 2334 restitit

1232 2352 1434 2403 imperanti,
1455 2367 1523 2390 non
1543 2353 1716 2405 expetivit
1737 2355 1818 2391 facti
1842 2356 2029 2399 rationein,
2046 2355 2108 2394 sed
2129 2357 2185 2396 his

1230 2412 1388 2450 auditis:
1418 2414 1566 2464 Accipe
1579 2414 1717 2464 silium
1738 2423 1861 2457 11111111.
1894 2430 2006 2466 quem
2036 2418 2181 2469 diligis,

1229 2475 1357 2521 Isaac,
1374 2482 1407 2511 ct
1422 2475 1550 2511 adduc
1564 2488 1647 2511 enm
1664 2478 1706 2511 in
1720 2490 1836 2512 ιιιιιιηι
1852 2480 2055 2522 montium,
2070 2493 2183 2529 quem

1229 2535 1363 2571 dixero
1379 2537 1460 2581 tibi,
1477 2548 1558 2572 cum
1579 2544 1673 2572 tanta
1691 2535 1872 2574 alacritate
1892 2537 2028 2588 paruit,
2050 2549 2085 2576 ut
2102 2541 2183 2591 plus

1228 2594 1333 2632 etiam
1346 2624 1355 2641 ,
1387 2609 1492 2646 quani
1524 2595 1737 2647 imperatum
1771 2606 1873 2640 essct,
1911 2598 2053 2640 street-et,
2091 2602 2181 2639 Nun

1230 2670 1378 2694 uxorem
1393 2656 1458 2693 hoc
1476 2656 1604 2694 celavit
1621 2665 1652 2693 ct
1675 2671 1808 2702 servos,
1828 2658 1984 2709 ipsisque
2000 2661 2032 2697 111
2052 2663 2181 2700 montis

1228 2718 1346 2755 radice
1359 2717 1533 2765 dimissis,
1549 2718 1620 2755 sola
1640 2733 1759 2756 secum
1778 2720 1885 2757 ducta
1904 2721 2047 2759 victima
2063 2737 2181 2761 asceu-

1227 2779 1291 2817 dit.
1324 2780 1375 2817 lta
1406 2794 1473 2817 nou
1496 2780 1644 2821 imitus.
1674 2781 1733 2818 scd
1756 2782 2039 2820 c=1111al.u-1·i1at‹·
2067 2785 2178 2822 1111111.1

1222 2839 1320 2889 jussa
1341 2840 1611 2890 exsequebatur.
1638 2841 1761 2891 Cogita
1788 2856 1871 2892 crgo
1893 2853 2065 2893 quantuni
2087 2846 2176 2884 illud

1226 2908 1314 2944 orat,
1345 2901 1460 2938 solutu
1489 2916 1569 2938 cum
1590 2902 1666 2939 solo
1693 2902 1767 2939 lilio
1798 2904 1968 2954 colloqui,
2004 2917 2176 2956 prat-scuto

1226 2961 1384 3007 neutinc,
1420 2977 1502 2999 cnut
1533 2962 1666 3000 visi-vra
1697 2964 1852 3001 maixime
1884 2978 2153 3007 cunnum-entur
2167 3000 2176 3012 .

1225 3023 1426 3073 amorisque
1452 3024 1642 3074 visuuujm·
1667 3034 1731 3065 cst,
1757 3024 1864 3075 idque
1894 3040 1961 3064 111111
1985 3029 2088 3066 tutius
2120 3031 2177 3070 rel

1223 3084 1395 3129 ‹tum-um,
1425 3085 1485 3121 ,st-tl
1515 3085 1675 3136 plurium
1697 3085 1835 3123 1111·1·11111
1861 3088 1989 3138 spatio.
2025 3090 2112 3127 Natu
2146 3092 2177 3130 si

1222 3144 1339 3182 statim
1367 3146 1499 3182 troisset
1529 3145 1624 3195 ‹piml
1657 3146 1868 3197 imperantur
1898 3159 1984 3192 1·1·.11,
2007 3164 2177 3201 tit-ignum

1223 3206 1456 3256 tuiraibilvqm·
1475 3207 1610 3243 sat-inm
1625 3207 1744 3245 suisset
1761 3225 1769 3251 ς
1788 3208 1849 3246 ml
1867 3224 1934 3246 111111
1952 3213 2098 3262 prriudc
2119 3224 2175 3252 ta-

1223 3282 1300 3305 1111·11
1331 3267 1509 3310 mirabile,
1537 3277 1642 3318 atquc
1662 3283 1742 3305 1-11111
1765 3284 1826 3320 pei·
1847 3271 1977 3308 inultus
1995 3273 2072 3311 «lies
2098 3277 2175 3327 ejus

1220 3330 1360 3366 :ruimus
1392 3329 1615 3366 excruciatus
1645 3331 1891 3382 ext-tritusque·
1920 3334 2045 3379 fucrit,
2082 3338 2171 3375 1111111

1222 3391 1367 3428 1111111111ιί
1386 3392 1476 3426 cit-cn
1494 3390 1607 3427 111111111
1627 3405 1768 3442 passum
1785 3407 1869 3430 csse.
1889 3393 1970 3431 1111·11
1986 3397 2079 3434 cuitu
2097 3398 2170 3436 11111-

1222 3453 1316 3499 gituu
1340 3451 1391 3488 illi
1416 3461 1603 3488 κ1·.1111111;11.1
1624 3453 1806 3504 proposuit
1828 3455 1922 3492 lit-u.-
1947 3456 2171 3510 §miliumque

2238 1418 2398 1446 Abrahami

2211 1460 2396 1497 ext-triplum.
2448 1475 2451 1477 ·

2199 2465 2272 2492 Gen.
2288 2474 2322 2492 22
2356 2475 2383 2494 2.
