2549 3825
613 258 670 288 AD
707 258 948 288 STAGtRlun
987 258 1009 286 A
1049 255 1245 286 Dmtorssi
1281 255 1518 286 vssxA'rUM.

148 348 203 382 θον
222 359 326 396 αυτυ,
338 358 396 380 και
412 340 543 391 γίνεται
563 341 679 391 πατὴρ
695 343 712 377 ὁ
728 340 888 391 Ἄδραὰμ
905 339 993 390 μετὰ
1013 339 1070 377 τὸν
1097 355 1167 388 μα-

148 406 230 456 >tp-bv
251 404 375 456 χρόνον
402 403 551 440 ἐκεῖνον·
571 401 631 439 καὶ
657 405 730 454 εἶχε
751 401 815 452 μέν
841 416 919 439 τινα
947 401 986 439 τὸ
1019 407 1167 452 πρᾶγμα

147 465 294 512 ἡδονὴν,
317 462 496 514 μείζονα
477 478 514 500 οε
533 461 595 508 τὴν
615 462 780 513 ἀθυμίαν.
801 461 846 500 Ὁ
865 461 934 514 γὰρ
954 461 1049 503 νόθος
1066 461 1167 498 αὐτὸν

146 525 392 576 ὑπεμίμνησκε
402 528 463 562 τοῦ
476 523 639 576 γνησίου,
652 523 712 561 καὶ
728 523 872 573 μείζονα
885 527 946 560 τοῦ
961 521 1169 594 πράγμριτος

145 583 330 634 ἐπιθυμίαν
352 585 404 621 ἐνε
397 583 506 621 'Cala
525 582 578 620 'lo
595 581 680 633 γὰρ,
697 583 750 619 Οὐ
778 580 1037 632 κληρονομήσει
1060 578 1098 618 σὲ
1114 581 1170 615 οὑ-

145 659 222 690 τος,
240 620 318 679 ἀλλ’
337 640 372 684 ὃς
389 639 602 686 ἐξελεύσεται
622 641 662 678 ἐκ
681 655 741 677 σου
753 639 859 693 ,περὶ
879 643 938 678 τοῦ
957 637 1109 689 Ἰσμαὴλ
1125 639 1172 675 εἰ·

149 704 275 752 ρῆσθαι
295 700 452 751 ἐνόμισεν
467 713 474 720 “
497 698 591 736 οὐδὲν
612 698 678 749 γὰρ
712 697 848 736 οὐδέπω
874 697 992 750 εἴρητο
1010 696 1091 749 περὶ
1110 697 1172 740 τῆς

148 761 311 812 Σάρρας·
339 757 459 803 ἐπειδὴ
497 757 531 795 δὲ
558 756 679 795 λοιπὸν
711 756 771 794 καὶ
805 756 1017 808 τρανοτέραν
1047 753 1172 792 ἔλαόἐν

149 817 360 869 ἐπαγγελίαν
390 815 470 868 περὶ
487 820 546 854 τοῦ
567 814 710 862 Ἰσαὰκ,
728 813 788 852 καὶ
816 813 940 866 χρόνος
960 813 1103 866 ὡρίζετο
1122 816 1172 866 τῷ

150 876 263 928 τόκῳ,
281 876 362 927 πρὶν
386 874 408 920 ἢ
427 873 533 912 πάλιν
560 873 662 912 αὐτὸν
679 876 830 920 ἡσθῆναι
849 877 925 915 ταῖς
953 872 1071 910 ἐλπίσι
1090 871 1174 910 ταύ-

150 950 245 982 ταις,
265 933 309 972 τὰ
328 935 397 971 τῶν
427 933 630 982 Σοδομιτῶν
657 931 751 978 πάθη
779 930 912 976 πολλὴν
934 931 1038 968 αὐτοῦ
1069 930 1170 969 κατέ-

151 1007 229 1044 χεεν
249 990 398 1042 ἀθυμίας
418 990 540 1043 ἀχλύν.
558 990 643 1028 (Ότι
661 990 729 1041 γὰρ
758 991 821 1041 οὐχ
839 992 886 1033 ὡς
901 988 1002 1041 ἔτυχε
1021 989 1060 1027 τὸ
1081 995 1172 1042 πρᾶ-

151 1064 224 1099 γμα
255 1049 312 1086 τὸν
344 1048 476 1086 δίκαιον
508 1048 726 1100 διετάραξεν,
748 1050 787 1086 ἐκ
817 1049 885 1085 τῶν
918 1047 1086 1099 ῥημάτων
1115 1049 1174 1085 αὖ·

151 1109 220 1144 τῶν
239 1106 299 1144 καὶ
316 1108 377 1152 τῆς
396 1105 573 1156 ἱκετηρίας
588 1135 597 1149 ‚
618 1106 660 1152 ἣν
689 1104 776 1158 ὑπὲρ
807 1107 919 1143 αὐτῶν
951 1105 1055 1152 ἔθηκε
1086 1105 1173 1156 πρὸς

151 1166 210 1204 τὸν
226 1165 338 1211 Θεὸν,
359 1163 465 1202 παντί
484 1180 550 1202 που
571 1164 674 1211 δῆλόν
692 1167 764 1203 ἐστι
779 1177 786 1184 ·
809 1166 866 1202 ὅτε
895 1163 930 1202 δὲ
949 1165 1010 1202 καὶ
1030 1179 1173 1202 κατενε-

152 1226 282 1279 χθέντα
311 1226 368 1264 τὸν
397 1224 677 1277 φρικωδέστατον
701 1227 830 1263 ἐκεῖνον
864 1218 952 1263 εἶδεν
981 1224 1099 1273 ὑετὸν,
1117 1224 1176 1262 καὶ

153 1285 270 1324 πάντα
299 1284 392 1323 κόνιν
413 1285 472 1322 καὶ
502 1285 630 1336 τέφραν
661 1283 823 1336 ἐξαίφνης
843 1283 1078 1335 γεγενημένα,
1098 1282 1176 1322 οὐδὲ

154 1350 188 1385 ἐν
209 1348 320 1398 ἑαυτῷ
340 1345 459 1384 λοιπὸν
482 1339 537 1392 ἦν.
557 1347 601 1383 Εἰ
621 1345 689 1398 γὰρ
711 1344 821 1387 οἰκίας
839 1346 984 1398 ὁρῶντες
999 1343 1176 1396 πόρρωθεν

156 1404 346 1454 καιομένας
378 1402 587 1454 ἐξιστάμεθα
621 1403 681 1441 καὶ
715 1404 984 1453 καταπίπτομεν
1018 1403 1084 1441 ὑπὸ
1116 1404 1179 1449 τῆς

158 1462 307 1513 ἀθυμίας
327 1462 386 1500 καὶ
402 1466 463 1499 τοῦ
482 1461 590 1512 φόὲου
605 1491 615 1509 ,
635 1461 668 1499 τί
688 1463 750 1499 οὐκ
766 1461 807 1499 ἂν
830 1461 955 1500 ἔπαθεν
973 1464 1101 1506 ἐκεῖνος
1120 1461 1181 1500 πό-

157 1524 229 1568 λεις
248 1523 330 1568 δ’)ας
344 1539 404 1561 και
423 1521 542 1575 γώρας
560 1522 650 1572 μετὰ
670 1525 738 1560 τῶν
754 1521 945 1574 οἰκητόρων
965 1524 1026 1560 οὐκ
1047 1524 1176 1575 ἐμπρη-

159 1587 239 1636 σμῶ
258 1601 308 1637 τῳ
329 1584 486 1632 συνήθει,
506 1584 596 1622 ἀλλὰ
628 1583 711 1635 ξένῳ
741 1584 801 1621 καὶ
813 1583 964 1659 Νἣιροὸερῷ
990 1599 1181 1622 κατακαιο

161 1645 267 1696 μένας
293 1648 407 1698 ὃρων;
420 1639 497 1698 Ἆρ’
515 1647 552 1683 οὔ
579 1646 672 1683 δοκεῖ
699 1659 753 1682 σοι
774 1648 833 1682 τοῦ
859 1645 993 1683 δικαίου
1021 1645 1065 1682 τὰ
1084 1645 1178 1692 πάθη

158 1709 228 1744 τῶν
249 1706 494 1752 ἐπαλλήλων’
479 1722 514 1743 εν
538 1709 581 1757 τῇ
610 1705 768 1758 θαλάσσῃ
797 1705 963 1756 κυμάτων
996 1709 1180 1757 μιμεῖσθαι

159 1769 198 1806 τὸ
217 1767 377 1820 συνεχές,
395 1766 564 1819 Καθάπερ
584 1767 652 1820 γὰρ
675 1769 746 1805 ἐκεῖ
760 1796 769 1812 ,
789 1766 887 1805 οὔπω
905 1770 973 1805 τῶν
999 1767 1179 1818 προτέρων

159 1830 436 1881 ἀφανισθέντων,
454 1832 663 1880 κορυφοῦται
680 1828 724 1866 τὰ
745 1827 889 1882 δεύτερα
902 1859 911 1876 ,
933 1827 1022 1867 οὕτω
1042 1829 1102 1866 καὶ
1123 1829 1181 1867 ἐπὶ

158 1893 221 1937 τῆς
239 1893 298 1928 τοῦ
319 1890 452 1929 δικαίου
474 1889 594 1928 τούτου
627 1891 718 1936 ζωῆς
748 1889 862 1927 διόλου
891 1889 1088 1928 συνέὸαινε.
1111 1889 1182 1928 Καὶ

158 1951 226 2003 γὰρ
247 1951 298 1990 ἔτι
317 1953 384 1989 τῶν
410 1953 444 1990 ἐν
468 1949 638 2001 Σοδόμοις
664 1949 891 2000 ἀκμαζόντων
918 1954 1039 1989 κακῶν
1066 1952 1084 1987 ὅ
1111 1953 1180 1989 τῶν

158 2012 322 2066 Γεράρων
339 2012 503 2064 βασιλεὺς
517 2012 561 2051 τὰ
575 2011 663 2051 αὐτὰ
678 2014 729 2066 τῷ
745 2010 884 2064 Φαραὶ)
897 2013 1074 2062 τολμῆσαι
1089 2012 1180 2050 κατὰ

158 2076 221 2120 τ’ῆς
239 2074 380 2127 Σάρρας
398 2073 620 2127 ἐπεχείρησε·
637 2074 697 2112 καὶ
716 2074 822 2112 πάλιν
841 2076 862 2120 ἡ
881 2073 968 2125 γυνὴ
995 2073 1058 2121 τὴν
1079 2076 1182 2112 ἐλεει-

160 2134 221 2182 νὴν
240 2135 423 2188 ὑπόκρισιν
437 2134 683 2186 ὑποκρίνεσθαι
710 2133 944 2186 ἠναγκάζετο,
958 2134 1018 2172 καὶ
1043 2138 1065 2181 ’ἡ
1083 2134 1180 2187 ὕέρις

160 2198 207 2240 εἷς
226 2195 323 2246 ἔργον
339 2195 477 2242 ἐξῆλθεν
498 2196 557 2244 ἂν,
578 2197 607 2234 εἷ
628 2195 676 2246 μὴ
696 2195 802 2234 πάλιν
819 2197 837 2233 ὃ
853 2195 942 2238 Θεὸς
959 2195 1179 2234 διεκώλυσεν.

161 2256 274 2307 Ὁμοῦ
291 2256 328 2296 δὲ
347 2261 406 2296 τοῦ
426 2257 549 2300 παιδὸς
578 2256 638 2294 καὶ
655 2259 718 2303 τῆς
737 2257 899 2307 γυναικὸς
918 2257 977 2294 καὶ
1009 2259 1072 2302 τῆς
1093 2257 1181 2295 οἰκί-

162 2334 200 2362 ας
221 2318 360 2365 ἁπάσης
381 2318 649 2370 εὐφραινομένης
669 2317 726 2355 ἐπὶ
755 2320 805 2370 τῷ
824 2321 883 2357 τοῦ
913 2318 1035 2362 παιδὸς
1060 2318 1152 2371 τόκῳ
1170 2349 1180 2366 ,

162 2378 262 2429 μόνος
281 2382 298 2418 ὁ
318 2378 448 2421 δίκαιος
468 2381 502 2417 ἐν
521 2380 628 2430 ἡδονῇ
647 2379 800 2430 τοσαύτῃ
819 2381 1004 2417 λυπεῖσθαι
1022 2378 1182 2431 ἠναγκά-

160 2444 236 2485 ζετο
255 2440 314 2478 καὶ
336 2442 498 2489 ἀθυμεῖν,
529 2439 592 2486 τὴν
627 2439 812 2486 παλλακὴν
847 2439 936 2489 μετὰ
967 2443 1028 2478 τοῦ
1058 2441 1183 2484 παιδὸς

161 2500 342 2539 ἒκὸάλλειν
375 2499 665 2552 ἀναγκαζόμενος.
700 2501 744 2538 Εἰ
773 2500 842 2552 γὰρ
875 2500 934 2538 καὶ
962 2500 1059 2544 νόθος
1091 2496 1132 2548 ἧν
1166 2505 1183 2540 ὁ

160 2561 315 2612 Ἰσμαὴλ
340 2561 400 2600 καὶ
419 2564 458 2600 ἐκ
485 2561 688 2609 παιδίσκης,
707 2561 785 2600 ἀλλ’
802 2561 895 2611 ὅμως
911 2566 932 2609 ἡ
961 2565 1024 2608 τῆς
1050 2562 1183 2615 φύσεως

161 2622 320 2675 τυραννὶς
334 2622 455 2661 θούδὲν
479 2622 548 2661 ἀπὸ
565 2624 627 2668 τῆς
644 2621 785 2667 ἀναξίας
810 2621 924 2668 ἥττων
944 2622 1087 2674 ἐγίνετο,
1107 2624 1183 2662 οὐδὲ

163 2683 408 2736 ἀσθενεστέραν
430 2683 538 2723 ἐποίει
565 2682 628 2731 τὴν
661 2686 729 2722 τῶν
759 2685 941 2736 πατρικῶν
970 2684 1183 2737 σπλάγχνων

164 2744 317 2798 ἀνάγκην
336 2748 358 2792 ἡ
379 2744 558 2797 δυσγένεια
576 2749 640 2792 τῆς
659 2745 799 2796 μητρός·
823 2745 882 2783 καὶ
909 2749 1010 2784 τοῦτο
1030 2748 1091 2784 ἀπ’
1118 2749 1184 2786 αὖ-

163 2809 227 2852 τῆς
242 2808 304 2853 τῆς
324 2806 446 2857 βίόλου
464 2806 538 2845 ἐστὶ
555 2809 688 2857 μαθεῖν.
708 2806 752 2845 ‘O
772 2805 840 2859 γὰρ
862 2807 1006 2860 στεῤῥὸς
1034 2808 1094 2846 καὶ
1127 2809 1183 2845 ἀν·

163 2868 323 2920 δρεῖος,ὁ
347 2866 405 2905 τὸν
432 2870 598 2918 μονογενῆ
626 2872 701 2911 ταῖς
728 2867 872 2911 οἰκείαις
905 2868 1183 2920 καταδεξάμενος

163 2927 287 2980 σφάξαι
308 2927 445 2980 χερσὶν,
465 2923 562 2971 οὗτος
581 2928 701 2980 ἤλγει,
717 2927 772 2966 ὅτε
794 2930 888 2981 αὐτῷ
908 2932 1019 2968 ταῦτα
1040 2930 1185 2969 ἐπέτατ-

162 3004 216 3027 τεν
236 2993 258 3036 ἡ
284 2988 390 3040 γυνὴ,
409 2988 468 3026 καὶ
497 2988 568 3027 οὐδ’
600 2990 639 3027 ἂν
669 2983 754 3034 εἶξεν
785 2989 857 3028 οὐδ’
890 2990 930 3028 ἂν
962 2991 1106 3039 ἐπείσθη
1140 2995 1182 3044 τῇ

163 3050 300 3102 Σάρρα,
321 3048 435 3088 καίτοι
454 3049 596 3088 πλείονα
615 3051 691 3090 τότε
713 3051 911 3103 παρρησίαν
939 3052 1069 3104 ἐχούσῃ
1089 3083 1098 3099 ,
1123 3055 1183 3092 καὶ

162 3109 305 3161 λεγούσῃ
325 3109 410 3162 πρὸς
429 3110 550 3158 αὐτὸν,
568 3113 597 3149 εἰ
617 3111 666 3162 μὴ
687 3112 820 3164 σφόδρα
840 3113 944 3151 αὐτὸν
964 3115 981 3150 ὁ
1004 3117 1063 3152 τοῦ
1091 3118 1183 3152 (θεοῦ

162 3170 264 3222 φόὸος
275 3170 512 3223 κατέκαμψεν.
532 3172 639 3211 ιΏστε
655 3172 737 3212 ὅταν
754 3174 906 3226 ἀκούσῃς
918 3205 927 3222 ,
942 3175 994 3213 ὅτι
1011 3178 1071 3214 τοῦ
1088 3179 1182 3214 Θεοῦ

164 3232 385 3278 κελεύσαντος
407 3233 598 3284 ἐξέπεμπε,
620 3233 668 3284 μὴ
695 3234 757 3282 τὴν
785 3235 908 3282 ὀδύνην
936 3236 1099 3286 λελύσθαι
1119 3238 1177 3275 νό-

171 3294 243 3340 μιζε
258 3297 372 3342 (τοῦτο
387 3294 454 3347 γὰρ
470 3294 636 3333 ἀδύνατον
653 3290 724 3343 ἦν),
742 3297 831 3334 ἀλλὰ
847 3297 910 3342 τὴν
931 3297 1080 3350 σφοδρὰν
1103 3302 1184 3336 ὓπα-

214 3423 226 3438 1·
245 3415 354 3447 Mori-l.
374 3420 450 3449 υᾷιῖὶυ
469 3424 517 3451 4¹·-
562 3426 589 3455 ,Ἀ
619 3423 623 3430 “

491 3432 523 3450 ἠ
543 3433 549 3449 1
608 3422 707 3454 <adju
720 3442 727 3453 ,,
741 3423 768 3454 ἤι
781 3433 834 3450 των
849 3444 853 3455 ,
871 3417 923 3449 alii
944 3424 1000 3452 dm
1017 3435 1046 3456 μ,

1559 257 1644 287 LlB.
1686 258 1734 288 ll.

2104 242 2190 301 2³37

1190 344 1212 374 B
1244 337 1371 376 hatum
1385 353 1505 377 rerum
1521 354 1623 378 causa
1633 340 1765 407 saepius
1778 353 1819 377 ev
1823 353 1860 377 et
1862 352 1916 377 sas
1919 339 2078 391 ‚justum
2093 338 2198 376 illum

1244 398 1493 437 admirabitur.
1510 400 1587 438 Etsi
1606 401 1699 438 enim
1717 399 1856 438 timoris
1869 399 1986 437 divini
2000 413 2104 438 causa
2127 398 2200 436 sor·

1244 459 1327 497 titer
1341 460 1394 498 fei
1396 460 1476 498 ebat
1495 462 1631 510 omnia,
1647 461 1756 500 bomo
1774 471 1891 499 tamen
1914 470 2006 510 erat,
2027 469 2060 499 et
2079 460 2124 498 iis
2140 473 2201 497 re-

1249 519 1318 557 bus
1333 533 1401 557 non
1417 530 1552 572 poterat
1570 535 1639 559 non
1655 522 1737 573 angi
1756 531 1860 572 atque
1877 521 2041 559 cruciari.
2062 522 2202 558 Rursus

1246 589 1365 618 autem
1386 581 1419 618 in
1441 581 1587 620 domum
1608 582 1735 620 ancilla
1754 581 1970 634 regreditur,
1990 581 2114 632 illique
2127 594 2199 618 no-

1247 640 1349 678 thum
1369 642 1463 692 parit
1476 673 1485 688 ,
1507 642 1731 692 efficiturque
1750 641 1933 679 Abraham
1953 650 2051 693 pater
2066 649 2145 692 post
2162 640 2204 678 il-

1247 701 1312 739 lud
1331 701 1420 739 adeo
1443 703 1627 754 prolixum
1646 712 1787 754 tempus
1806 718 1814 737 :
1838 702 2021 752 ineratque
2050 703 2101 739 rei
2131 715 2202 738 vo-

1246 762 1370 813 luptas
1385 762 1570 812 quaedaln,
1586 762 1647 800 sed
1660 763 1774 814 major
1789 776 1892 800 causa
1909 761 2054 799 doloris.
2065 761 2206 799 Nothus

1247 823 1343 860 enim
1360 822 1422 860 ille
1441 823 1539 860 filius
1558 823 1711 874 legitimi
1730 837 1812 860 eum
1828 822 2053 870 admonebat,
2072 822 2207 873 majus·

1254 897 1324 935 que
1356 883 1453 921 illius
1472 883 1688 921 desiderium
1702 883 1897 937 injiciebat.
1916 883 2023 930 Quod
2039 883 2132 921 enim
2154 882 2208 920 illi

1248 944 1386 982 dietum
1405 954 1478 982 erat
1495 960 1502 982 ε
1520 946 1611 982 Non
1625 949 1697 982 erit
1716 945 1784 982 ille
1798 946 1919 982 hoeres
1936 953 2038 990 tuus,
2056 945 2125 982 sed
2140 945 2209 995 qui

1251 1006 1470 1058 egredietur
1486 1020 1534 1043 ex
1550 1014 1603 1051 te,
1621 1005 1666 1042 de
1698 1006 1847 1043 Ismaele
1865 1004 2005 1043 dictum
2023 1005 2133 1043 fuisse
2151 1020 2208 1043 ar-

1247 1065 1472 1103 bitrabatur:
1492 1066 1632 1103 nullum
1647 1065 1742 1103 enim
1757 1075 1901 1103 eatenus
1911 1064 1957 1103 de
1969 1066 2056 1104 Sara
2068 1079 2210 1118 respon·

1254 1140 1331 1164 sum
1353 1135 1548 1178 acceperat.
1569 1126 1660 1164 Cum
1681 1140 1765 1164 vero
1785 1126 1930 1164 demum
1961 1127 2145 1164 clariorem
2165 1126 2210 1164 de

1252 1189 1348 1225 lsaac
1361 1187 1634 1239 promissionem
1648 1187 1849 1240 accepisset,
1863 1196 2075 1239 tempusque
2087 1196 2210 1240 partus

1250 1247 1440 1286 definitum
1463 1257 1569 1297 esset,
1596 1263 1721 1287 rursus
1741 1257 1926 1299 antequam
1953 1249 2028 1300 ejus
2049 1249 2122 1300 spei
2141 1263 2208 1287 vo·

1252 1309 1426 1360 luptatem
1442 1309 1553 1346 ullam
1574 1309 1732 1355 sentiret,
1751 1308 1988 1348 Sodomorum
2009 1309 2128 1347 clades
2145 1309 2207 1347 in-

1252 1378 1392 1421 gentem
1412 1369 1466 1407 illi
1486 1369 1648 1407 moeroris
1664 1369 1831 1407 nebulam
1844 1369 1985 1408 offudit.
2002 1371 2094 1408 Nam
2110 1370 2208 1421 quod

1256 1444 1310 1467 res
1326 1430 1404 1481 ipsa
1419 1433 1557 1481 justum
1583 1431 1704 1467 virum
1721 1429 1910 1467 immodice
1933 1430 2144 1478 turbaverit,
2163 1445 2208 1469 ex

1259 1491 1384 1528 verbis
1395 1490 1468 1528 illis
1483 1505 1524 1528 ac
1537 1504 1641 1542 prece
1655 1505 1762 1541 quam
1776 1505 1841 1542 pro
1857 1491 1908 1529 eis
1921 1491 2027 1540 fudit,
2044 1492 2210 1531 omnibus

1256 1551 1414 1603 profecto
1440 1560 1591 1591 constat.
1621 1552 1712 1589 Cum
1731 1566 1815 1589 vero
1836 1552 1978 1603 lapsum
2001 1567 2019 1590 e
2038 1554 2123 1591 caelo
2141 1554 2210 1591 im-

1256 1612 1358 1649 brem
1375 1611 1478 1649 illum
1495 1612 1640 1649 omnino
1659 1611 1856 1649 terribilem
1874 1623 2043 1660 cerneret,
2065 1623 2211 1651 cuncta-

1263 1686 1333 1722 que
1352 1673 1387 1709 in
1402 1673 1590 1724 pulverem
1616 1682 1650 1710 et
1668 1674 1821 1711 cinerem
1842 1687 2031 1721 conversa,
2047 1688 2158 1726 neque
2175 1676 2211 1713 in

1257 1733 1374 1785 seipso
1387 1734 1464 1786 jam
1479 1743 1564 1773 erat.
1586 1735 1678 1772 Nam
1696 1735 1723 1772 si
1746 1748 1827 1772 cum
1847 1736 1972 1787 procul
1997 1735 2121 1775 domos
2141 1737 2212 1775 ali-

1257 1808 1345 1844 quas
1365 1795 1586 1845 conflagrare
1601 1794 1764 1833 incendio
1780 1795 1956 1844 videmus,
1972 1807 2155 1850 stupemus
2172 1812 2212 1836 ac

1256 1853 1381 1892 dolore
1400 1855 1612 1893 conficimur
1629 1871 1636 1891 :
1663 1855 1750 1906 quid
1774 1856 1876 1894 illum
1896 1872 2039 1909 passum
2060 1859 2212 1898 arbitre-

1256 1929 1352 1969 mur,
1372 1916 1480 1954 urbes
1498 1917 1650 1968 integras
1670 1926 1703 1955 et
1722 1918 1882 1969 regiones
1903 1932 1984 1956 eum
1999 1919 2213 1958 habitatori-

1255 1977 1324 2014 bus
1340 1977 1505 2015 incendio
1522 1991 1591 2015 non
1606 1986 1785 2025 consueto,
1806 1979 1869 2017 sed
1889 1993 1984 2018 novo
2000 1994 2040 2018 ac
2057 1981 2212 2019 terribili

1254 2037 1379 2076 ardere
1398 2038 1703 2091 conspicientem?
1718 2042 1775 2077 An
1792 2040 1858 2078 tibi
1878 2054 1948 2078 non
1965 2041 2212 2095 videturjusti

1256 2098 1363 2152 hujus
1392 2099 1540 2137 affectus
1568 2113 1748 2151 aequoreos
1771 2100 2061 2153 deenmanosque
2080 2103 2214 2141 fluctus

1257 2160 1424 2198 imitari?
1440 2161 1541 2199 Sicut
1559 2161 1654 2198 enim
1687 2160 1723 2199 in
1744 2162 1836 2199 mari
1871 2171 2058 2213 antequam
2080 2163 2212 2201 fluctus

1256 2220 1317 2258 alii
1337 2220 1552 2272 quieverint,
1578 2221 1639 2259 alii
1668 2236 1792 2260 rursus
1823 2223 1953 2261 montis
1984 2224 2095 2262 instar
2115 2225 2214 2262 intu-

1257 2291 1430 2326 mescunt,
1448 2282 1494 2319 ita
1518 2291 1551 2320 et
1570 2297 1634 2334 per
1653 2292 1763 2321 totam
1795 2284 1865 2322 viri
1886 2284 1999 2322 vitam
2020 2285 2213 2336 contigisse

1257 2340 1464 2393 perspicies.
1486 2342 1578 2379 Nam
1601 2355 1682 2379 cum
1700 2341 1820 2379 adhuc
1838 2342 2077 2380 Sodomorum
2094 2357 2214 2382 recens

1257 2410 1346 2438 esset
1380 2400 1441 2437 illa
1470 2400 1657 2446 desolatio,
1690 2416 1752 2439 rex
1787 2403 1933 2441 Gerarae
1966 2403 2112 2449 eadem,
2136 2419 2214 2455 quae

1260 2461 1411 2509 Pharao,
1433 2460 1468 2498 in
1490 2462 1615 2499 Saram
1636 2463 1857 2500 committere
1877 2474 2024 2502 conatus
2044 2473 2108 2508 est,
2128 2478 2213 2502 rur-

1259 2536 1388 2572 susque
1418 2521 1548 2558 mulier
1590 2522 1635 2559 ad
1674 2522 1915 2560 miserandam
1950 2524 2214 2562 simulationem

1263 2582 1515 2635 compellitur;
1535 2591 1640 2633 atque
1659 2582 1694 2620 in
1715 2596 1804 2635 opus
1827 2585 2048 2636 prorupisset
2073 2599 2111 2623 ea
2131 2599 2213 2624 con-

1258 2645 1418 2690 tumelia‚
1439 2644 1505 2682 nisi
1525 2644 1767 2696 prohibuisset
1787 2646 1896 2683 Deus.
1921 2647 2012 2684 Cum
2040 2656 2158 2684 autem
2179 2647 2214 2684 in

1261 2715 1368 2758 partu
1389 2706 1486 2744 illius
1512 2715 1543 2743 ct
1560 2719 1652 2743 uxor
1668 2705 1775 2742 simul
1803 2714 1836 2743 et
1868 2706 1978 2754 lilius,
2007 2721 2047 2745 ac
2068 2717 2139 2746 tota
2159 2708 2214 2745 sa-

1259 2767 1356 2805 milia
1370 2767 1561 2811 lactaretur,
1586 2766 1682 2804 solus
1698 2766 1804 2804 illein
1824 2776 1923 2804 tanto
1945 2770 2105 2807 omnium
2127 2783 2218 2820 gan·

1257 2828 1318 2866 dio
1341 2828 1451 2866 tristis
1472 2841 1546 2865 esse
1576 2840 1616 2864 ac
1646 2840 1792 2864 iuoereic
1817 2827 2020 2877 cogebatur,
2048 2829 2216 2867 ancillam

1257 2903 1337 2926 enin
1367 2888 1442 2925 lilio
1458 2887 1584 2939 ejicere
1607 2886 1822 2938 compulsus.
1854 2886 1929 2925 Etsi
1961 2888 2055 2926 enim
2088 2889 2217 2926 nothus

1258 2957 1332 2985 erat
1348 2956 1452 2997 atquc
1467 2959 1511 2983 cx
1527 2945 1656 2982 ancilla
1680 2954 1784 2983 natus
1806 2945 1946 2987 lsmael.
1967 2947 2140 2984 initui-alis
2161 2959 2217 2986 ta-

1259 3020 1336 3043 int-n
1353 3006 1407 3042 vis
1423 3004 1555 3042 :utun-is
1570 3018 1613 3041 ex
1632 3002 1845 3055 indignitate
1862 3004 1976 3042 nihilo
1995 3005 2111 3042 minor
2127 3015 2214 3049 crat.

1258 3077 1369 3114 neque
1382 3062 1648 3100 imbecilliorem
1668 3071 1898 3113 paternorum
1916 3063 2092 3101 viscerum
2108 3064 2215 3102 dolo-

1259 3136 1332 3158 rem
1350 3121 1477 3158 sect-rat
1499 3119 1701 3169 ignobilitas
1722 3121 1854 3158 inan-isi
1871 3137 1877 3157 z
1897 3120 2064 3171 istudque
2078 3135 2123 3159 ex
2141 3122 2216 3174 ipsa

1194 3211 1241 3236 m..
1261 3179 1421 3216 historiae
1437 3178 1525 3216 serit·
1542 3191 1731 3229 possumus
1745 3177 1939 3217 addiscere,
1961 3179 2025 3217 lllt·
2039 3181 2132 3218 enini
2147 3182 2217 3219 sor-

1208 3249 1229 3276 Λ
1263 3239 1321 3282 tis,
1344 3239 1404 3276 illc
1418 3237 1661 3274 severissimus
1682 3246 1713 3274 et
1732 3238 1793 3287 qui
1812 3238 2031 3289 unigenitum
2056 3241 2213 3292 proprii>

1195 995 1219 1026 C

1262 3299 1432 3336 manibus
1451 3307 1566 3350 postea
1585 3298 1811 3336 mat-tandum
1829 3299 1993 3352 suscepit.
2016 3314 2126 3338 uxort-
2150 3301 2216 3337 silu

1054 3444 1062 3456 ‚
1084 3425 1160 3458 jem.
1184 3438 1187 3446 ι
1208 3437 1213 3444 ·
1267 3439 1287 3452 ιν

2227 954 2306 983 Gen.
2320 954 2366 984 ¹5.
2380 954 2407 994 ᾗ.

2264 1318 2411 1346 Sodomo-

2225 1369 2290 1386 rum
2317 1359 2412 1387 clades

2224 1402 2335 1428 occasio
2345 1410 2412 1427 mn·-

2223 1444 2298 1469 roris
2317 1441 2414 1468 Abn-

2225 1484 2325 1512 hamo.
