2513 3871
392 261 483 308 550

825 272 863 300 S.
901 270 1086 302 JOANMS
1120 269 1363 300 CRRYSOST·
1402 269 1612 301 Ancutm’.
1649 271 2009 303 cONSTANrmOP.

389 366 456 406 est,
474 369 552 408 quae
567 352 781 409 praeparavit
796 353 893 391 Deus
911 351 1208 404 diligentibusse‚
1229 350 1266 389 in
1285 363 1347 389 σοι
1370 354 1393 385 Β
1418 351 1686 403 ἀνεκδιήγητος,
1714 352 1736 391 ἃ
1766 352 1958 404 ἡτοίμασεν
1989 355 2008 392 ὁ
2036 353 2127 398 Θεὸς
2153 360 2226 400 τοῖς
2255 356 2441 407 ἀγαπῶσιν

393 415 546 454 hominis
562 427 631 452 non
647 411 895 459 ascenderunt,
917 410 1176 464 magnitudinis
1185 410 1262 464 ejus
1276 423 1346 448 non

392 485 444 515 est
458 475 555 525 finis,
574 473 773 528 prudentiae
787 473 865 526 ejus
882 486 953 512 non
966 482 1018 512 est
1034 484 1215 519 uumerus,
1227 470 1346 509 omnia

396 534 769 588 incomprehensibilia
778 564 788 582 ,
799 534 875 587 ipse
884 534 982 572 solus
993 531 1348 585 comprehensibilis?

394 598 515 650 ecquis
540 597 598 636 hic
618 605 671 636 est
689 595 819 635 suroris
845 594 1036 634 excoesus?
1059 594 1186 633 Retine
1207 592 1348 632 haereti-

395 674 493 707 cum,
512 673 556 698 ne
569 658 663 697 sinas
676 658 776 697 abire
799 671 807 695 :
825 656 899 706 dic,
911 655 1014 706 Quid
1032 655 1082 694 ait
1100 654 1265 694 Paulus?
1282 656 1350 693 Ex

394 729 506 774 parte
521 723 797 772 cognoscimus.
821 719 900 758 Non
916 718 961 757 de
979 717 1194 765 substantia,
1216 716 1347 768 inquit,

398 781 434 820 id
453 781 558 829 dicit,
579 780 640 820 sed
656 781 702 820 de
715 779 1055 833 dispensationibus.
1074 778 1241 831 Optime,
1262 776 1350 815 side

398 843 727 896 dispensationibus
743 856 858 880 sermo
872 850 981 889 esset,
1000 841 1114 892 major
1128 839 1230 878 nobis
1249 848 1349 892 pate·

398 913 451 942 ret
469 903 515 942 ad
538 904 724 941 victoriam
749 902 895 941 aditus:
916 916 998 940 nam
1017 901 1047 940 si
1070 900 1352 954 dispensationes

399 964 774 1018 incomprehensibiles
784 973 880 1011 sunt,
891 963 1004 1002 multo
1016 962 1130 1014 magis
1144 961 1219 1015 ipse
1234 961 1351 1013 :quod

398 1036 517 1065 autem
533 1027 593 1065 hic
608 1041 677 1065 non
692 1025 738 1065 de
753 1024 1078 1078 dispensationibus
1094 1023 1276 1075 loquatur,
1289 1024 1352 1063 sed

396 1086 442 1125 de
467 1088 544 1140 ipso
569 1088 669 1137 Deo,
693 1087 778 1126 audi
799 1102 879 1139 quae
904 1096 1116 1139 sequuntur.
1139 1088 1231 1126 Cum
1257 1087 1351 1126 enim

396 1146 548 1185 dixisset
564 1178 574 1196 ,
599 1150 662 1186 Ex
680 1157 792 1199 parte
811 1151 1078 1199 cognoscimus
1090 1177 1101 1195 ,
1120 1155 1157 1185 et
1175 1162 1224 1185 ex
1239 1157 1352 1200 parte

393 1209 684 1260 prophetamus,
699 1209 835 1254 intulit,
844 1209 962 1246 Nunc
970 1221 1159 1260 cognosco
1172 1217 1351 1260 exparte,

396 1277 490 1306 tunc
503 1276 632 1306 autem
649 1282 876 1320 cognoscam
892 1271 993 1306 sicut
1005 1276 1042 1305 et
1057 1271 1239 1320 cognitus
1252 1282 1349 1306 sum.

396 1330 424 1365 A
437 1342 509 1379 quo
524 1328 636 1378 igitur
648 1328 811 1380 cognitus
825 1328 904 1366 est?
920 1343 939 1367 a
955 1329 1044 1377 Deo,
1063 1342 1107 1367 an
1122 1342 1142 1366 a
1160 1327 1351 1381 dispensa—

396 1389 585 1427 tionibus?
615 1392 642 1427 A
670 1390 746 1428 Deo
768 1403 852 1428 sane
876 1405 884 1426 :
910 1390 1029 1428 Deum
1054 1389 1166 1442 igitur
1187 1405 1234 1429 ex
1253 1400 1353 1443 parte

396 1451 588 1503 cognoscit.
605 1452 670 1490 Et
685 1461 800 1503 parte
818 1465 903 1490 vero
921 1450 1038 1497 dixit,
1054 1465 1122 1490 non
1138 1452 1237 1503 quod
1252 1452 1352 1491 aliud

395 1526 440 1550 ex
451 1514 527 1565 ejus
542 1512 739 1550 substantia
756 1521 958 1564 cognoscat,
970 1511 1072 1551 aliud
1087 1513 1226 1565 ignoret
1240 1515 1354 1563 (Deus

396 1574 490 1612 enim
504 1574 659 1627 simplex
675 1578 754 1622 est);
768 1573 828 1612 sed
847 1574 946 1625 quod
962 1574 1109 1625 quidem
1131 1575 1220 1614 sciat
1235 1576 1353 1614 Deum

397 1649 482 1681 esse,
499 1635 588 1687 quid
603 1645 723 1674 autem
739 1635 857 1687 quoad
874 1636 1111 1676 substantiam
1126 1636 1172 1675 sit
1187 1637 1324 1689 ignoret
1341 1654 1350 1676 :

395 1697 590 1750 sapientem
621 1712 695 1736 esse
718 1698 783 1736 scit
805 1728 816 1744 ‚
847 1697 909 1736 sed
933 1707 1106 1750 quantum
1134 1698 1181 1736 sit
1213 1699 1354 1751 sapiens

397 1759 529 1798 nescit:
544 1773 714 1811 magnum
729 1773 804 1798 esse
819 1773 888 1798 non
906 1759 1060 1811 ignorat,
1078 1769 1253 1811 quantum
1269 1775 1353 1800 vero

398 1833 564 1872 magnus,
588 1829 622 1858 et
652 1830 784 1871 quanta
803 1820 847 1858 sit
869 1821 947 1873 ejus
971 1820 1183 1872 magnitudo
1207 1822 1317 1860 nescit
1339 1836 1349 1860 ε

397 1880 493 1930 quod
513 1880 647 1931 ubique
660 1881 705 1919 sit
722 1881 836 1929 novit,
859 1895 931 1932 quo
956 1890 1057 1933 pacto
1075 1883 1350 1927 autemmescit:

398 1941 494 1992 quod
511 1940 716 1993 provideat,
733 1941 829 1993 quod
848 1942 966 1980 omnia
992 1943 1168 1980 contineat
1188 1952 1222 1981 et
1239 1957 1350 1982 accu-

399 2011 474 2040 rate
492 2012 624 2048 servet,
645 2017 713 2040 non
734 2003 843 2042 nescit
860 2020 870 2051 ;
888 2017 959 2054 quo
979 2013 1096 2042 autem
1113 2003 1222 2042 modo
1241 2004 1277 2043 id
1295 2006 1351 2043 fa—

399 2065 483 2110 ciat,
507 2063 628 2102 nescit.
655 2064 737 2102 ldeo
757 2063 914 2110 dicebat,
934 2066 1000 2103 Ex
1016 2073 1127 2116 parte
1152 2070 1352 2118 cognosci-

399 2139 496 2173 mus,
516 2135 553 2163 ct
575 2141 622 2163 ex
635 2135 748 2179 purte
763 2127 1052 2177 prophetamus.

450 2188 489 2224 6.
526 2188 675 2231 Verum,
707 2186 735 2224 si
767 2186 903 2239 placet,
931 2186 1081 2227 dimisso
1110 2189 1223 2228 Paulo
1247 2199 1354 2241 atque

399 2247 597 2299 prophetis,
608 2247 886 2285 ascendamusin
899 2248 1004 2286 caelos
1019 2262 1027 2286 :
1040 2263 1083 2287 an
1095 2250 1183 2288 forte
1192 2251 1354 2302 quipiam

399 2309 448 2346 ibi
471 2309 541 2346 sint
566 2310 627 2360 qui
657 2309 723 2347 Dei
743 2309 979 2348 substantiam
1000 2310 1139 2360 norint;
1158 2311 1239 2350 licet
1250 2312 1353 2364 siqui

400 2370 448 2407 ibi
466 2369 535 2407 sint
547 2370 607 2421 qui
625 2379 768 2418 norunt,
780 2370 870 2408 nihil
882 2384 1070 2410 commune
1082 2372 1270 2412 nobiscum
1284 2374 1353 2412 ha-

401 2431 482 2469 bcnt
503 2445 512 2469 :
537 2445 706 2481 magnum
724 2431 817 2470 enim
834 2431 1027 2471 discrimen
1045 2435 1192 2485 angelos
1213 2435 1304 2474 inter
1324 2445 1356 2474 et

269 2524 323 2539 ,m
365 2513 372 2539 ·,
402 2492 577 2532 homines.
591 2495 727 2532 Verum
743 2501 781 2530 ut
795 2507 840 2531 ex
854 2493 1053 2532 abundanti
1071 2495 1200 2542 discas,
1218 2496 1356 2535 nullam

407 2555 456 2592 ibi
477 2563 629 2592 creatam
646 2554 826 2592 Virtutem
848 2554 886 2592 id
909 2569 1025 2601 nosse,
1051 2555 1146 2608 ipsos
1168 2556 1358 2595 audiamus

286 2651 290 2663 ,
329 2649 352 2663 ,„
378 2616 556 2668 ,angelus
578 2615 679 2664 Quid
701 2615 846 2667 igitur?
871 2631 915 2654 an
936 2616 980 2654 de
1004 2617 1200 2656 substantia
1221 2618 1282 2656 illa
1308 2619 1357 2656 ibi

401 2677 875 2729 disserunt,etqnaestionem
892 2687 1016 2716 mutuo
1026 2678 1182 2717 liabent?
1196 2680 1358 2728 Minima

400 2739 460 2778 sed
482 2739 570 2791 quid
585 2739 602 2777 ?
619 2739 835 2778 Glorilicant
849 2770 858 2785 ,
881 2739 1030 2778 adorant
1044 2770 1053 2787 ‚
1073 2740 1306 2793 triumphalia
1326 2750 1360 2780 et

403 2802 551 2853 mystica
573 2800 708 2838 cantica
734 2809 908 2854 perpetuo
927 2810 961 2838 et
978 2815 1059 2839 cum
1076 2801 1188 2841 mulio
1208 2811 1360 2841 tremore

361 2876 384 2904 ν,
402 2862 568 2899 omittunt
592 2877 599 2897 ε
624 2861 738 2899 etalii
759 2861 905 2911 quidem
926 2860 1069 2909 dicunt,
1088 2863 1227 2902 Gloria
1242 2866 1284 2900 in
1299 2863 1359 2901 al-

359 2962 364 2968 ,
403 2926 431 2960 ti
436 2925 484 2960 ssi
491 2927 559 2960 1111'5
571 2924 653 2960 Deo
664 2922 876 2975 ,·Ser.·1phim
886 2924 1174 2971 vero,Sanctus‚
1187 2932 1359 2972 sanctus,

402 2994 573 3029 sam-tus,
584 2993 616 3021 et
631 2984 752 3022 oculos
764 2992 942 3030 avertunt,
953 2998 1035 3022 cum
1051 2984 1115 3023 Dei
1126 2985 1223 3024 illam
1236 2995 1360 3023 attem-

406 3045 619 3096 pcrcntiunem
643 3059 683 3082 ιιι·
702 3045 793 3082 serre
813 3043 956 3095 quidem
979 3046 1143 3095 valeant;
1161 3046 1357 3084 Cherubim

405 3120 421 3140 :a
431 3115 537 3151 utrm,
551 3106 759 3143 llam-dicen
772 3106 898 3156 gloria
911 3107 992 3157 ejus
1007 3120 1056 3143 et
1070 3106 1154 3145 loco
1165 3109 1263 3158 ejus.
1279 3108 1356 3145 Non

403 3165 496 3215 qum}
522 3167 597 3202 locu
620 3181 709 3217 opus
728 3167 772 3203 sit
796 3167 892 3211 Dru,
914 3167 1030 3214 absit3
1055 3166 1115 3205 sed
1139 3177 1178 3206 ut
1202 3167 1358 3206 humano

404 3227 1358 3281 mort-dicamus,ul›irumquesit‚etquomodocumque

404 3287 446 3323 sit
473 3302 479 3322 ε
502 3287 529 3322 si
551 3295 665 3324 tamen
682 3287 770 3324 illud
791 3288 835 3325 ‹lc
858 3290 930 3326 lleo
951 3298 1027 3327 tuto
1047 3290 1117 3327 dici
1141 3291 1267 3343 possit,
1286 3291 1354 3328 hu—

1419 412 1522 451 αὑτὸν
1543 414 1607 451 οὐκ
1638 412 1746 459 ἀνέθη
1775 414 1834 452 ἐπὶ
1863 413 2011 466 καρδίαν
2044 414 2249 466 ἀνθρώπου,
2277 417 2301 463 ἦ
2333 431 2443 469 guyn·

1419 473 1557 521 λωσύνη
1577 472 1686 525 πέρας
1706 477 1768 513 οὐκ
1787 474 1879 526 ἔχει,
1899 477 1921 519 ἡ
1942 474 2077 519 σύνεσις
2105 476 2253 528 ἀριθμὸν
2271 477 2333 515 οὗκ
2351 476 2443 530 ἔχει,
2495 471 2508 482 ’

1420 533 1536 572 πάντα
1552 536 1802 582 ἀκατάληπτα,
1816 534 1876 572 καὶ
1890 536 1990 579 αὐτὸς
2001 536 2104 586 μόνος
2118 537 2362 584 καταληπτόςς
2374 537 2446 578 Καὶ

1422 596 1527 634 ποίαν
1547 597 1610 634 οὐκ
1639 596 1680 634 ἂν
1700 596 1775 648 ἔχοι
1796 600 1899 635 τοῦτο
1919 597 2046 646 μανίας
2064 597 2261 649 ὓπερὸολῆν
2279 614 2290 646 ;
2306 598 2445 652 Κᾶτεχε

1423 658 1481 696 τὸν
1501 658 1673 710 αἱρετικόν
1691 672 1698 679 ·
1723 658 1773 708 μὴ
1789 659 1880 710 ἀφῇς
1901 660 2130 711 ἀναχωρῆσαι
2148 674 2157 682 ·
2180 659 2255 706 εἰπὲ
2267 688 2277 706 ,
2290 658 2326 698 τί
2339 674 2446 712 φησιν

1423 721 1441 756 ὁ
1457 719 1596 762 Παῦλος
1608 731 1618 740 ·
1643 718 1709 758 Ἐκ
1727 719 1852 771 μέρους
1870 718 2110 769 γινώσκομεν;
2130 721 2185 759 Οὐ
2204 720 2365 772 περὶτῆς
2387 723 2448 760 οὐ-

1424 781 1500 823 σίας
1523 784 1624 818 τοῦτο
1642 779 1759 831 λέγει,
1781 779 1905 832 φησὶν,
1927 779 2018 818 ἀλλὰ
2036 780 2116 833 περὶ
2137 783 2205 819 τῶν
2225 783 2445 831 οἰκονομιῶν.

1426 841 1592 879 Μάλιστα
1609 840 1688 891 μὲν,
1710 843 1739 879 εἶ
1759 842 1819 879 καὶ
1837 842 1916 892 περὶ
1936 843 2006 879 τῶν
2020 843 2225 893 οἰκονομιῶν
2242 836 2285 889 ἦν
2304 845 2323 881 ὁ
2336 842 2450 894 λόγος·

1423 906 1463 942 ἐκ
1478 903 1634 946 πλείονος
1652 906 1736 954 ἡμῖν
1755 903 1955 955 περιουσίας
1973 904 2033 942 καὶ
2051 902 2142 943 οὕτω
2167 903 2214 943 τὰ
2242 903 2445 957 νικητήρια·

1426 966 1456 1004 εἰ
1489 966 1558 1018 γὰρ
1589 967 1625 1003 αἱ
1652 965 1847 1015 οἰκονομίαι
1877 965 2147 1015 ἀκατάληπτοι,
2169 967 2291 1018 mul?
2318 966 2452 1017 μᾶλλον

1428 1027 1542 1071 αὐτός·
1585 1025 1639 1066 ὅτι
1681 1026 1716 1066 δὲ
1756 1028 1905 1066 ἐνταῦθα
1940 1028 1978 1065 οὗ
2018 1027 2100 1080 περὶ
2134 1029 2204 1066 τῶν
2245 1028 2453 1079 οἰκονομιῶν

1366 1122 1414 1148 4⁵0
1427 1104 1545 1140 φησιν,
1562 1087 1653 1127 ἀλλὰ
1672 1087 1753 1140 περὶ
1772 1089 1877 1128 αὐτοῦ
1895 1093 1956 1128 τοῦ
1974 1091 2087 1136 Θεοῦ,
2106 1089 2254 1128 ἄκουσον
2268 1091 2338 1128 τῶν
2363 1087 2455 1136 18⁴1<-

1378 1161 1403 1189 Α
1426 1149 1532 1189 εἰπὼν
1560 1150 1648 1202 γὰρ,
1676 1149 1744 1188 Ἐκ
1774 1150 1897 1200 μέρους
1919 1149 2153 1201 γινώσκομεν,
2179 1149 2241 1189 καὶ
2269 1151 2309 1188 ἐκ
2328 1149 2457 1202 μίρονς

1425 1209 1690 1263 προφητεύομεν
1705 1240 1714 1255 ,
1736 1210 1913 1261 ἐπήγαγεν
1929 1225 1936 1232 ·
1957 1209 2055 1263 Ἄρτι
2075 1210 2238 1261 γινώσκω
2256 1213 2297 1249 ἐκ
2314 1210 2454 1263 μέρους.

1424 1272 1503 1309 τότε
1531 1271 1566 1308 δὲ
1597 1270 1840 1322 ἐπιγνώσομαι
1867 1270 1984 1314 καθὼς
2019 1270 2080 1309 καὶ
2107 1271 2344 1322 ἐπεγνώσθην.
2361 1270 2456 1311 ‘rub

1424 1332 1516 1375 τίνος
1550 1324 1609 1370 οὖν
1644 1331 1847 1382 ἐπεγνώσθη
1861 1361 1872 1379 ,
1907 1331 1976 1370 ὑπὸ
2005 1337 2066 1371 τοῦ
2099 1334 2211 1381 Θεοῦ,
2231 1332 2254 1379 ἢ
2287 1333 2355 1372 ὑπὸ
2383 1336 2455 1373 τῶν

1425 1395 1650 1443 οἷκονομιῶν;
1664 1391 1759 1431 “Υπὸ
1777 1395 1837 1430 τοῦ
1859 1394 1954 1432 Θεοῦ
1973 1391 2154 1440 δηλονότι·
2167 1396 2289 1433 τοῦτον
2313 1386 2372 1434 ὧν
2393 1395 2455 1434 καὶ

1426 1457 1466 1494 ἐκ
1487 1453 1611 1506 μέρους
1628 1453 1808 1506 γινώσκει.
1839 1452 1906 1492 Ἐκ
1928 1454 2052 1508 μέρους
2072 1454 2108 1493 δὲ
2127 1447 2237 1502 εἶπεν,
2263 1455 2328 1508 οὐχ
2345 1454 2400 1494 ὅτι
2414 1455 2456 1494 τὸ

1428 1516 1491 1567 μὲν
1510 1518 1614 1555 αὐτοῦ
1633 1518 1696 1562 τῆς
1715 1515 1833 1559 οὐσίας
1851 1514 2037 1567 γινώσκει,
2051 1515 2092 1554 τὸ
2109 1515 2145 1554 δὲ
2164 1516 2280 1568 ἀγνοεῖ
2299 1516 2455 1564 (ἁπλοῦς

1426 1576 1495 1628 γὰρ
1520 1579 1538 1614 ὁ
1561 1577 1685 1624 Θεός)·
1716 1577 1794 1614 ἀλλ’
1818 1575 1940 1622 ἐπειδὴ
1970 1575 2026 1615 ὅτι
2050 1575 2116 1628 μὲν
2141 1575 2217 1615 ἔστι
2243 1576 2337 1621 Θεὸς
2354 1569 2452 1624 οἶδε,

1426 1638 1465 1676 τὸ
1479 1637 1534 1685 δὲ,
1546 1637 1582 1675 τί
1596 1637 1661 1684 τὴν
1679 1637 1799 1676 οὐσίαν
1816 1637 1924 1684 ἐστὶν,
1942 1639 2079 1688 ἀγνοεῖ·
2093 1637 2148 1677 ὅτι
2163 1637 2228 1689 μὲν
2243 1636 2347 1691 σοφός
2358 1638 2454 1676 ἔστιν

1425 1699 1634 1747 ἐπίσταται,
1655 1699 1694 1737 τὸ
1713 1699 1762 1746 δὲ,
1781 1698 1889 1737 πόσον
1915 1699 1990 1737 ἐστὶ
2015 1698 2138 1750 σοφὸς,
2156 1700 2272 1751 ἀγνοεῖ
2285 1711 2294 1720 ·
2315 1697 2370 1738 ὅτι
2389 1697 2454 1749 μίν

1425 1762 1500 1800 ἐστι
1520 1760 1628 1812 μέγας
1648 1762 1711 1798 οὐκ
1730 1762 1865 1812 ἀγνοεῖ,
1884 1760 1924 1798 τὸ
1956 1759 1992 1799 δὲ
2017 1759 2147 1806 πόσον,
2168 1759 2192 1807 ἢ
2222 1760 2275 1804 τίς
2294 1763 2318 1807 ἡ
2337 1775 2453 1813 μεγα-

1423 1821 1562 1870 λωσύνη
1590 1824 1710 1870 αὐτοῦ,
1732 1827 1834 1861 τοῦτο
1861 1824 1923 1860 οὐκ
1953 1815 2043 1860 οἶδεν
2059 1838 2066 1845 ·
2087 1821 2142 1861 ὅτι
2170 1825 2352 1875 πανταχοῦ
2374 1821 2447 1860 πά·

1426 1900 1539 1936 ρεστιν
1572 1884 1780 1932 ἐπίσταται,
1808 1884 1848 1922 τὸ
1877 1884 1913 1922 δὲ
1944 1887 2018 1927 πῶς
2058 1885 2122 1922 οὐκ
2151 1883 2371 1922 ἐπίσταται·
2399 1882 2453 1922 ὅτι

1424 1950 1563 1998 προνοεῖ
1597 1945 1657 1984 καὶ
1686 1945 1823 1997 συνέχει
1850 1945 1894 1984 τὰ
1918 1945 2035 1984 πάντα
2061 1944 2122 1983 καὶ
2140 1948 2353 1997 ’συγκρατεῖ
2376 1945 2454 1995 μετ’

1424 2007 1623 2059 ἀκριὸείας,
1642 2009 1703 2046 οὐκ
1734 2009 1870 2057 ἀγνοεῖ,
1891 2007 1950 2045 τὸν
1972 2006 2008 2044 δὲ
2036 2005 2165 2057 τρόπον
2189 2007 2267 2045 καθ’
2286 2005 2323 2045 ὃν
2342 2009 2453 2045 ταῦτα

1425 2075 1517 2107 ποιεῖ
1542 2071 1670 2120 ἀγνοεῖ.
1704 2067 1774 2107 Διὰ
1806 2071 1908 2106 τοῦτο
1936 2068 2054 2120 ἔλεγεν
2071 2082 2079 2090 ·
2106 2067 2174 2106 Ἐκ
2202 2068 2329 2120 μέρους
2349 2065 2454 2118 γινώ-

1427 2145 1557 2180 σκομεν
1572 2157 1582 2174 ,
1600 2129 1659 2167 καὶ
1679 2129 1719 2167 ἐκ
1742 2129 1866 2180 μέρους
1883 2127 2160 2180 προφητεύομεν.

1482 2190 1587 2229 Ἀλλὰ
1615 2190 1703 2242 γὰρ,
1736 2192 1766 2228 εἶ
1799 2191 1917 2236 δοκεῖ,
1947 2190 2005 2228 τὸν
2037 2190 2179 2228 Παῦλον
2211 2189 2356 2241 ἀφέντες
2391 2190 2453 2229 καὶ

1428 2251 1506 2296 τοὺς
1536 2251 1735 2303 προφήτας,
1770 2251 1971 2301 ἀνέλθωμεν
1999 2252 2046 2294 εἰς
2077 2250 2156 2294 τοὺς
2181 2250 2366 2304 οὐρανούς·
2402 2251 2453 2303 μή

1429 2328 1513 2351 ποτε
1532 2314 1604 2351 ἐκεῖ
1625 2312 1715 2356 τινές
1735 2313 1822 2351 εἰσιν
1840 2311 1968 2355 εἰδότες
1981 2341 1992 2360 ,
2009 2311 2043 2350 τί
2061 2311 2126 2358 τὴν
2157 2310 2277 2350 οὐσίαν
2307 2311 2402 2351 ἐστὶν
2435 2314 2455 2350 ὁ

1427 2375 1529 2419 Θεὸς.
1572 2374 1738 2413 Μάλιστα
1777 2373 1839 2425 μὲν
1873 2372 1960 2425 γὰρ,
1992 2372 2056 2411 κᾶν
2090 2375 2275 2425 εὑρεθῶσιν
2305 2373 2454 2422 εἰδότες,

1428 2437 1524 2476 οὐδὲν
1545 2435 1658 2475 κοινὸν
1679 2435 1765 2487 πρὸς
1786 2439 1880 2485 ἡμᾶς
1896 2450 1904 2458 ·
1922 2434 2011 2473 πολὺ
2029 2433 2098 2486 γὰρ
2115 2433 2155 2473 τὸ
2174 2433 2280 2486 μέσον
2298 2433 2456 2486 ἀγγέλων

1429 2498 1488 2536 καὶ
1510 2496 1702 2549 ἀνθρώπων
1715 2509 1722 2517 ·
1742 2497 1834 2542 πλὴν
1859 2497 1937 2535 ἀλλ’
1959 2495 2017 2534 ἵνα
2040 2497 2080 2534 ἐκ
2100 2494 2300 2548 περιουσίας
2317 2495 2455 2547 μάθῃς,

1429 2559 1483 2598 ὅτι
1499 2558 1576 2596 οὐδὲ
1596 2558 1667 2596 ἐκεῖ
1690 2572 1742 2601 τις
1758 2557 1774 2574 ”
1797 2550 1864 2595 οἶδε
1896 2556 2020 2602 κτιστὴ
2047 2556 2192 2606 δύναμις
2217 2560 2338 2603 τοῦτο,
2356 2555 2456 2595 ἀκού·

1431 2635 1547 2669 σωμεν
1566 2621 1635 2656 τῶν
1653 2618 1823 2669 ἀγγέλων.
1843 2618 1890 2656 Τί
1909 2611 1966 2654 οὖν
1979 2633 1990 2664 ;
2004 2616 2085 2667 περὶ
2105 2618 2169 2662 τῆς
2189 2615 2309 2660 οὐσίας
2323 2616 2456 2663 ταύτης

1432 2682 1504 2718 ἐκεῖ
1526 2679 1774 2729 διαλέγονται,
1799 2679 1858 2717 καὶ
1889 2678 1975 2730 πρὸς
2000 2676 2142 2720 ἑαυτοὺς
2174 2678 2456 2726 ζητοῦσινςΟὗ·

1433 2743 1552 2791 δαμῶς
1566 2756 1573 2764 ·
1591 2738 1681 2778 ἀλλὰ
1708 2739 1742 2777 τί
1751 2755 1760 2785 ;
1793 2739 2004 2784 Δοξάζουσι,
2027 2742 2277 2790 προσκυνοῦσι,
2299 2736 2363 2782 τὰς
2379 2738 2456 2777 lm·

1432 2802 1560 2844 νικίους
1588 2801 1648 2839 καὶ
1683 2799 1853 2850 μυστικὰς
1881 2799 1973 2851 ᾠδὰς
2007 2800 2175 2844 διηνεκῶς
2210 2798 2457 2848 ἀναπέμπουσι

1433 2864 1523 2914 μετὰ
1540 2865 1672 2910 πολλῆς
1691 2865 1753 2908 τῆς
1783 2862 1927 2913 φρίκης·
1948 2862 2007 2899 καὶ
2038 2863 2069 2900 ol
2096 2861 2160 2911 μὲν
2185 2861 2346 2912 λέγουσι,
2365 2859 2457 2906 Δόξα

1433 2929 1467 2966 ἐν
1486 2926 1639 2978 ὑψίστοις
1653 2926 1738 2976 Θεῷ
1751 2940 1758 2947 ·
1770 2924 1813 2962 τὰ
1828 2924 1862 2961 δὲ
1879 2923 2058 2974 Σεραφὶμ,
2070 2923 2201 2970 υΑγιος,
2217 2923 2333 2975 ἅγιος,
2345 2922 2457 2974 ἅγιος,

1431 2987 1490 3025 καὶ
1513 2986 1590 3029 τοὺς
1605 2984 1802 3038 ὀφθαλμοὺς
1822 2984 2099 3035 ἀποστρέφουσα
2111 3013 2121 3030 ,
2137 2982 2213 3024 οὐδὶ
2231 2984 2296 3031 τὴν
2319 2997 2457 3035 συγκι-

1432 3047 1580 3086 τάὸασιν
1618 3047 1769 3095 ε’νεγκεῐν
1797 3044 1973 3092 δυνάμενα
2001 3047 2061 3081 τοῦ
2096 3046 2211 3082 Θεοῦ·
2243 3043 2288 3083 τὰ
2321 3043 2359 3083 ὄλ
2386 3044 2459 3083 Χε-

1433 3107 1576 3159 ρουὸίμ·
1610 3104 1841 3155 Εὐλογημένη
1876 3108 1897 3150 ἡ
1925 3104 2003 3148 δόξα
2040 3104 2146 3142 αὑτοῦ
2184 3105 2224 3143 lx
2251 3108 2313 3143 τοῦ
2350 3104 2458 3143 τόπου

1432 3170 1536 3206 αὐτοῦ
1556 3183 1563 3190 ·
1589 3168 1654 3218 οὐχ
1680 3167 1734 3204 ὅτι
1754 3166 1858 3208 τόπος
1880 3166 1959 3217 περὶ
1983 3166 2096 3211 Ηεὸν,
2125 3165 2174 3215 μὴ
2195 3165 2331 3216 γένοιτο
2345 3179 2355 3188 ·
2377 3165 2455 3204 ἀλλ’

1431 3232 1477 3272 ὡς
1513 3229 1553 3266 ἂν
1584 3229 1743 3278 εἴποιμεν
1776 3225 2000 3278 ἀνθρωπίνως
2029 3227 2277 3278 φθεγγόμενοι,
2302 3226 2458 3278 ὅπουπερ

1432 3291 1472 3328 ἄν
1513 3292 1619 3336 ἐστιν,
1638 3289 1661 3334 ἢ
1679 3289 1773 3332 ὅπως
1790 3287 1831 3325 ἄν
1850 3289 1963 3325 lenv-
1981 3288 2011 3324 tl
2034 3287 2076 3333 δὴ
2097 3287 2157 3325 καὶ
2174 3290 2277 3326 τοῦτο
2296 3285 2452 3340 ἀσφαλὲς

402 3347 1353 3402 m.·ina1nquippelinguamliabemus.Vidistin'quan-
1383 3359 1406 3389 1)
1432 3353 1488 3391 ἐπὶ
1516 3355 1608 3390 Θεοῦ
1637 3352 1763 3388 εἰπεῖν·
1790 3349 2010 3400 ιὶνθριιπῑῖνην
2035 3348 2102 3399 γὰρ
2123 3349 2249 3400 (79μῦ
2285 3350 2456 3401 Υλῖπῗαν·

450 3492 456 3501 ·
486 3479 545 3510 Al..
566 3496 577 3508 ι

586 3496 609 3510 zo
629 3493 775 3518 τ,μ.’.τι·.
795 3486 860 3519 μα’
884 3485 1056 3522 -λτρ-ιὶινας,

1471 3486 1481 3497 ”
1511 3482 1631 3523 (Saul.
1651 3485 1708 3515 0151
1728 3484 1791 3515 ομὶι
1812 3485 1901 3522 ἀπῄει
1918 3475 2061 3517 «nere-l
