2513 3871
366 229 455 283 224

358 324 551 363 vanitatem
571 333 713 360 summa
741 319 841 358 rabie
861 328 1055 358 sectantur.
1089 319 1159 357 Ista
1192 332 1314 357 revera

356 396 461 437 atque
479 384 536 422 his
553 381 685 421 similia
704 383 857 420 vesaniae
871 390 955 420 sunt
967 394 1096 434 opera,
1116 379 1315 433 supplicio·

356 461 426 498 que
436 446 562 496 digna;
575 444 642 482 ista
650 443 792 496 probris
805 452 911 495 atque
923 442 1086 481 irrisione
1097 440 1315 481 insectanda.
1340 440 1364 470 ⁰

354 509 464 546 Porro
491 506 520 544 si
542 505 623 556 quis
647 503 737 543 dum
762 504 995 556 perturbatur
1012 518 1033 542 a
1050 502 1236 548 daemone,
1264 503 1317 541 sic

355 581 496 620 quoque
512 579 690 605 summam
707 565 743 603 in
759 564 834 603 vita
850 564 1118 617 philosophiam
1132 563 1313 609 exhibeat,

356 642 427 668 non
446 627 564 667 solum
583 639 652 665 non
670 625 968 678 exprobrandas,
990 639 1120 664 verum
1137 624 1318 663 admiran-

355 689 426 729 dus
440 687 735 738 mronandusque
751 687 797 725 ab
812 685 981 725 omnibus
1004 695 1071 734 est,
1089 685 1151 737 qui
1166 694 1219 724 tot
1240 694 1320 724 tan-

356 751 472 803 tisque
502 748 721 803 praepeditus
751 747 920 796 vinculis,
941 761 1088 786 cursum
1106 746 1195 786 adeo
1214 747 1316 785 labo·

355 811 493 850 riosum
505 810 637 860 currit,
651 809 875 860 arduamque
887 818 921 847 et
935 821 1098 862 asperam
1113 807 1319 847 conscendit

356 871 502 910 virtutis
513 871 623 910 viam.
641 872 818 910 Caeterum
832 870 949 909 nescio
960 884 1032 922 quo
1046 879 1150 922 pacto
1163 884 1218 908 me
1231 883 1319 922 pene

355 942 389 971 et
416 933 519 972 aliud
548 933 728 984 effugerit,
753 931 851 984 quod
871 932 947 985 ipse
968 931 1052 984 plus
1070 931 1179 970 habos
1208 945 1318 983 quam

355 994 481 1033 fratres
498 993 641 1045 reliqui.
662 993 703 1032 ld
718 1002 839 1032 autem
854 1002 908 1031 est
924 992 1133 1045 hujusmodi
1149 1008 1158 1028 z
1173 993 1212 1030 Si
1229 992 1317 1044 quid

354 1068 375 1093 a
395 1063 428 1093 te
444 1063 627 1108 peccatum
647 1063 720 1100 est,
742 1054 846 1093 facile
865 1068 926 1105 per
945 1053 1037 1092 hanc
1057 1067 1257 1105 pressuram
1280 1052 1318 1090 id

355 1129 460 1155 omne
471 1115 611 1154 deletur
623 1129 665 1153 ac
681 1115 887 1154 remittitur.
904 1118 1019 1166 Atque
1030 1128 1049 1151 a
1066 1128 1121 1152 me
1135 1114 1202 1152 hoe
1215 1122 1318 1151 antea

360 1186 543 1216 ostensum
564 1185 638 1222 est,
659 1190 741 1214 cum
759 1175 804 1213 de
834 1175 967 1213 Lazaro
983 1204 993 1223 ,
1014 1183 1047 1212 et
1067 1173 1112 1211 de
1149 1174 1213 1212 illo
1254 1173 1317 1225 qui

356 1237 455 1290 apud
474 1237 677 1276 Corinthios
695 1235 889 1274 fornicatus
908 1243 975 1282 est,
992 1248 1189 1272 sermonem
1205 1234 1318 1272 habe-

356 1311 444 1336 rem.
462 1296 534 1336 Sed
554 1296 645 1349 patri
660 1326 670 1344 ,
691 1297 848 1347 inquies,
867 1295 975 1333 timeo
993 1311 1001 1331 :
1018 1294 1082 1332 etsi
1102 1294 1222 1332 omnia
1239 1307 1317 1332 mea

356 1358 514 1396 modeste
539 1371 581 1395 ac
607 1357 734 1395 leniter
765 1357 922 1409 perferre
952 1355 1083 1409 possim
1095 1384 1104 1402 ,
1136 1355 1319 1406 quomodo

355 1418 456 1457 illius
472 1431 592 1456 casum
609 1431 650 1456 ac
666 1417 847 1456 vesaniam
863 1417 975 1455 seram
992 1446 1003 1466 ‚
1022 1416 1052 1454 si
1070 1415 1216 1467 quando
1229 1415 1320 1467 quid

357 1477 488 1516 horum
499 1477 672 1516 senserit?
684 1476 863 1515 Hactenus
873 1476 1020 1528 quidem
1032 1475 1124 1513 nihil
1135 1474 1319 1528 persensit.

358 1535 423 1574 Est
437 1544 558 1574 autem
577 1535 743 1574 maxima:
757 1532 1066 1588 pusillanimitatis
1090 1547 1216 1572 eorum
1237 1546 1319 1585 gra-

356 1596 405 1634 tia
420 1610 499 1647 quae
518 1604 638 1648 postea
655 1593 866 1647 aliquando,
884 1594 941 1632 vel
959 1594 1067 1632 etiam
1085 1593 1230 1632 omnino
1250 1606 1320 1631 non

357 1666 527 1696 eventura
557 1666 653 1704 sunt,
663 1658 740 1710 jam
764 1669 859 1695 nunc
878 1669 1029 1694 mcerore
1054 1668 1119 1694 nos
1136 1669 1178 1693 ac
1196 1653 1320 1693 dolore

797 238 836 268 S·
876 235 1063 268 JOANNlS
1099 234 1341 267 cttnx'sosr.

1333 1696 1383 1721 ¹8³

1383 234 1408 266 A
1416 236 1591 268 nemer.
1628 234 1989 269 CONSTANUNOP.

1390 322 1451 358 τοῦ
1471 319 1548 371 βίου
1566 321 1765 364 λυττῶντας
1791 320 1868 359 ἀεί·
1887 317 1998 358 ταῦτά
2015 319 2091 358 ἔστι
2122 318 2183 357 καὶ
2209 318 2254 359 τὰ
2276 323 2420 359 τοιαῦτα

1391 380 1520 430 μανίας
1537 381 1623 432 ἔργα
1641 381 1703 420 καὶ
1717 387 1732 403 ”
1744 380 1921 423 κολάσεως
1941 379 2040 427 ἄξια,
2058 382 2171 419 ταῦτα
2191 380 2340 425 ὀνείδους
2358 381 2420 419 καὶ

1390 441 1560 495 αἰσχύνης
1576 443 1636 481 καὶ
1657 442 1819 494 γέλωτος.
1843 443 1886 480 El
1920 440 1959 480 δέ
1987 456 2039 484 τις
2066 441 2136 480 ὑπὸ
2163 441 2326 492 δαίμονος
2344 442 2422 480 ἔνο·

1389 503 1581 556 χλούμενος
1598 504 1804 556 φιλοσοφίαν
1821 503 1882 541 καὶ
1900 502 2008 546 οὕτως
2040 504 2076 541 ἐν
2107 504 2159 555 τῷ
2190 502 2257 556 βίῳ
2283 502 2419 550 πολλὴν

1391 564 1665 611 ἐπιδεικνύοιτο,
1694 566 1732 603 οὗ
1756 564 1859 614 μόνον
1891 565 1954 602 οὐκ
1980 562 2228 611 ὀνειδίζεσθαι,
2246 563 2338 602 ἀλλὰ
2359 563 2421 601 καὶ

1391 625 1631 676 θαυμάζεσθαι
1651 626 1710 663 καὶ
1745 627 2001 677 στεφανοῦσθαι
2020 623 2118 675 παρὰ
2140 623 2282 662 πάντων
2301 623 2343 661 ἂν
2361 623 2416 670 εἴη

1393 686 1548 733 δίκαιος,
1571 686 1660 736 μετὰ
1682 685 1856 724 τοσούτων
1893 686 2032 734 δεσμῶν
2065 684 2193 738 δρόμον
2211 683 2322 729 οὕτως
2338 683 2422 724 ἐπί·-

1391 760 1494 785 πονον
1514 746 1667 799 τρέχων,
1687 746 1748 784 καὶ
1766 745 1830 793 τὴν
1848 745 1980 794 ἀνάντη
1999 745 2062 784 καὶ
2077 751 2246 797 τραχεῖαν
2259 747 2324 792 τῆς
2338 747 2424 798 ἀρι-

1390 810 1454 854 τῆς
1473 807 1671 846 ἀναὸαίνων
1691 806 1783 847 ὁδόν.
1822 806 1926 845 Ἀλλὰ
1954 807 2022 859 γὰρ
2056 807 2119 845 οὐκ
2151 797 2230 844 οἶδα
2257 808 2333 850 πῶς
2360 805 2423 845 καὶ

1391 867 1510 919 ἔτερόν
1530 883 1574 918 με
1604 871 1730 919 μικροῦ
1756 868 1826 905 δεῖν
1852 867 2114 918 παρελήλυθεν,
2141 861 2172 918 ᾧ
2201 866 2423 909 πλεονεκτεῖς

1391 932 1460 967 τῶν
1480 930 1638 980 ἀδελφῶν
1653 945 1662 953 ·
1681 934 1782 968 τοῦτο
1799 929 1835 968 δέ
1855 930 1929 968 ἐστι
1954 929 1993 967 τὸ
2011 927 2154 981 ῥαδίως,
2183 929 2214 966 εἰ
2234 927 2296 966 καί
2310 927 2347 966 τί
2366 942 2422 966 σοι

1392 991 1715 1045 πεπλημμέληται,
1738 991 1795 1029 διὰ
1815 993 1877 1037 τῆς
1909 990 2057 1042 θλίψεως
2075 989 2205 1037 ταύτης
2224 988 2284 1028 καὶ
2310 993 2423 1028 ταῦτα

1393 1051 1635 1091 ἀποδύσασθαι
1656 1052 1701 1089 τὰ
1718 1050 2054 1103 &gapt-figamini
2069 1055 2170 1090 τοῦτο
2179 1050 2298 1103 γέγονε
2318 1050 2422 1097 δῆλον

1392 1116 1478 1163 ἡμῖν
1500 1113 1535 1157 ἐξ
1547 1107 1595 1151 ὧν
1607 1112 1714 1165 ἔφθην
1730 1113 1798 1159 ἤδη
1811 1106 2017 1166 διαλεχθεὶς,
2028 1112 2086 1152 ὅτε
2095 1113 2250 1165 περὶτοῦ
2260 1111 2424 1163 Λαζάρου

1393 1174 1452 1211 καὶ
1472 1178 1532 1212 τοῦ
1550 1174 1647 1226 παρὰ
1680 1180 1752 1216 τοῖς
1782 1173 1976 1223 Κορινθίοις
1993 1174 2270 1225 πεπορνευκότος
2289 1173 2420 1224 ἔλεγον.

1393 1233 1486 1272 Ἀλλ’
1498 1234 1586 1286 ὑπὲρ
1605 1237 1666 1272 τοῦ
1682 1235 1814 1286 πατρὸς
1826 1235 1979 1282 δέδοικα,
1992 1234 2091 1286 φησί·
2105 1234 2170 1273 κᾶν
2180 1234 2248 1287 γὰρ
2261 1234 2307 1273 τὰ
2315 1236 2422 1284 ἐμαυ-

1393 1297 1453 1333 τοῦ
1469 1296 1592 1346 πράως
1607 1296 1759 1346 ἐνεγκεῖν
1773 1296 1922 1342 δυνηθῶ,
1941 1295 2004 1339 τὰς
2023 1294 2155 1334 ἐκείνω
2169 1294 2351 1347 συμφορὰς
2359 1294 2421 1334 καὶ

1392 1355 1456 1402 τὴν
1478 1355 1606 1406 μανίαν
1633 1358 1708 1399 πῶς
1728 1355 1870 1406 οἴσομεν
1893 1355 2036 1409 ῥαδίως,
2058 1355 2091 1393 εἴ
2109 1371 2195 1395 ποτε
2214 1355 2369 1395 αἴσθοιτό
2385 1371 2421 1394 τι

1393 1415 1525 1455 τούτων
1538 1416 1658 1465 ;Τε’ως
1674 1416 1736 1467 μὲν
1751 1418 1813 1455 οὔκ
1825 1417 1964 1468 ᾔσθετο.
1973 1418 2113 1463 Πολλῆς
2132 1415 2168 1455 δὲ
2185 1415 2421 1469 μικροψυχίας

1395 1477 1489 1516 ἐστὶν
1519 1477 1606 1528 ὑπὲρ
1625 1481 1694 1516 τῶν
1714 1476 1857 1531 ὕστερόν
1880 1493 1965 1516 ποτε
1991 1476 2270 1528 συμὸησομὲνων
2287 1476 2311 1525 ἢ
2331 1475 2421 1529 μηδὲ

1394 1540 1483 1583 ὅλως
1500 1538 1780 1590 συμὸησομένων
1799 1538 1863 1585 τὴν
1880 1538 2031 1589 ἀθυμίαν
2048 1538 2116 1586 ἤδη
2131 1542 2349 1591 καρποῦσθαι
2360 1537 2422 1578 καὶ

1395 1601 1599 1640 κόπτεσθαι.
1614 1601 1726 1639 Πόθεν
1738 1600 1820 1652 γὰρ,
1833 1599 1888 1641 ὅτι
1903 1600 1964 1639 καὶ
1974 1600 2193 1648 αἰσθήσεται,
2201 1601 2305 1647 δ’ἧλον
2316 1602 2422 1650 ἡμῖν;

1397 1663 1541 1701 Μᾶλλον
1557 1662 1592 1700 δὲ
1609 1661 1701 1700 ἔστω
1716 1662 1833 1709 δῆλον,
1849 1661 1909 1700 καὶ
1924 1660 2228 1714 συγκεχωρείσθω,
2243 1663 2274 1699 εἰ
2292 1660 2423 1713 βούλει,

358 1715 544 1756 conficere.
565 1715 671 1754 Unde
685 1715 780 1753 enim
799 1714 901 1752 uobis
916 1721 1050 1752 constet
1063 1712 1140 1751 haec
1158 1711 1203 1750 ad
1221 1711 1322 1750 illius
1345 1737 1370 1764 A
1396 1724 1456 1762 χαὶ
1475 1723 1703 1771 αἰσθήσεσθαι
1719 1722 1906 1769 αὐτὸνγχσὶ
1925 1723 2064 1774 μεγάλα
2083 1722 2291 1774 epydomom
2307 1723 2402 1761 δυνά
2414 1737 2423 1745 .

359 1786 572 1828 perventura
591 1776 753 1816 notitiam
767 1776 786 1814 9
806 1776 883 1814 Imo
903 1775 948 1813 sit
967 1774 1034 1813 hoc
1053 1773 1156 1828 plane
1177 1774 1320 1826 perspi·

359 1852 480 1887 cuum,
493 1837 810 1889 concedamusque,
822 1837 850 1875 si
866 1836 938 1881 vis,
952 1844 1076 1874 cuncta
1090 1835 1194 1873 illum
1208 1835 1322 1873 nosci-

359 1909 499 1945 turum,
515 1899 744 1952 plurimaque
756 1898 924 1936 atrociter
937 1897 1116 1934 facturum
1133 1911 1141 1932 :
1159 1895 1266 1933 laudo
1287 1903 1321 1933 te

358 1961 551 2012 equidem,
568 1961 598 1998 si
620 1960 719 1998 illius
739 1959 861 1998 doleas
880 1959 995 1998 vicem
1011 1988 1020 2005 ‚
1042 1967 1209 1996 cancrum
1238 1956 1320 1995 nolo

360 2022 398 2061 id
418 2035 501 2060 cum
520 2030 582 2060 tuo
599 2020 813 2059 detrimento
829 2020 948 2058 facias.
966 2019 1110 2072 Quippe
1125 2033 1184 2057 eos
1200 2019 1260 2070 qui
1280 2033 1319 2057 ea

360 2096 439 2134 qua:
455 2096 597 2121 sursum
611 2091 693 2120 sunt
707 2082 850 2134 sapiunt
864 2112 874 2129 ,
893 2091 927 2120 et
945 2095 1012 2119 non
1029 2095 1109 2132 qum
1125 2095 1233 2133 super
1248 2089 1320 2119 ter-

363 2157 463 2190 ram,
492 2158 560 2182 non
581 2143 697 2182 solum
716 2143 762 2181 ab
785 2143 836 2181 ira
855 2152 889 2181 et
909 2142 1190 2195 concupiscentia
1211 2151 1318 2180 caete-

362 2204 480 2256 risque
498 2203 916 2257 perturbationibus,sed
936 2218 956 2241 a
977 2217 1126 2241 moerore
1140 2202 1247 2241 etiam
1258 2202 1321 2240 ab·

361 2264 490 2302 stinere
503 2263 683 2302 convenit.
703 2263 769 2300 Hic
783 2263 878 2300 enim
894 2262 998 2314 longe
1017 2262 1198 2314 pluribus,
1212 2276 1319 2313 quam

362 2334 445 2364 sunt
476 2324 759 2378 perturbationes
784 2323 881 2373 illae,
904 2338 967 2362 nos
990 2323 1224 2362 incommodis
1246 2324 1322 2362 affi-

361 2385 433 2435 cit;
453 2400 669 2439 prorsusque
699 2399 838 2423 necesse
868 2394 922 2423 cst
940 2384 1114 2424 adversus
1133 2385 1237 2424 illum
1258 2399 1321 2424 nos

361 2447 553 2486 fortissime
569 2447 844 2499 insurgere‚nisi
860 2447 1004 2485 omnino
1022 2447 1139 2500 perire
1155 2447 1319 2486 velimus.

363 2510 455 2547 Nam
486 2510 514 2547 si
544 2508 691 2560 quidem
718 2508 926 2561 hujusmodi
953 2509 1201 2548 calamitatum
1229 2508 1321 2562 patri

361 2579 484 2609 auctor
498 2571 642 2608 futurus
656 2583 762 2615 esses,
781 2579 872 2607 rcctc
886 2584 969 2608 sane
985 2569 1182 2622 trepidares
1197 2583 1239 2608 ac
1253 2578 1323 2608 tre-

363 2646 497 2681 mcres,
515 2631 575 2683 qui
593 2641 698 2669 tantm
714 2631 768 2669 illi
786 2631 996 2684 perditionis
1013 2645 1118 2669 causa
1133 2645 1248 2681 csscs;
1267 2631 1322 2669 sin

362 2703 479 2732 autem
499 2693 648 2746 ipsemet
667 2694 819 2730 summis
840 2693 944 2731 malis
962 2702 1068 2744 atque
1087 2691 1323 2731 incommodis

363 2754 459 2792 affici
477 2754 572 2801 vult,
589 2753 680 2791 nihil
701 2763 735 2791 te
752 2753 880 2791 horum
899 2753 1039 2806 penitus
1059 2753 1185 2806 tangit,
1203 2753 1271 2791 nisi
1289 2754 1324 2791 in

364 2824 538 2865 quantum
567 2817 658 2867 patri
686 2814 742 2866 pie
768 2813 1029 2852 condolendum
1056 2823 1121 2853 est.
1152 2815 1325 2853 Praetcrea

365 2876 540 2915 nescimus
566 2874 746 2927 quomodo
767 2874 971 2927 hujusmodi
1000 2875 1165 2913 nuntium
1186 2875 1247 2913 ille
1268 2875 1325 2913 la-

366 2947 467 2975 turus
481 2938 550 2984 sit;
569 2936 722 2989 plurima
739 2935 836 2974 enim
856 2951 949 2988 sccpc
975 2946 1096 2974 contra
1114 2950 1221 2988 quam
1242 2950 1327 2988 spe-

368 2998 525 3045 rabatur,
546 3006 777 3037 emerserunt.
800 2997 889 3034 Nam
911 3005 944 3035 et
964 2996 1056 3035 illud
1081 3011 1191 3035 unum
1212 3005 1326 3035 estex

368 3059 426 3105 iis,
447 3073 526 3109 qum
547 3073 626 3097 raro
644 3057 832 3104 accidunt3
853 3066 889 3095 at
909 3057 975 3096 hoc
992 3058 1180 3110 probabile
1200 3066 1267 3105 cst,
1287 3072 1327 3095 ac

370 3123 578 3175 plerumque
594 3124 683 3162 solet
699 3125 854 3163 evenire.
874 3124 978 3163 Unde
994 3124 1030 3162 id
1045 3125 1165 3175 colligi
1184 3133 1296 3178 potest
1310 3124 1328 3161 ἶ)

374 3189 486 3227 llabct
511 3191 730 3228 adulterinos
751 3191 858 3238 filios,
883 3206 972 3243 quos
993 3201 1026 3230 et
1050 3192 1195 3244 plurimi
1216 3192 1325 3239 sacit;
1352 3213 1376 3240 (ς

374 3271 478 3308 porro
497 3256 570 3293 lia-c
590 3257 688 3294 illius
713 3258 844 3295 amoris·
872 3259 926 3295 vis
946 3259 1118 3309 ejusmodi
1142 3273 1326 3298 inmrorcm

406 3391 418 3403 ⁸
431 3379 685 3411 Saxula-tunna
704 3382 985 3416 minv·aa,51urel.
1007 3387 1151 3420 toi-nm»,-
1182 3382 1284 3414 Paulo
1302 3390 1373 3424 pust

375 3430 487 3462 ΜιιηΙ.
505 3430 592 3462 ,tulus
609 3437 653 3463 mi
678 3432 771 3469 οὗτος,
789 3433 883 3462 uui-ile.
904 3433 990 3465 thid.
1010 3433 1109 3466 smil.
1139 3442 1166 3465 ct
1190 3433 1285 3466 (lollt.
1315 3441 1374 3468 ίπκ

1395 1786 1528 1823 ε’παινῶ
1563 1785 1625 1835 μέν
1655 1800 1693 1824 σε
1726 1785 1901 1835 ἀλγοῦντα
1919 1783 2008 1836 ὑπὲρ
2029 1786 2099 1822 τῶν
2118 1783 2250 1823 ἐκείνου
2269 1786 2390 1822 κακῶν
2406 1814 2418 1831 ,

1394 1848 1457 1883 οὐκ
1480 1844 1566 1889 ἀξιῶ
1586 1845 1622 1883 δὲ
1651 1845 1741 1895 μετὰ
1760 1847 1822 1891 τῆς
1851 1849 1979 1884 σαυτοῦ
2006 1844 2135 1895 ζημίας
2162 1849 2263 1884 τοῦτο
2290 1850 2419 1884 ποιεῖν·

1394 1906 1472 1950 τοὺς
1490 1905 1559 1958 γὰρ
1579 1906 1624 1944 τὰ
1643 1906 1715 1944 ἄνω
1735 1911 1942 1959 φρονοῦντας
1967 1907 2026 1944 καὶ
2047 1906 2095 1956 μὴ
2116 1906 2160 1945 τὰ
2180 1906 2238 1946 ἐπὶ
2257 1907 2322 1952 τῆς
2338 1907 2423 1957 γῆς,

1394 1970 1432 2006 οὐ
1446 1972 1555 2019 θυμοῦ
1577 1967 1680 2018 μόνον
1701 1967 1761 2006 καὶ
1780 1967 1967 2018 ἐπιθυμίας
1983 1968 2043 2005 καὶ
2062 1971 2130 2006 τῶν
2150 1968 2266 2007 ἄλλων
2286 1969 2421 2013 παθῶν,

1394 2029 1485 2067 ἀλλὰ
1504 2030 1563 2067 καὶ
1593 2028 1742 2079 ἀθυμίας
1768 2035 1911 2080 κρατεῖν
1941 2029 2002 2067 δεῖ.
2035 2030 2104 2068 Καὶ
2134 2029 2202 2082 γὰρ
2233 2028 2293 2067 καὶ
2317 2031 2421 2068 τοῦτο

1393 2090 1537 2129 πλείονα
1557 2093 1651 2141 ἡμᾶς
1669 2090 1810 2128 ἐκείνων
1830 2090 2015 2141 ἐργάσεται
2035 2090 2150 2139 δεινὰ,
2168 2090 2229 2128 καὶ
2243 2089 2315 2142 χρὴ
2334 2088 2421 2141 πρὸς

1393 2153 1476 2191 αὐτὸ
1497 2152 1662 2203 γενναίως
1682 2153 1882 2190 ἐνίστασθαι
1909 2150 1958 2202 μὴ
1987 2151 2178 2202 μέλλοντας
2203 2151 2424 2190 ἀπόλλυσθαι

1394 2216 1585 2257 παντελῶς.
1606 2214 1650 2252 Εἰ
1668 2211 1730 2263 μὲν
1758 2213 1827 2265 γὰρ
1846 2213 1948 2256 αὐτὸς
1981 2213 2090 2257 αἴτιος
2121 2212 2264 2263 ἔμελλες
2280 2211 2421 2251 ἔσεσθαι

1395 2278 1462 2313 τῶν
1478 2277 1528 2325 τῷ
1542 2274 1650 2325 πατρὶ
1663 2274 1926 2324 συμὸαινόντων
1938 2276 2106 2325 ἀνιαρῶν,
2119 2275 2235 2317 καλῶς
2248 2272 2288 2311 ἂν
2300 2272 2423 2312 ἐδεδοί·

1394 2351 1466 2380 κεις
1483 2336 1542 2374 καὶ
1557 2337 1712 2387 ἔτρεμες,
1727 2335 1899 2383 τοσαύτης
1913 2335 2093 2379 ἀπωλείας
2102 2335 2286 2387 γενόμενος
2301 2335 2422 2378 αἴτιος·

1393 2398 1424 2435 εἷ
1444 2397 1479 2436 δὲ
1501 2397 1600 2439 αὐτὸς
1619 2396 1740 2435 ἑαυτὸν
1757 2396 1973 2448 περιπείρειν
1995 2396 2156 2447 βούλεται
2174 2401 2246 2439 τοῖς
2261 2395 2422 2449 ἐσχάτοις

1394 2463 1526 2504 κακοῖς,
1541 2458 1650 2501 οὐδεὶς
1670 2459 1755 2509 πρὸς
1775 2458 1813 2497 σὲ
1830 2457 1960 2496 τούτων
1975 2457 2093 2508 λόγος,
2104 2455 2196 2504 πλὴν
2216 2457 2295 2496 ὅσον
2313 2455 2422 2509 πατρὶ

1394 2524 1576 2573 συναλγεῖν
1599 2521 1683 2574 χρή.
1707 2522 1823 2575 Χωρὶς
1847 2521 1882 2560 δὲ
1911 2521 2040 2560 τούτων
2075 2521 2152 2559 οὐδὲ
2185 2521 2422 2571 ίσμεν,8π’ως

1396 2590 1482 2629 οἴσει
1495 2589 1629 2636 ταύτην
1645 2589 1708 2636 τὴν
1721 2590 1829 2636 ἀκοήν
1842 2603 1849 2610 ·
1864 2588 1978 2626 πολλὰ
1994 2589 2063 2640 γὰρ
2076 2588 2216 2627 ἐναντία
2226 2594 2297 2632 τοῖς
2311 2604 2423 2641 προσ-

1396 2658 1590 2703 δοκηθεῖσιν
1619 2656 1720 2702 ἐξέὸη
1745 2655 1914 2698 πολλάκις
1929 2671 1937 2678 ·
1958 2658 2100 2693 κάκεῖνο
2119 2653 2182 2704 μὲν
2211 2657 2280 2693 τῶν
2300 2670 2422 2708 παρα-

1397 2723 1502 2767 δόξως
1520 2722 1579 2761 καὶ
1598 2724 1754 2765 σπανίως
1775 2720 2036 2772 συμὸαινόντων
2057 2721 2153 2767 ἐστὶ,
2170 2725 2270 2760 τοῦτο
2298 2720 2334 2760 δὲ
2364 2722 2424 2760 καὶ

1401 2793 1471 2829 τῶν
1490 2790 1633 2829 εἰκότων
1652 2790 1712 2828 καὶ
1731 2793 1800 2827 τῶν
1818 2789 1950 2840 σφόδρα
1979 2787 2230 2839 ἐνδεχομένων.
2253 2789 2364 2828 Πόθεν
2379 2789 2422 2836 δὴ

1400 2862 1502 2897 τοῦτο
1522 2857 1648 2904 δῆλον;
1668 2856 1784 2895 Πολὺν
1805 2859 1873 2894 τῶν
1890 2857 1997 2894 νόθων
2018 2860 2170 2893 ποιεῖται
2187 2856 2372 2908 λόγον,καὶ
2385 2857 2427 2897 τὸ

1400 2924 1485 2976 πρὸς
1504 2922 1652 2966 ἐκείνους
1671 2923 1810 2975 φίλτρον
1827 2923 1945 2961 ἱκανὸν
1960 2921 2091 2968 ταύτην
2108 2922 2211 2961 αὑτοῦ
2239 2922 2429 2962 συσκιάσαι

1402 2990 1465 3036 τὴν
1492 2990 1655 3040 ἀθυμίαν.
1674 2989 1736 3036 Μὴ
1759 2989 1801 3034 δὴ
1825 2988 1938 3038 μάτην
1959 2989 2064 3026 ὀδύνα
2083 2989 2210 3028 σαυτὸν
2228 2995 2305 3033 ταῖς
2323 3005 2424 3043 φρον·

1401 3058 1503 3096 τίσιν.
1520 3059 1563 3097 Ιίί
1578 3058 1613 3096 δὲ
1634 3057 1692 3096 καὶ
1717 3058 1835 3107 ἀλγεῖν
1853 3055 1940 3106 ὑπὲρ
1957 3059 2016 3093 τοῦ
2036 3055 2167 3107 πατρὸς
2184 3055 2337 3108 χρὴ,ὶπ“ι
2350 3061 2426 3100 ταῖς

1403 3125 1539 3177 ἀλόγοις
1564 3123 1745 3167 δαπάναις,
1763 3121 1819 3160 ἐπὶ
1840 3128 1909 3163 τοῖς
1929 3121 2074 3171 κώμοις,
2091 3121 2151 3159 καὶ
2172 3120 2229 3159 ἐπὶ
2249 3123 2299 3174 τῷ
2318 3121 2431 3174 τύφῳ,

1403 3193 1461 3231 καὶ
1481 3193 1537 3231 ἐπὶ
1558 3193 1601 3242 τῇ
1630 3189 1823 3242 τυραννίδι,
1842 3189 1899 3226 ἐπὶ
1920 3190 1961 3238 τῇ
1984 3189 2126 3239 μοιχεία
2145 3191 2188 3240 τῇ
2212 3192 2282 3226 νῦν.
2301 3186 2350 3227 ‘ll
2372 3204 2426 3238 μι-

1403 3261 1483 3311 κρὸν
1498 3258 1560 3296 οἴει
1575 3257 1682 3295 κακὸν
1701 3256 1738 3294 τὸ
1760 3256 1922 3306 γυναικὸς
1937 3255 2029 3292 ἔνδον
2053 3255 2155 3301 οὔσης
2168 3257 2230 3300 τῆς
2250 3255 2425 3308 ὓμετέρας

1412 3386 1439 3415 ‹32
1456 3398 1566 3420 ιηυι,
1586 3379 1699 3412 Mon-l.
1729 3384 1945 3414 ὶπμῖιιωωιτσ.
1961 3380 2060 3411 ΡιιιιΙι·
2078 3388 2149 3421 post
2168 3377 2269 3411 suxit.
2283 3387 2315 3410 ι·ι
2327 3376 2424 3411 (julli.

1412 3452 1432 3474 μ
1443 3450 1448 3466 t
1458 3442 1491 3468 ri
1511 3438 1656 3468 tewinum
1673 3435 1758 3474 ὃτηι.
