2549 3825
931 304 1158 337 ADVERSUS
1194 306 1391 338 JUDAEOS.
1429 308 1474 339 vt
1483 327 1492 338 .

171 395 231 421 τον
265 382 403 429 αὐτοῖς,
435 384 466 420 εἷ
513 382 562 434 μὴ
609 383 830 428 πιστεύοντες
865 391 937 430 τοῖς
976 387 1193 441 προφήταις,

172 442 334 489 ἠπείθουν
351 445 402 495 τῷ
431 444 586 497 Χριστῷ.
617 446 690 484 Νῦν
723 445 760 483 δὲ
787 445 903 494 πάσης
933 449 1193 501 ἀπεστέρηνται

173 503 399 555 συγγνώμης,
417 505 558 550 ἐκείνοις
573 506 636 556 μὲν
648 505 829 545 πείθεσθαι
843 508 1017 559 λέγοντες,
1031 510 1193 563 καθυὸρί-

173 566 286 610 ζοντες
305 565 340 605 δὲ
370 566 426 605 τὸν
457 567 758 620 προφητευόμενον
772 570 830 608 ὑπ’
849 569 1000 609 ἐκείνων.

217 1302 338 1349 ’Όλως
356 1304 391 1344 δὲ
408 1307 436 1344 εἷ
456 1305 627 1356 νομίζεις,
645 1304 732 1344 διότι
762 1304 866 1355 νόμος
894 1305 966 1343 ἐκεῖ
996 1310 1109 1343 κεῖται
1129 1306 1188 1344 καὶ
1213 1313 1235 1343 Β

166 1370 354 1418 προφητῶν
387 1366 529 1418 βιὸλία,
550 1368 608 1406 τὸν
639 1367 744 1406 τόπον
774 1366 870 1418 ἅγιον
900 1360 1010 1414 εἶναι,
1037 1367 1112 1419 ὥρα
1134 1383 1189 1406 σοι

164 1428 285 1466 λοιπὸν
310 1428 370 1465 καὶ
397 1429 441 1466 τὰ
461 1428 611 1475 εἴδωλα,
632 1428 693 1466 καὶ
711 1427 790 1472 τοὺς
811 1427 912 1471 ναοὺς
937 1431 1008 1466 τῶν
1036 1428 1188 1467 εἰδώλων

164 1488 283 1539 ἁγίους
312 1481 402 1526 εἶναι
429 1488 594 1540 νομίζειν.
614 1488 686 1527 Καὶ
703 1488 771 1541 γὰρ
799 1488 954 1540 πολέμου
974 1489 1060 1528 ποτὲ
1081 1505 1190 1528 κατα-

163 1548 331 1592 λαὸόντος
341 1548 420 1592 τοὺς
428 1549 631 1598 Ἰουδαίους,
644 1550 879 1601 κρατήσαντες
895 1553 926 1588 οἱ
946 1550 1114 1596 Ἀζώτιοι,
1129 1550 1187 1588 καὶ

163 1609 226 1655 τὴν
242 1609 389 1648 κιὸωτὸν
405 1609 588 1658 λαὸόντες,
605 1613 652 1654 εἷς
668 1610 707 1648 τὸ
723 1612 856 1650 ἑαυτῶν
871 1609 961 1662 ἱερὸν
981 1610 1184 1661 εἰσήγαγον.

172 1671 251 1723 Αρα
269 1662 328 1708 οὖν
348 1669 405 1708 διὰ
433 1673 535 1708 τοῦτο
565 1670 662 1722 ἅγιος
679 1666 721 1717 ἦν
748 1673 766 1708 ὃ
782 1669 884 1718 ναὸς,
906 1670 1027 1716 ἐπειδὴ
1049 1670 1112 1716 τὴν
1130 1685 1188 1708 κι-

161 1730 273 1769 &on-bv
294 1724 599 1783 εἷχεν;οὖδαμῶς,
614 1731 704 1769 ἀλλὰ
723 1731 783 1769 καὶ
801 1731 949 1781 βέὸηλος
960 1730 1019 1768 καὶ
1032 1731 1187 1783 ἀκάθαρ-

160 1807 229 1835 τος.
245 1792 316 1830 Καὶ
347 1791 470 1836 εὐθέως
488 1797 588 1830 τοῦτο
607 1791 665 1830 διὰ
685 1795 752 1830 τῶν
772 1792 882 1844 ἔργων
902 1791 1091 1830 ἐδείκνυτο.
1106 1790 1186 1830 Ἵνα

159 1852 227 1905 γὰρ
257 1852 412 1903 μάθωσιν
446 1853 477 1891 οἱ
502 1852 666 1903 πολέμιοι
691 1853 745 1892 ὅτι
772 1855 810 1891 οὐ
838 1853 881 1890 δι’
911 1851 1091 1891 ἀσθένειαν
1125 1855 1185 1890 τοῦ

159 1914 272 1961 Θεοῦ,
295 1913 385 1951 ἀλλὰ
406 1912 462 1952 διὰ
480 1914 545 1960 τὴν
575 1914 799 1966 παρανομίαν
826 1916 895 1951 τῶν
924 1914 1184 1966 θεραπευόντων

159 1974 261 2012 αὐτὸν
280 1977 301 2021 ἡ
322 1969 412 2020 ἧττα
429 1975 565 2026 γέγονε·
581 1976 641 2013 καὶ
656 1978 677 2022 ἡ
694 1975 843 2019 >nemim
862 1977 1034 2028 ληφθεῖσα
1054 1975 1185 2027 αἰχμά-

158 2037 268 2079 λωτος
283 2065 292 2082 ,
308 2038 343 2074 ἐν
374 2035 541 2088 ἀλλοτρίᾳ
559 2039 603 2087 γῇ
623 2035 686 2083 τὴν
717 2035 817 2088 ἰσχὺν
848 2036 910 2083 τὴν
939 2036 1069 2074 οἰκείαν
1100 2039 1186 2074 ἐπε-
1207 2049 1233 2080 c

159 2095 336 2144 δείκνυτο,
358 2096 408 2140 δὶς
425 2097 465 2135 τὸ
484 2097 625 2136 εἴδωλον
645 2099 761 2150 χαμαὶ
781 2098 913 2150 ῥίψασα
932 2127 942 2145 ,
962 2097 1020 2134 καὶ
1040 2098 1184 2135 διακλα-

157 2160 283 2205 σθῆναι
313 2159 628 2210 παρασκευάσασα.
662 2162 695 2198 Τ
698 2164 837 2198 οσοῦτον
875 2162 1018 2209 ἀπεῖχεν
1039 2158 1185 2210 ἁγιάσαι

153 2218 212 2256 τὸν
229 2218 355 2267 τόπον,
375 2218 428 2257 ὅτι
459 2219 520 2257 καὶ
552 2219 717 2269 ἐπολέμει
745 2222 795 2271 τῷ
828 2218 938 2269 τόπῳ.
971 2218 1105 2261 Ἄλλως
1125 2218 1183 2267 δὲ,

153 2280 238 2319 ποία
269 2281 417 2324 κιὸωτὸς
443 2284 503 2319 ν’ῦν
531 2281 629 2332 παρὰ
648 2280 848 2329 Ἰουδαίοις,
875 2281 960 2318 ὅπου
979 2280 1182 2331 ἱλαστήριον

153 2345 216 2379 οὐκ
243 2342 354 2390 ἔστιν,
374 2343 459 2380 ὅπου
492 2343 530 2380 οὔ
564 2342 735 2393 χρισμὸς,
767 2344 805 2381 οὗ
833 2341 1001 2388 διαθήκης
1027 2341 1180 2389 πλάκες,

152 2404 190 2439 οὗ
213 2402 257 2439 τὰ
290 2402 372 2454 ἅγια
398 2404 468 2440 τῶν
495 2402 628 2453 ἁγίων,
652 2403 690 2440 οὖ
726 2402 766 2440 τὸ
799 2401 1082 2450 καταπέτασμα,
1118 2403 1180 2439 οὐκ

151 2462 353 2515 ἀρχιερεὺς,
369 2464 406 2500 οὗ
421 2462 581 2513 θυμίαμα
595 2492 604 2509 ,
626 2462 683 2500 ἐπὶ
703 2461 981 2508 ι’ὁλοκαύτωσις,
1002 2462 1040 2498 οὗ
1058 2462 1177 2506 θυσία,

150 2524 251 2562 οὔτὰ
285 2525 376 2562 ἄλλα
398 2524 441 2561 τὰ
474 2527 639 2562 ποιοῦντα
675 2523 805 2574 σεμνὴν
837 2523 900 2569 τὴν
930 2523 1078 2561 κιῦωτὸν
1100 2523 1177 2561 τότε

149 2585 418 2637 ἐκείνην;Ἐμοὶ
433 2589 502 2624 τῶν
517 2586 574 2624 ἐπὶ
595 2589 657 2633 τῆς
671 2587 798 2639 ἀγορᾶς
815 2584 1048 2635 πωλουμένων
1071 2585 1176 2622 xtem-

148 2646 230 2684 τίων
250 2645 346 2684 οὐδὲν
369 2647 508 2697 ἄμεινον
529 2646 616 2694 αὕτη
637 2650 658 2693 ἡ
680 2646 827 2688 κιὸωτὸς
848 2647 1040 2684 διακεῖσθαι
1068 2647 1174 2693 δοκεῖ,

148 2706 240 2745 ἀλλὰ
254 2706 314 2744 καὶ
324 2708 444 2759 πολλῷ
463 2714 591 2760 χεῖρον.
604 2707 674 2745 Καὶ
689 2706 757 2760 γὰρ
773 2706 851 2750 τοὺς
866 2706 1055 2758 παριόντας
1075 2707 1171 2744 οὐδὲν

149 2768 212 2818 μὲν
243 2771 355 2806 ταῦτα
385 2769 519 2821 βλάψαι
552 2770 718 2815 δύναται,
738 2768 852 2815 ἐκείνη
875 2767 909 2806 δὲ
936 2767 1069 2814 πολλὴν
1092 2767 1172 2805 καθ’

146 2829 282 2880 ἡμέραν
298 2836 369 2874 τοῖς
383 2831 470 2882 αὐτῇ
486 2834 687 2881 προσιοῦσιν
700 2829 883 2882 ἐργάζεται
898 2829 1045 2880 βλάῧην.
1062 2829 1172 2866 Ἀδελ-

148 2889 224 2941 (pol,
248 2890 296 2939 μὴ
317 2890 440 2928 παιδία
458 2891 593 2941 γίνεσθε
612 2896 689 2934 ταῖς
714 2890 834 2942 φρεσὶν
848 2919 857 2936 ,
877 2889 967 2927 ἀλλὰ
997 2892 1039 2941 τῇ
1064 2888 1170 2941 κακίᾳ

147 2950 355 2998 νηπιάζετε,
390 2951 448 2989 καὶ
477 2951 554 2994 τοὺς
585 2952 670 3004 πρὸς
697 2956 809 2989 ταῦτα
843 2949 1076 3001 ἐπτοημένους
1107 2952 1170 2994 τῆς

148 3010 293 3063 ἀκαίρου
311 3011 440 3058 ταύτης
465 3012 616 3064 ἀγωνίας
636 3012 939 3055 ἀπαλλάττοντες,
958 3010 1169 3048 παιδεύσατε

146 3071 181 3109 τί
202 3072 270 3125 χρὴ
298 3073 478 3124 φοίεῖσθαι
509 3073 568 3111 καὶ
589 3073 803 3118 δεδοικέναι,
827 3072 905 3124 οὐχὶ
934 3071 997 3117 τὴν
1019 3070 1168 3108 κιὸωτὸν

147 3132 296 3179 ταύτην,
319 3132 409 3171 ἀλλὰ
442 3133 482 3171 τὸ
511 3133 753 3186 καταφθείρειν
783 3133 841 3171 τὸν
871 3132 952 3169 ναὸν
984 3136 1044 3169 τοῦ
1076 3135 1169 3169 Θεοῦ

149 3192 205 3229 διὰ
224 3195 293 3230 τῶν
313 3195 382 3231 ἐκεῖ
403 3192 539 3244 δρόμων
553 3223 562 3239 ,
584 3193 641 3231 διὰ
669 3197 729 3230 τοῦ
759 3193 843 3244 πρὸς
875 3191 933 3228 τὸν
965 3191 1164 3240 ἰουδαϊσμὸν

151 3252 358 3298 συνειδότος,
381 3252 436 3290 διὰ
461 3256 523 3299 τῆς
546 3254 692 3306 ἀκαίρου
721 3253 851 3298 ταύτης
875 3251 1166 3304 παρατηρήσεως.

150 3311 287 3355 Οἵτινες
307 3314 397 3364 γὰρ,
422 3314 544 3365 φησὶν,
562 3315 597 3352 ἐν
612 3314 709 3366 νόμῳ
728 3315 943 3360 δικαιοῦσθε,
956 3315 1017 3358 τ’ἧς
1030 3312 1171 3364 χάριτος

199 3442 214 3465 t·
238 3441 370 3483 Septem
387 3442 464 3476 Μκιι.
483 3442 712 3486 &tomba-ame}
734 3443 816 3474 nem
835 3441 911 3474 Suv.
943 3454 1002 3483 pro
1029 3446 1154 3476 ὸλοκιιύ-
1197 3457 1208 3475 ι·
1238 3448 1264 3475 ἱ..

157 3508 256 3536 vanua,
275 3494 361 3535 qno]
380 3493 568 3537 edebatur]
588 3495 677 3526 lnt'ru
694 3494 819 3537 aliquot
838 3495 912 3526 Mu.
930 3499 1028 3537 πολλοι
1047 3507 1157 3538 xum».

2133 295 2221 358 807

1269 403 1410 440 quoque
1424 390 1596 428 nonnulla
1613 389 1899 441 commiscebant,
1913 405 1983 430 non
1998 390 2102 430 aliter
2116 406 2225 443 quam

1269 452 1330 502 qui
1355 452 1490 491 letifera
1525 452 1676 491 miscent
1710 466 1870 499 venena,
1901 466 1941 490 os
1969 452 2090 505 poculi
2118 453 2224 491 melle

1267 513 1566 562 circumlinentes,
1591 514 1752 552 efficiunt
1777 523 1817 552 ut
1854 514 1996 552 facilius
2025 513 2222 566 accipiatur

1265 573 1414 612 malum.
1438 574 1537 612 Hanc
1557 574 1604 612 ob
1623 589 1768 613 causam
1787 584 1821 613 et
1839 575 1974 613 Paulus
1993 574 2222 626 potissimum

1264 634 1489 672 afficiebatur
1508 635 1684 683 molestia,
1712 636 1969 688 festinabatque
1994 636 2066 675 illis
2095 637 2217 675 occlu-

1263 693 1348 732 dere
1367 709 1417 742 os,
1445 695 1542 745 quod
1576 695 1649 733 sibi
1667 697 1912 734 auctoritatem
1931 706 2144 749 usurparent
2163 711 2223 736 ne·

1265 768 1444 804 quaquam
1464 754 1552 806 ipsis
1567 764 1837 806 congruentem.
1853 756 1953 794 Hanc
1968 757 2015 794 ob
2031 771 2173 795 causam
2188 767 2220 795 et

1264 814 1342 865 ipse
1363 813 1507 852 Judaeos
1526 814 1600 863 odi,
1617 814 1714 865 quod
1739 828 1820 853 cum
1840 816 1954 866 legem
1974 816 2143 865 habeant,
2163 818 2220 855 le-

1265 887 1345 925 gem
1368 874 1516 922 violant,
1539 884 1574 912 et
1589 875 1659 913 hoc
1677 874 1786 913 modo
1804 875 2041 927 simpliciores
2065 877 2221 915 inescare

1266 943 1452 973 conantur.
1479 936 1560 973 Non
1586 935 1734 988 perinde
1761 950 1869 988 grave
1888 936 2020 975 crimen
2047 938 2219 976 admitte-

1263 1005 1355 1042 rent,
1380 996 1449 1035 nisi
1475 1010 1556 1034 cum
1586 996 1730 1035 credant
1750 997 1949 1050 prophetis,
1980 1010 2220 1051 repugnarent

1264 1057 1422 1098 Christo.
1452 1058 1558 1096 Nunc
1586 1071 1671 1096 vero
1707 1058 1775 1096 sibi
1804 1073 1946 1097 omnem
1978 1060 2089 1098 veniae
2119 1073 2218 1112 spem

1262 1118 1490 1169 ademerunt,
1519 1119 1579 1171 qui
1607 1133 1689 1158 cum
1713 1134 1750 1158 se
1775 1121 1907 1173 jactent
1930 1121 2114 1173 prophetis
2138 1135 2219 1160 cre-

1262 1179 1361 1229 dere,
1381 1179 1608 1218 contumeliis
1627 1180 1791 1219 afficiunt
1811 1195 1906 1227 eum,
1928 1196 2033 1233 quem
2050 1181 2104 1219 illi
2125 1196 2218 1234 prae-

1262 1239 1444 1278 dixerunt.

1316 1304 1355 1340 7.
1376 1303 1418 1339 In
1438 1316 1590 1351 summa,
1615 1303 1643 1340 si
1671 1302 1786 1340 credis
1809 1302 1927 1340 locum
1953 1317 2027 1342 csse
2055 1312 2218 1342 sanctum

1261 1376 1301 1400 eo
1326 1362 1424 1413 quod
1451 1363 1528 1400 illic
1552 1363 1613 1400 lex
1637 1372 1671 1401 et
1689 1363 1946 1415 prophetarum
1965 1363 2050 1402 libri
2070 1365 2217 1416 repositi

1260 1434 1359 1470 sunt,
1384 1433 1542 1478 superest
1567 1434 1606 1463 ut
1630 1434 1665 1463 et
1690 1424 1787 1463 idola
1814 1434 1849 1462 et
1870 1425 2053 1463 idolorum
2081 1426 2214 1478 templa

1261 1499 1326 1538 pro
1340 1485 1470 1524 sanctis
1490 1486 1615 1524 ducas.
1635 1484 1826 1532 Quondam
1846 1486 1957 1533 enim,
1978 1500 2060 1523 cum
2079 1485 2215 1524 bellum
2237 1490 2262 1510 ¹·
2279 1481 2358 1519 R‘g·
2388 1483 2421 1513 5·

1261 1556 1392 1585 teneret
1411 1548 1433 1587 J
1438 1547 1569 1595 udaeos,
1590 1547 1740 1585 victores
1763 1546 1878 1584 Azotii
1896 1555 2066 1598 ceperunt
2083 1560 2215 1590 arcam,

1261 1608 1368 1658 inque
1392 1622 1495 1646 suum
1515 1607 1689 1660 templum
1710 1607 1919 1645 intulerunt.
1945 1610 2001 1644 An
2024 1606 2104 1645 ideo
2128 1621 2214 1645 san-

1261 1677 1356 1706 ctum
1367 1679 1441 1706 erat
1452 1669 1596 1707 illorum
1610 1668 1796 1721 templum,
1805 1667 1901 1718 quod
1912 1667 2059 1706 haberet
2071 1668 2214 1705 arcam?

1260 1731 1515 1780 Nequaquam,
1542 1729 1600 1767 sed
1629 1729 1834 1781 profanum,
1856 1728 1918 1766 sed
1944 1728 2145 1780 impurum.
2172 1727 2214 1765 ld

1260 1791 1424 1842 protinus
1459 1791 1544 1842 ipsis
1574 1791 1677 1829 factis
1707 1790 1926 1828 declaratum
1956 1798 2020 1827 est.
2052 1789 2145 1827 Nam
2176 1799 2214 1826 ut

1259 1851 1376 1889 hostes
1395 1851 1634 1901 intelligerent
1653 1850 1840 1901 victoriam
1860 1850 1948 1902 ipsis
1965 1851 2121 1895 cessisse,
2144 1863 2213 1887 non

1259 1911 1305 1950 ob
1322 1912 1568 1964 impotentiam
1585 1911 1664 1959 Dei,
1682 1911 1744 1949 sed
1770 1911 1817 1949 ob
1846 1911 2072 1960 iniquitatem
2091 1924 2213 1948 eorum

1259 1986 1278 2010 a
1297 1973 1428 2024 quibus
1448 1973 1629 2011 colebatur
1652 1987 1661 2010 :
1684 1972 1791 2010 etiam
1810 1986 1889 2009 arca
1913 1980 2015 2023 capta
2045 1971 2079 2008 in
2099 1971 2213 2008 aliena

1259 2042 1351 2071 terra
1364 2034 1440 2072 vim
1459 2048 1559 2071 suam
1577 2033 1744 2080 ostendit,
1758 2032 1846 2070 dum
1861 2031 1958 2070 idolo
1973 2031 2078 2070 bisin
2095 2032 2213 2069 solum

1257 2094 1394 2146 dejecto
1423 2095 1538 2133 effecit
1568 2103 1608 2132 ut
1638 2095 1745 2132 etiam
1784 2095 2019 2145 frangeretur.
2052 2093 2212 2130 Tantum

1256 2155 1378 2194 aberat
1404 2164 1443 2193 ut
1468 2156 1588 2193 locum
1616 2154 1866 2201 sanctificaret,
1895 2163 1934 2191 ut
1961 2154 2080 2191 locum
2105 2153 2211 2191 etiam

1256 2225 1488 2268 expugnaret.
1505 2217 1645 2255 Verum
1665 2215 1726 2253 hic
1746 2228 1908 2266 quaenam
1928 2223 1979 2252 est
2001 2227 2082 2252 arca
2104 2227 2210 2265 penes

1255 2276 1414 2326 Judaeos,
1433 2275 1495 2313 ubi
1512 2288 1581 2313 non
1597 2284 1647 2312 est
1664 2274 1974 2327 propitiatorium,
1996 2287 2065 2312 non
2085 2287 2209 2311 oracu-

1251 2337 1344 2384 lum,
1364 2350 1433 2374 non
1453 2336 1651 2374 testamenti
1672 2335 1814 2382 tabulae,
1835 2348 1903 2372 non
1924 2343 2044 2372 sancta
2063 2343 2203 2372 sancto·

1254 2412 1345 2445 rum,
1358 2411 1426 2435 non
1440 2397 1575 2442 velum,
1592 2410 1661 2434 non
1678 2409 1839 2433 summus
1851 2394 2025 2440 sacerdos,
2037 2408 2104 2432 non
2119 2394 2207 2446 thy-

1253 2458 1398 2506 minnia,
1418 2472 1489 2496 non
1510 2457 1774 2501 holocaustum,
1797 2470 1865 2493 non
1885 2455 2114 2500 sacrificium,
2134 2468 2203 2492 non

1251 2519 1319 2556 alia
1334 2533 1412 2570 quae
1425 2528 1500 2556 tum
1515 2532 1631 2555 arcam
1649 2517 1720 2554 illis
1736 2516 1930 2554 reddebant
1945 2514 2202 2552 venerandam?

1251 2580 1344 2619 Mihi
1361 2580 1507 2631 quidem
1523 2579 1731 2619 Judaem-um
1747 2592 1801 2626 ea,
1819 2591 1926 2628 quam
1942 2590 2036 2614 nunc
2054 2576 2200 2619 liabent,

1249 2656 1327 2680 arca
1368 2641 1481 2679 nihilo
1513 2640 1642 2678 melius
1664 2640 1792 2677 habere
1815 2638 1960 2676 videtur
1987 2637 2029 2674 iis
2056 2637 2200 2679 arculis.

1248 2716 1326 2752 quae
1346 2710 1497 2740 veneunt
1517 2701 1551 2738 in
1572 2702 1661 2748 foro,
1681 2701 1751 2737 iulo
1773 2701 1872 2750 pejus
1891 2698 2010 2738 habet.
2036 2700 2124 2736 Nam
2146 2698 2200 2734 lm·

1247 2763 1336 2800 nihil
1351 2762 1477 2800 laederc
1492 2770 1638 2813 possunt
1655 2761 1682 2798 si
1700 2761 1780 2811 quis
1793 2760 1913 2803 adeam
1937 2759 1997 2796 illa
2018 2773 2197 2808 veroque-

1245 2823 1331 2861 tidie
1351 2822 1498 2860 multam
1510 2836 1639 2859 noxam
1654 2821 1756 2859 insert
1770 2819 2193 2870 iisquiaccedunt.b'1·‹1-
2216 2840 2242 2862 ι,
2264 2833 2336 2863 cor.
2358 2834 2407 2873 ¹4,

1245 2895 1334 2930 tres,
1354 2898 1399 2921 ne
1414 2886 1498 2922 sitis
1510 2885 1619 2935 pueri
1635 2884 1839 2924 mentibus,
1857 2882 1923 2918 sed
1939 2880 2093 2917 malitia
2106 2894 2194 2931 par-
2213 2888 2263 2906 ²⁰·

1245 2947 1324 2984 vuli
1341 2953 1459 2983 estote
1475 2961 1485 2986 ,·
1503 2958 1631 2994 cosque
1650 2943 1710 2993 qui
1732 2942 1778 2980 ad
1800 2942 1865 2979 ista
1885 2950 2038 2991 stupent.
2062 2940 2107 2978 ab
2129 2941 2195 2978 hoe

1243 3005 1490 3057 intempestivo
1531 3014 1626 3042 metu
1674 3003 1884 3050 liberantes,
1931 3001 2068 3039 erudite
2106 3004 2195 3052 quid

1242 3074 1399 3120 oporteat
1419 3066 1543 3103 timere
1570 3063 1793 3113 ιϊνιϊιϊίιμιυ
1807 3093 1816 3106 ,
1842 3077 1909 3100 non
1930 3063 2031 3100 istam
2048 3077 2165 3100 arcam
2184 3092 2193 3107 ,

1243 3129 1302 3166 sed
1316 3126 1411 3178 quod
1426 3134 1670 3163 conmrreutrs
1689 3124 1733 3161 ad
1751 3124 1864 3167 iliani,
1879 3124 2007 3161 violent
2023 3124 2197 3175 templum

1247 3189 1326 3230 Dei.
1348 3202 1409 3240 pei·
1429 3186 1678 3225 conscientiam
1706 3184 1749 3222 :ul
1776 3184 2003 3223 judaismum
2037 3199 2195 3236 propen—

1245 3263 1341 3292 sam,
1372 3262 1434 3300 pei-
1466 3247 1750 3298 intempestivam
1774 3245 1875 3282 istaut
1895 3245 2195 3283 observationem.

1251 3314 1460 3361 Quotquot,
1476 3308 1605 3357 inquit.
1620 3309 1660 3344 in
1676 3306 1757 3357 lege·
1770 3306 2057 3358 jearetejlicmnini,
2075 3321 2098 3344 ιι
2114 3321 2200 3358 gra·
2223 3310 2294 3338 Gal·
2314 3309 2342 3338 ⁵·
2355 3306 2384 3345 30·

1260 3457 1291 3474 Ἀ
1306 3445 1362 3483 1ιιὶν
1390 3445 1442 3482 γὰρ
1470 3441 1547 3471 οὶῖἂι
1567 3441 1775 3483 vt·‘·‹61l.2int‹¹
1798 3439 1859 3475 τοὺς
1883 3452 2053 3482 τιεί-(ΛΗ,
