2513 3871
359 240 452 288 313

355 337 569 388 relinquere,
590 344 623 374 et
642 336 817 375 eastitatis
836 335 962 374 ssorem
977 334 1182 373 obscurare.
1205 333 1312 373 Beata

354 406 389 436 et
408 397 464 435 bis
482 405 516 434 et
538 405 590 435 ter
617 405 654 435 et
672 398 815 449 saepius.
842 396 998 445 Quantis
1017 395 1155 434 fruetur
1183 393 1287 433 bonis
1303 425 1314 443 ,

355 458 497 508 qualem
514 457 665 510 accipiet
679 471 859 503 coronam,
878 465 1012 509 quanta
1032 455 1193 495 mercede
1204 454 1316 494 dona-

349 518 545 570 bitur-,quae
554 532 637 557 cum
645 517 733 571 ipsis
742 517 958 571 incorporeis
965 516 1284 557 certatVirtutibus
1296 516 1315 554 3³

354 579 438 618 Haec
455 588 490 618 et
507 579 591 618 talia
611 579 656 618 de
674 579 740 618 hac
754 593 877 618 omnes»
893 579 1026 626 dicent,
1046 577 1142 618 etad
1164 578 1314 617 aemula-

351 641 486 680 tionem
501 641 574 680 suis
590 641 735 680 filiabus
751 650 950 694 proponent
963 656 973 690 ;
988 650 1022 680 et
1040 641 1069 680 si
1085 640 1168 692 quis
1183 639 1310 679 admo-

347 715 433 741 nere
451 702 596 741 honeste
614 702 809 750 viventem,
830 711 865 740 et
884 702 914 741 si
933 701 1015 754 quis
1033 710 1241 753 corruptam
1262 700 1309 739 ad
1333 704 1358 736 C

351 763 562 803 modestiam
590 763 758 803 reducere
784 763 962 811 voluerit,
998 763 1073 802 haec
1102 764 1154 803 illi
1175 763 1308 802 iterum

350 837 474 863 omnes
487 826 646 865 encomia
659 825 694 864 in
707 825 866 864 medium
881 826 993 864 serent
1007 839 1017 862 ε
1033 838 1102 864 uon
1117 824 1177 864 hic
1187 833 1307 863 autem

342 885 485 935 solum,
507 885 570 925 sed
590 894 624 925 et
639 886 779 938 quoties
796 885 843 924 de
861 885 1070 938 virginitate
1089 886 1152 925 fiat
1171 899 1306 924 sermo:

342 947 452 984 etsie
475 960 597 985 omnm
626 946 850 995 laudabunt,
885 960 955 985 non
984 947 1101 985 solum
1129 947 1192 999 qui
1212 956 1306 985 caste

345 1005 490 1054 vivunt,
506 1005 568 1045 scd
581 1015 615 1046 et
631 1007 683 1046 illi
699 1006 762 1059 qui
775 1006 944 1045 studuere
959 1016 994 1045 et
1008 1006 1129 1045 omnia
1146 1006 1305 1044 fecerunt

343 1075 385 1104 ut
405 1067 519 1120 ipsam
538 1068 758 1115 obtinerent,
778 1082 820 1107 ac
841 1067 973 1107 deinde
993 1068 1162 1107 contemti
1183 1077 1217 1107 et
1235 1067 1303 1106 de-

340 1128 454 1180 specti
472 1128 628 1168 suerunt.
645 1132 760 1180 Atque
775 1129 840 1167 ista
852 1128 1000 1180 quidem
1017 1138 1126 1179 tanta,
1142 1137 1175 1166 et
1190 1129 1304 1166 multo

340 1189 477 1241 majore
499 1203 609 1240 quam
635 1190 771 1228 dictum
799 1198 866 1237 est,
895 1190 1034 1227 fruetur
1057 1188 1171 1240 gloria
1193 1204 1202 1225 ε
1223 1202 1303 1239 qua:

337 1262 424 1288 vero
443 1250 688 1288 cohabitantes
703 1250 824 1298 habet,
839 1250 960 1288 omnia
977 1263 1077 1288 secus
1093 1249 1239 1301 reperit.
1258 1250 1303 1287 Et

337 1310 456 1363 primo
475 1310 624 1362 quidem
642 1310 788 1362 quando
803 1311 850 1349 ab
865 1311 1049 1362 aliquibus
1070 1309 1221 1362 impuris
1237 1323 1301 1347 ac—

337 1379 484 1410 cusatur
499 1371 705 1425 virginitas,
723 1371 769 1410 de
785 1372 946 1423 utrisque
960 1370 1114 1410 habetur
1127 1370 1300 1408 memoria

335 1432 373 1471 in
404 1433 538 1472 talibus
563 1434 798 1473 conventibus
808 1448 819 1483 ;
845 1432 908 1472 sed
936 1433 998 1471 illa
1017 1431 1162 1485 quidem
1180 1432 1300 1485 aperit
1323 1441 1349 1472 D

334 1509 396 1533 ora
415 1494 696 1542 defensantium,
711 1495 778 1534 ista
791 1505 912 1534 autem
926 1494 1181 1534 accusantium.
1198 1494 1300 1532 Post-

332 1569 373 1594 ea
395 1556 541 1607 quando
556 1557 688 1609 corrigi
707 1556 868 1608 aliquam
886 1565 921 1595 et
940 1556 1175 1608 compositam
1194 1555 1297 1594 reddi

333 1617 449 1665 decet,
472 1617 547 1657 haec
564 1618 713 1670 quidem
728 1627 768 1656 ut
787 1619 1022 1671 pharmacum
1036 1617 1248 1669 asu-ingens,
1264 1626 1298 1656 et

334 1679 432 1730 quod
453 1679 677 1733 putredinem
697 1680 868 1733 repellere
885 1688 1000 1733 potest
1017 1679 1052 1717 in
1071 1678 1228 1717 medium
1245 1680 1297 1717 af-

335 1741 450 1779 fertur
466 1771 477 1785 ,
498 1750 532 1779 et
550 1742 779 1794 praeceptoris
795 1756 833 1780 os
848 1749 977 1793 ornatst
996 1740 1058 1779 illa
1078 1749 1198 1778 autem
1215 1754 1297 1778 cum

332 1803 479 1841 confusa
495 1811 577 1848 stat,
594 1804 731 1841 tametsi
746 1817 814 1842 non
830 1802 940 1851 adsit,
953 1802 1164 1841 erubescens
1181 1811 1213 1840 ct
1231 1816 1297 1854 pu-

335 1863 488 1902 defacta.
509 1864 657 1902 Necesse
675 1865 769 1903 enim
789 1873 839 1902 est
860 1873 896 1902 ut
921 1863 1103 1902 occasione
1121 1863 1295 1914 cujusque

333 1924 445 1977 lapsae
462 1924 539 1963 haec
553 1934 738 1964 accusetur
751 1955 761 1972 ,
780 1934 813 1963 et
833 1925 962 1963 iterum
981 1924 1241 1970 confundatum
1261 1933 1295 1962 et

334 1985 399 2024 ubi
414 1984 460 2024 de
475 2000 513 2024 re
529 1986 596 2024 hac
611 1999 727 2024 sermo
753 1987 809 2033 lit,
829 1986 919 2024 sicut
939 1985 999 2024 illa
1017 1986 1132 2032 beata,
1158 1986 1205 2023 ita
1228 1986 1293 2024 ista

334 2046 463 2085 misera
478 2055 513 2085 et
529 2047 750 2094 calamitosa,
764 2056 797 2085 ct
813 2046 961 2098 quidvis
978 2046 1094 2085 simile
1111 2046 1288 2085 audietur.

334 2107 382 2146 Et
399 2108 490 2146 sicut
509 2108 607 2146 illam
629 2122 695 2146 non
714 2107 773 2159 qui
797 2107 921 2146 vident
941 2108 1071 2155 solum,
1095 2107 1158 2146 sed
1180 2108 1292 2159 etqui

334 2169 514 2220 ignorant,
544 2178 578 2207 et
598 2170 697 2207 nullo
716 2169 887 2207 beneficio
907 2170 1039 2215 affecti,
1059 2169 1238 2208 celebrant
1259 2179 1293 2208 et

332 2230 480 2269 laudant
495 2231 559 2269 :ita
577 2241 610 2269 et
628 2231 717 2268 lianc
731 2240 905 2281 quotquot
919 2230 974 2268 vcl
988 2231 1103 2269 sciunt
1119 2232 1174 2269 vel
1191 2232 1292 2283 igno-

327 2301 405 2331 rant
425 2294 555 2345 ipsam,
596 2301 629 2330 et
655 2292 716 2343 qni
738 2292 826 2330 nihil
845 2292 927 2330 mali
948 2292 994 2330 ab
1012 2306 1050 2330 ea
1069 2301 1152 2331 sunt
1171 2294 1264 2346 passi
1282 2323 1292 2342 ,

328 2354 495 2406 affligunt
505 2363 538 2391 et
551 2353 801 2392 criminantur.
813 2355 904 2392 Nam
921 2353 944 2391 ii
961 2354 1022 2405 qui
1039 2363 1131 2392 recte
1141 2354 1288 2400 vivunt,

330 2426 398 2452 non
415 2428 434 2451 a
450 2413 541 2452 notis
558 2413 693 2461 solum,
706 2413 767 2451 scd
783 2422 817 2451 ct
835 2413 881 2451 ab
898 2413 1039 2465 ignotis,
1053 2414 1124 2453 imo
1140 2414 1186 2453 ab
1203 2415 1290 2468 ipsis

328 2474 484 2514 inimicis
516 2475 709 2514 laudantur
739 2483 773 2513 ct
806 2475 1038 2514 admirationi
1072 2486 1157 2515 sunt
1183 2494 1190 2515 :
1225 2478 1288 2529 qui

328 2546 446 2576 autem
459 2539 618 2590 corrupti
636 2546 668 2575 ct
685 2537 854 2590 improbi,
869 2547 901 2576 et
917 2537 962 2576 ab
978 2537 1102 2577 amicis
1122 2538 1289 2591 affligun-

331 2606 404 2639 tur.
427 2599 474 2638 Et
494 2612 578 2637 vero
597 2597 730 2636 divium
759 2598 824 2636 hoc
844 2598 1078 2651 providentia!
1095 2614 1186 2652 opus
1205 2609 1256 2638 est
1277 2630 1287 2647 ,

325 2658 422 2709 quod
445 2669 579 2698 tantam
596 2658 700 2697 nobis
716 2673 796 2697 cum
815 2659 1010 2699 virtutibus
1028 2662 1288 2712 cognationem,

324 2729 359 2759 et
381 2730 514 2760 tantam
534 2721 702 2759 vitiorum
728 2720 1029 2761 abominationem
1057 2722 1187 2761 indidit
1221 2740 1230 2769 ;
1252 2733 1289 2761 ut

326 2785 388 2823 illa
419 2781 565 2834 quidem
593 2781 754 2820 omnium
786 2781 924 2820 calculo
956 2783 1141 2835 probetur,
1175 2784 1281 2823 ctiam

323 2858 464 2891 eorum,
481 2843 543 2895 qui
563 2842 662 2881 illam
684 2857 751 2880 non
771 2842 922 2892 adeunt;
941 2844 1076 2883 malitia
1097 2859 1181 2884 vero
1198 2859 1282 2884 con-

323 2906 512 2945 demnetur
532 2913 566 2942 et
585 2904 631 2942 ab
651 2903 694 2942 iis
713 2905 772 2955 qui
797 2904 894 2943 illam
930 2915 1140 2945 aversantur
1156 2936 1166 2954 ,
1188 2915 1221 2946 et
1239 2907 1285 2945 ab
1300 2886 1334 2952 ²,i

326 2967 369 3005 iis
385 2966 448 3019 qui
479 2966 577 3004 illam
596 2974 858 3004 consectantur.
886 2966 991 3006 Unde
1009 2967 1166 3015 clarum,
1186 2967 1287 3019 quod

326 3028 473 3078 ignavas
489 3027 568 3065 illas
587 3041 656 3065 non
675 3027 747 3065 noti
766 3026 898 3075 solum,
920 3028 982 3067 scd
1001 3038 1035 3066 et
1056 3028 1165 3080 ignoti
1183 3043 1284 3068 aver-

326 3098 478 3138 santur,
501 3098 535 3127 et
555 3090 712 3127 maxime
732 3089 892 3127 omnium
925 3091 948 3129 ii
975 3090 1038 3142 qui
1061 3090 1281 3131 cohabitant.

328 3150 419 3187 Nam
434 3150 497 3187 etsi
511 3163 547 3188 se
557 3149 677 3188 (licant
693 3149 796 3188 valde
810 3149 1033 3203 vosdiligcrc
1049 3161 1082 3191 et
1095 3151 1284 3198 admirari,

325 3210 394 3247 etsi
425 3210 574 3258 gratiam
602 3210 754 3249 babeant
787 3211 937 3264 probae
962 3213 1147 3266 voluptate
1165 3223 1199 3253 et
1218 3228 1284 3267 pro

325 3269 430 3307 ‹lonis
458 3271 596 3314 vestris,
620 3281 775 3310 attamen
803 3272 888 3311 odio
910 3273 1038 3313 iterum
1059 3275 1158 3314 critis
1188 3289 1279 3314 con-

325 3330 482 3369 scientiis
497 3345 638 3376 corum,
660 3332 720 3369 ubi
739 3348 864 3385 parum
885 3335 1109 3388 resipuerint,
1131 3346 1161 3375 ct
1181 3337 1277 3375 intel·

369 3477 381 3490 ·
409 3463 507 3497 Smil.
534 3470 663 3511 τμη-’,ἑ
678 3481 749 3499 ›rm-

787 253 826 282 S.
865 251 1054 283 1021!le
1089 249 1334 282 cntwsosr.
1375 250 1583 283 mentm».
1622 252 1980 285 CONSTANTINOP-

1386 337 1410 381 ἠ
1429 335 1548 384 δεῖνα,
1566 336 1654 390 κόρη
1674 352 1712 376 τε
1735 330 1822 376 οὖσα
1850 337 1911 375 καὶ
1940 337 2001 376 νέα
2035 337 2165 389 κομιδῇ
2194 336 2253 374 καὶ
2276 337 2416 390 σφόδρα

1389 396 1628 449 εὖπρόσιιπτος,
1654 398 1822 445 πολλοὺς,
1849 398 1936 449 εἴγε
1968 398 2113 445 ἤθελεν,
2148 397 2413 438 ἐπισπάσασθαι

1387 459 1562 507 δυναμένη
1584 459 1808 511 προστάτας,
1830 460 1892 496 οὐκ
1916 459 2099 505 ἠθέλησεν,
2115 460 2193 497 ἀλλ’
2215 458 2327 498 εἵλετο
2344 466 2415 498 πᾶν

1384 524 1500 560 ὁτιοῦν
1519 524 1708 572 ὑπομεῖναι
1724 520 1785 559 καὶ
1803 524 1940 567 παθεῖν,
1955 520 1978 567 ἢ
1995 520 2058 566 τὴν
2078 523 2139 559 τοῦ
2160 521 2312 573 Χριστοῦ
2330 537 2418 572 προ·

1385 583 1503 622 δοῦναι
1516 584 1649 635 φιλίαν,
1666 582 1777 621 καὶτὸ
1791 585 1854 629 τῆς
1866 581 2092 634 σωφροσύνης
2107 580 2207 625 ἄνθος
2225 583 2415 634 donicum

1383 644 1557 696 Μακαρία
1577 638 1620 690 εἷ,
1641 644 1701 682 καὶ
1732 644 1801 690 δὶς,
1821 643 1880 680 καὶ
1901 643 1976 694 τρὶς
1996 672 2004 686 .
2025 643 2084 680 καὶ
2105 642 2274 686 πολλάκις
2294 657 2303 667 ·
2324 643 2414 683 ὅσων

1382 706 1622 745 ἀπολαύσεται
1653 707 1793 756 ἀγαθῶν
1809 734 1819 752 ,
1852 697 1920 742 οἷον
1949 703 2083 748 δέξεται
2112 702 2309 755 στέφανον,
2331 704 2412 746 ὅσον

1381 767 1610 820 καρπώσεται
1644 767 1767 816 μισθὸν
1783 792 1795 812 ,
1826 766 1913 817 πρὸς
1940 765 2047 809 αὐτὸς
2084 764 2316 815 ἁμιλλωμένη
2349 765 2412 811 τὰς

1381 828 1593 879 ἀσωμάτους
1614 828 1802 878 δυνάμεις
1824 828 1858 866 Τ
1862 831 1950 866 αῦτα
1982 826 2042 864 καὶ
2073 824 2118 864 τὰ
2149 829 2294 865 τοιαῦτα
2328 827 2410 878 περὶ

1381 892 1490 936 αὖτῆς
1509 890 1638 933 πάντες
1657 890 1794 942 ἐροῦσι,
1814 888 1873 927 καὶ
1894 889 1942 931 εἰς
1962 888 2066 933 ζῆλον
2086 891 2161 930 ταῖς
2187 888 2322 926 ἑαυτῶν
2345 891 2410 927 θυ-

1378 953 1530 1003 γατράσι
1551 950 1776 1001 προθήσουσι·
1797 949 1862 987 κᾶν
1885 948 2040 1000 κοσμίως
2062 948 2204 999 βιοῦσάν
2223 964 2276 993 τις
2293 953 2409 1002 ’προ-

1377 1012 1527 1064 τρέψαι,
1557 1011 1616 1050 καὶ
1649 1010 1903 1063 διεφθαρμένην
1938 1010 2154 1061 σωφρονίσαι
2190 1011 2378 1061 βουληθείη
2395 1040 2408 1059 ,

1377 1073 1422 1112 τὰ
1442 1072 1572 1119 ταύτης
1595 1071 1752 1124 ἐγκώμια
1779 1072 1885 1110 πάλιν
1914 1072 2067 1114 ἅπαντες
2092 1072 2140 1114 εἰς
2161 1070 2267 1122 μέσον
2290 1071 2408 1110 οἴσου-

1375 1150 1452 1173 σιν·
1475 1136 1538 1173 οὖκ
1557 1137 1704 1174 ἐνταῦθα
1737 1133 1774 1172 δὲ
1809 1133 1932 1183 μόνον,
1961 1133 2052 1172 ἀλλὰ
2077 1132 2143 1171 κᾶν
2172 1133 2294 1176 ἁπλῶς
2325 1133 2407 1184 περὶ

1374 1195 1564 1247 παρθενίας
1582 1195 1724 1246 γίνηται
1746 1194 1868 1245 λόγος,
1887 1194 1948 1232 καὶ
1975 1193 2083 1238 οὕτως
2116 1193 2226 1240 αὐτὴν
2253 1194 2406 1237 ἅπαντες

1374 1255 1632 1302 ἐπαινέσονται,
1643 1257 1708 1307 οὐχ
1722 1257 1753 1294 οἳ
1773 1256 1930 1305 κοσμίως
1950 1257 2076 1299 ζῶντες
2096 1254 2214 1306 μόνον,
2234 1254 2325 1294 ἀλλὰ
2343 1256 2404 1293 καὶ

1372 1315 1498 1353 ἐκεῖνοι
1518 1317 1550 1353 οἱ
1570 1314 1833 1359 σπουδάσαντες
1845 1343 1855 1361 ,
1869 1315 1929 1353 καὶ
1948 1315 2065 1354 πάντα
2082 1315 2298 1369 πράξαντες,
2312 1315 2404 1355 ὥστε

1373 1375 1481 1423 αὐτὴν
1514 1374 1530 1396 ¹³
1546 1378 1635 1414 ἑλεῖν
1648 1405 1659 1423 ,
1695 1370 1770 1414 εἶτα
1815 1376 2136 1428 καταφρονηθέντες
2187 1376 2247 1415 καὶ
2291 1379 2404 1429 ὑπερ-

1371 1437 1546 1489 οφθέντες.
1560 1436 1631 1477 Καὶ
1645 1435 1732 1484 αὕτη
1751 1437 1814 1487 μὲν
1826 1437 2014 1484 τοσαύτης,
2030 1437 2090 1476 καὶ
2108 1438 2230 1491 πολλῷ
2243 1437 2403 1482 πλείονος

1371 1501 1435 1546 τῆς
1466 1498 1654 1550 εἰρημένης
1679 1498 1918 1538 ἀπολαύσεται
1942 1498 2059 1546 δόξης·
2075 1501 2099 1545 ἡ
2119 1498 2156 1538 δὲ
2174 1498 2304 1552 ἔχουσα
2322 1498 2403 1543 τοὺς

1373 1563 1618 1603 συνοικοῦντας
1651 1561 1721 1598 τῶν
1755 1559 1919 1599 ἐναντίων
1955 1560 2135 1600 ἁπάντων.
2160 1561 2231 1600 Καὶ
2262 1563 2401 1614 πρῶτον

1373 1621 1450 1672 μὲν,
1469 1622 1552 1660 ὅταν
1576 1623 1818 1672 κατηγορῆται
1843 1622 1941 1673 παρά
1962 1638 2065 1661 τινων
2084 1625 2106 1669 ἡ
2127 1622 2298 1676 παρθενία
2317 1639 2400 1674 μια·

1373 1685 1455 1733 ρῶν,
1474 1682 1596 1730 ἥξουσι
1617 1682 1679 1734 μὲν
1703 1684 1749 1725 εἰς
1774 1684 1917 1733 μνήμην
1938 1683 2134 1736 ἀμφότεραι
2147 1685 2183 1722 ἐν
2197 1689 2268 1728 τοῖς
2285 1685 2402 1724 τοιού·

1371 1759 1442 1787 τοις
1469 1744 1677 1795 συλλόγοις,
1707 1746 1784 1782 ἀλλ’
1814 1748 1835 1791 ἡ
1874 1744 1938 1795 μὲν
1966 1744 2010 1782 τὰ
2051 1748 2121 1784 τῶν
2159 1746 2402 1797 ἀπολογουμέ-

1370 1820 1452 1851 νων,
1464 1806 1486 1850 ἡ
1509 1803 1545 1842 δὲ
1565 1805 1609 1844 τὰ
1625 1807 1694 1843 τῶν
1711 1805 2000 1857 κατηγορούντων
2016 1805 2201 1857 ἀνοίγουσα
2219 1806 2395 1857 στόματα.

1370 1864 1522 1904 Ἔπειτα
1535 1895 1545 1911 ,
1566 1866 1649 1904 ὅταν
1669 1868 1946 1919 σωφρονισθῆναί
1967 1883 2043 1905 τινα
2075 1868 2135 1906 καὶ
2167 1870 2399 1920 ῥυθμισθῆναι

1370 1926 1454 1979 δέῃ,
1476 1926 1564 1975 αὕτη
1597 1927 1660 1978 μὲν
1694 1928 1854 1981 καθάπερ
1887 1929 2072 1981 φάρμακον
2106 1929 2317 1980 ἑπιστύφον,
2337 1930 2397 1968 καὶ

1369 1989 1547 2036 σηπεδόνα
1566 1989 1792 2028 ἀναστέλλειν
1820 1990 2028 2040 δυνάμενον,
2049 1992 2098 2033 εἷς
2125 1990 2231 2042 μέσον
2251 1991 2398 2043 ἄγεται,

1370 2050 1429 2088 καὶ
1448 2051 1488 2090 τὸ
1506 2055 1566 2090 τοῦ
1581 2051 1794 2090 διδασκάλου
1811 2052 1924 2102 στόμα
1950 2058 2091 2101 κοσμεῖ·
2112 2052 2228 2098 ἐκείνη
2249 2051 2285 2090 δὲ
2307 2051 2398 2103 μετὰ

1368 2114 1431 2158 τῆς
1457 2113 1771 2164 καταισΙ-υνθείσης
1789 2112 1936 2159 ἔστηκε.
1963 2113 2027 2150 κᾶν
2060 2111 2109 2163 μὴ
2140 2116 2262 2165 παρῇ,
2285 2114 2395 2152 κολα-

1369 2173 1497 2225 ζομένη
1530 2175 1590 2212 καὶ
1618 2175 1936 2226 καταισχυνομένη.
1951 2174 2100 2226 Ἀνάγκη
2129 2175 2198 2226 γἀρ
2218 2176 2296 2214 καθ’
2315 2176 2397 2214 ἑκά·

1368 2251 1453 2281 στην
1481 2236 1788 2288 διαμαρτάνουσαν
1817 2240 2087 2288 κατηγορεῖσθαι
2106 2236 2235 2284 ταύτην
2255 2236 2315 2275 καὶ
2332 2252 2397 2275 κα·

1367 2297 1620 2350 ταισχύνεσθαι
1638 2298 1758 2336 πάλιν.
1790 2297 1859 2336 Καὶ
1883 2297 2040 2349 ὅπουπερ
2064 2297 2105 2335 ἂν
2124 2297 2204 2349 περὶ
2224 2300 2284 2336 τοῦ
2302 2298 2398 2349 πρά-

1366 2373 1499 2410 γματος
1518 2357 1637 2397 τούτου
1653 2358 1792 2410 γίνηται
1811 2358 1924 2410 λόγος,
1941 2357 2062 2411 ὥσπερ
2081 2358 2196 2406 ἐκείνη
2219 2358 2397 2412 μακαρία.

1366 2420 1475 2464 οὕτως
1496 2420 1600 2459 ἀθλία
1626 2420 1715 2466 αὕτη
1749 2419 1808 2458 καὶ
1837 2419 2064 2473 ταλαίπωρος
2081 2449 2090 2467 ,
2112 2419 2172 2458 καὶ
2203 2419 2322 2459 πάντα
2351 2419 2396 2459 τὰ

1364 2487 1508 2522 τοιαῦτα
1529 2480 1729 2522 ἀκούσεται·
1752 2480 1811 2519 καὶ
1829 2480 1949 2531 ὥσπερ
1967 2481 2103 2528 ἐκείνην
2122 2482 2188 2534 οὐχ
2207 2483 2239 2520 οἱ
2270 2480 2414 2526 εἰδότες.

1365 2544 1488 2594 μόνον,
1507 2543 1597 2582 ἀλλὰ
1618 2543 1678 2581 καὶ
1694 2544 1725 2581 οἱ
1749 2545 1950 2593 ἀγνοοῦντες
1965 2572 1975 2590 ,
1996 2542 2057 2580 καὶ
2078 2543 2190 2593 μηδὲν
2209 2543 2391 2595 εὐεργετη-

1364 2606 1478 2648 θέντες
1503 2605 1623 2657 ᾅδουσι
1642 2604 1702 2642 καὶ
1722 2606 1945 2653 ἀνυμνοῦσιν,
1962 2602 2053 2642 οὕτω
2073 2604 2133 2641 καὶ
2152 2602 2282 2650 ταύτην
2300 2602 2336 2641 οἵ
2355 2618 2393 2642 τε

1363 2667 1502 2710 εἰδότες,
1518 2665 1552 2704 οἵ
1567 2681 1604 2704 τε
1625 2667 1839 2715 ἀγνοοῦντες,
1859 2663 1893 2702 οἵ
1908 2679 1946 2702 τε
1965 2663 2074 2714 μηδὲν
2093 2663 2262 2707 παθόντες
2284 2663 2392 2703 κακὸν

1363 2726 1542 2771 κακίζουσι
1555 2726 1612 2763 καὶ
1625 2725 1884 2764 διαίάλλουσιν.
1894 2727 1940 2763 Oi
1951 2724 2013 2775 μὲν
2025 2724 2092 2776 γὰρ
2103 2726 2211 2777 ὀρθῶς
2225 2728 2393 2776 βιοῦντες,

1363 2787 1401 2825 οὐ
1433 2785 1530 2838 παρὰ
1555 2789 1624 2824 τῶν
1650 2786 1836 2837 γνωρίμων
1863 2786 1989 2836 μόνον,
2012 2786 2103 2825 ἀλλὰ
2123 2786 2183 2824 καὶ
2203 2786 2301 2839 παρὰ
2319 2787 2390 2825 τῶν

1361 2847 1562 2900 ἀγνώστων,
1574 2848 1632 2886 καὶ
1648 2848 1731 2899 παρ’
1754 2847 1865 2884 αὐτῶν
1883 2846 1919 2884 δὲ
1934 2849 2001 2884 τῶν
2017 2849 2150 2899 ἐχθρῶν
2169 2850 2392 2888 ἐπαινοῦνται

1363 2910 1423 2948 καὶ
1442 2908 1696 2959 θαυμάζονται·
1720 2909 1751 2946 οἱ
1775 2908 1810 2946 δὲ
1839 2909 2082 2960 διεφθαρμένοι
2104 2909 2163 2947 καὶ
2186 2910 2310 2961 φαῦλοι
2330 2907 2392 2947 καὶ

1362 2970 1459 3020 παρὰ
1482 2973 1551 3008 τῶν
1581 2969 1690 3021 φίλων
1719 2969 1931 3012 κακίζονται.
1955 2970 2023 3008 Καὶ
2053 2973 2155 3008 τοῦτο
2187 2969 2223 3009 δὶ
2246 2972 2310 3016 τῆς
2329 2973 2390 3009 τοῦ

1361 3035 1454 3070 Θεοῦ
1476 3030 1683 3080 κηδεμονίας
1715 3029 1815 3081 ἱργον
1843 3030 1935 3074 ἐστὶ,
1956 3031 1994 3068 τὸ
2020 3031 2189 3078 τοσαύτην
2221 3031 2302 3084 περὶ
2327 3031 2392 3079 τὴν

1362 3093 1489 3144 ἀρετὴν
1509 3092 1708 3137 οἰκειότητα
1734 3095 1819 3142 ἡμῖν
1847 3093 2016 3137 ἐνθεῖναι,
2046 3092 2217 3138 τοσαύτην
2241 3092 2278 3131 δὲ
2308 3093 2389 3144 περὶ

1360 3155 1425 3200 τὴν
1471 3154 1596 3194 κακίαν
1646 3153 1874 3203 ἀλλοτρίωσιν
1891 3184 1900 3199 ,
1930 3157 1976 3195 ὡς
2011 3154 2126 3202 εκείνη
2159 3152 2222 3205 μὲν
2255 3154 2390 3199 πάντας

1360 3215 1590 3267 1ξαηφίζεσθαι,
1618 3214 1678 3252 καὶ
1706 3213 1783 3256 τοὺς
1809 3215 1857 3262 μὴ
1896 3215 2101 3260 μετιόντας,
2121 3215 2184 3261 τὴν
2204 3215 2237 3254 δὲ
2259 3216 2384 3255 κακίαν

1361 3276 1604 3320 καταδικάζειν
1630 3275 1689 3314 καὶ
1719 3275 1796 3316 τοὺς
1829 3276 2151 3327 ἀποστρεφομένους
2179 3277 2305 3324 αὐτὴν,
2324 3277 2385 3316 καὶ

1361 3339 1435 3380 τοὺς
1465 3337 1663 3379 διώκοντας.
1693 3337 1802 3373 ’Όθεν
1834 3337 1955 3378 istm.
1985 3337 2035 3375 ὅτι
2070 3338 2130 3380 τας
2161 3337 2385 3389 ἦμελημένας

1414 3474 1419 3497 ¹
1456 3470 1541 3504 §mil
1574 3475 1685 3504 «snm-2
1711 3470 1805 3502 male.
