2513 3871
103 670 166 697 N'on
185 680 267 705 :iugc-

83 714 180 739 turum
206 722 269 738 mu-

82 756 138 783 «ln,
163 753 211 779 nul
237 763 270 779 nt*

81 806 184 821 autum·
204 796 271 831 qni-

83 840 150 863 «lu-m
168 843 272 862 unstra-

82 878 272 904 substantiam

83 929 228 946 nunnius.

100 2391 213 2418 lamus„
230 2389 268 2427 'is'

293 252 381 317 5214
725 266 762 296 ς·

289 355 407 391 nuisti
433 366 516 390 eum
534 351 654 403 paulu
679 352 804 388 minus
824 352 873 387 ab
895 348 1059 398 angelis.
1081 349 1240 383 Attamen

287 415 369 452 licet
385 413 530 466 paulum
547 411 593 449 sit
609 410 844 461 discriminis,
858 410 940 462 quia
962 419 1078 448 tamen
1093 404 1240 458 aliquod

289 476 429 513 interest
450 473 662 520 discrimen,
682 472 890 525 angelorum
912 469 1147 509 substantiam
1172 480 1239 505 non

286 544 448 574 accurate
471 534 662 583 novimus,
683 533 835 585 licetque
859 533 989 571 millies
1007 528 1242 584 philosophe-

287 612 386 644 mur,
403 596 558 649 reperire
577 609 645 634 non
663 608 864 647 possumus.

339 660 378 697 4.
400 657 470 698 Sed
486 671 550 695 eur
564 656 610 694 de
630 656 766 708 angelis
786 656 924 708 loquor,
945 668 1027 694 cum
1048 667 1091 692 ne
1114 652 1242 690 animae

287 720 432 771 quidem
448 728 576 757 nostrae
592 718 828 757 substantiam
844 717 934 756 bene
949 728 1152 765 noscamus,
1171 714 1244 752 imo

289 796 373 820 vero
393 780 627 820 nullatcnus?
648 779 757 829 Quod
776 780 805 818 si
835 779 887 818 illi
909 793 945 816 se
972 791 1073 816 nosse
1101 783 1244 814 conten·

288 842 393 892 dant,
411 843 588 894 interroga
608 855 686 892 quoe
713 841 757 879 sit
779 840 906 878 animm
923 837 1136 881 substantia,
1159 849 1244 873 num

289 918 374 950 aer,
400 917 486 942 num
508 902 676 955 spiritus,
693 915 736 939 an
760 911 886 940 ventus
900 931 909 946 ‚
929 914 973 937 an
1004 898 1124 950 ignis?
1143 896 1244 936 Nihil

287 980 410 1005 eorum
431 965 550 1003 dicent
569 979 577 1000 t
601 963 675 1001 haec
693 964 828 1016 quippe
845 961 964 1000 omnia
986 974 1132 1012 corpora
1150 967 1244 1003 sunt,

289 1027 348 1065 illa
368 1041 453 1066 vcro
469 1027 688 1078 incorporea.
710 1024 864 1077 Angelos
886 1038 953 1062 non
972 1030 1163 1066 noverunt,
1183 1034 1245 1058 nec

289 1091 384 1141 ipsas
393 1088 530 1126 animas
540 1101 621 1124 suas
632 1095 795 1133 noscunt,
807 1085 967 1123 omnium
984 1093 1103 1122 autem
1122 1082 1246 1120 Domi-

290 1164 373 1187 num
393 1158 425 1186 ct
445 1150 647 1187 Creatorem
666 1161 704 1185 se
722 1148 874 1198 perfecte
889 1159 989 1184 nosse
1004 1142 1221 1183 contendunt
1236 1159 1244 1180 ε

291 1209 420 1261 ecquid
444 1210 510 1247 bac
531 1208 667 1247 insania
688 1207 876 1246 deterius?
894 1207 971 1244 Cur
988 1215 1106 1244 autem
1135 1205 1218 1242 dico
1232 1235 1242 1253 ‚

287 1287 365 1323 qua:
385 1271 431 1309 sit
450 1271 577 1308 anima*
592 1268 821 1308 substantia?
846 1282 888 1306 ne
902 1266 1047 1319 quidem
1065 1265 1245 1318 quomodo

288 1333 328 1370 ,ii
348 1332 382 1370 in
400 1345 548 1385 corpore
563 1331 743 1383 quispiam
760 1329 879 1368 dicere
892 1337 1020 1382 potest.
1034 1327 1133 1377 Quid
1150 1328 1245 1366 enim

287 1393 456 1432 dicatur?
477 1407 519 1430 an
540 1406 617 1430 cam
639 1392 674 1429 in
695 1400 766 1430 tota
785 1390 944 1443 corporis
962 1389 1054 1428 mole
1073 1388 1246 1427 extendi?

287 1455 356 1494 ὅτι]
377 1456 443 1494 hoc
464 1453 684 1501 absurdum,
705 1452 743 1491 id
763 1453 902 1505 quippe
931 1450 1144 1504 corporibus
1164 1464 1246 1503 pro·

289 1518 404 1569 prium
422 1527 487 1558 est.
503 1516 611 1564 Quod
627 1525 746 1555 autem
759 1515 877 1553 anima
888 1515 939 1553 sic
949 1526 1025 1552 esse
1038 1527 1106 1552 non
1121 1513 1245 1566 possit,

289 1579 369 1617 binc
386 1580 496 1630 liquet
513 1595 520 1615 :
539 1591 632 1631 sa‘pe
649 1577 818 1616 manibus
833 1575 1059 1629 pedibusque
1070 1574 1244 1628 praecisis,

289 1642 420 1692 integra
443 1640 503 1677 iiia
524 1648 656 1686 manet,
676 1651 790 1690 neque
809 1645 972 1675 truncato
992 1649 1141 1688 corpore
1161 1649 1244 1673 mu—

289 1702 348 1739 tila
367 1701 534 1739 efficitur.
564 1702 704 1740 Verum
721 1699 756 1737 in
774 1708 846 1738 toto
862 1711 1010 1751 corpore
1025 1710 1094 1736 non
1107 1705 1172 1743 est,
1186 1695 1247 1735 sed

291 1763 322 1798 in
345 1770 448 1813 parte
464 1760 619 1812 quadam
642 1759 842 1798 continetur
860 1774 867 1799 :
885 1771 970 1810 ergo
987 1757 1121 1808 reliqua
1139 1770 1248 1794 mem-

292 1825 353 1860 bra
374 1832 512 1861 mortua
529 1836 603 1861 esse
618 1835 758 1859 necesse
771 1830 821 1859 cst
836 1818 1052 1870 ;nam·quod
1069 1819 1248 1856 inanima-

291 1895 365 1923 tum
387 1915 396 1933 ‚
419 1894 598 1923 mortuum
619 1891 682 1922 est.
706 1886 747 1920 At
769 1896 833 1920 nec
854 1880 944 1919 illud
963 1879 1170 1929 dicendum,
1187 1878 1249 1918 sed

289 1947 389 1984 iiiam
400 1945 549 1997 quidem
566 1945 600 1983 in
614 1958 764 1997 corpore
780 1957 853 1982 esse
867 1951 987 1981 nostro
1001 1941 1146 1990 scimus,
1161 1955 1249 1992 quo-

292 2007 399 2046 modo
411 2016 527 2044 autem
539 2006 599 2053 sit,
614 2005 832 2057 ignoramus.
845 2007 1035 2057 Propterea
1044 2002 1140 2041 enim
1152 2003 1251 2041 Deus

293 2069 382 2106 banc
405 2067 508 2106 nobis
538 2067 775 2119 cognitionem
803 2066 944 2118 penitus
973 2063 1187 2110 occultavit,
1210 2073 1252 2102 ut

294 2128 395 2166 nobis
414 2144 475 2167 ora
495 2129 680 2176 sroenaret,
699 2127 914 2172 contineret,
935 2134 1042 2176 atque
1061 2125 1094 2162 in
1117 2124 1252 2164 infimis

296 2204 438 2227 manere
458 2188 636 2238 suaderet,
654 2202 786 2239 nequa:
805 2201 912 2240 supra
933 2201 996 2225 nos
1016 2195 1097 2224 sunt
1113 2186 1253 2226 curiose

296 2260 552 2299 scrutaremur,
570 2259 632 2288 aut
652 2249 950 2302 perquireremus.
969 2249 1105 2288 Verum
1120 2262 1164 2286 ne
1178 2248 1253 2286 baec

297 2312 491 2352 ratiociniis
510 2311 638 2351 nostris
652 2310 950 2358 demonstremus,
965 2323 1029 2362 age
1044 2324 1187 2348 rursum
1207 2309 1254 2348 ad

297 2376 518 2427 Scripturam
535 2387 733 2412 sermonem
755 2382 1005 2412 convertamus
1024 2388 1031 2409 :
1049 2373 1140 2411 Non
1160 2375 1255 2425 quia

303 2439 458 2476 Patrem
476 2438 576 2475 vidit
591 2439 796 2488 quisquam
812 2464 822 2482 ,
841 2435 918 2473 nisi
930 2435 998 2486 qui
1013 2449 1061 2472 ex
1082 2435 1164 2472 Deo
1183 2442 1254 2482 est,

300 2500 362 2536 hic
384 2499 483 2537 vitlic
508 2499 680 2536 Patrem.
706 2498 844 2535 Verum
865 2495 954 2547 quid
974 2495 1072 2533 hoc?
1094 2495 1255 2547 inquiett

303 2561 367 2598 boc.
386 2560 522 2598 dictum
545 2558 611 2611 ipsi
631 2572 698 2596 non
720 2557 958 2610 cognitionem
981 2557 1172 2610 perfectam
1193 2558 1259 2596 ad-

303 2621 468 2673 scripsit:
489 2620 548 2658 sed
570 2628 768 2657 creaturam
797 2618 942 2670 quidem
965 2632 1048 2656 enm
1068 2632 1137 2657 non
1158 2633 1259 2658 nosse

302 2682 496 2721 declaravit
515 2681 571 2720 his
590 2681 711 2720 verbis
727 2711 736 2728 ‚
758 2682 847 2719 Non
862 2684 956 2733 quia
975 2681 1135 2719 Palrem
1157 2682 1258 2720 vidit

305 2747 536 2796 quisquam;
557 2742 710 2793 itemque
729 2741 822 2780 dixit
841 2741 975 2779 Filium
997 2741 1114 2794 ipsum
1135 2756 1257 2790 nosse,

307 2806 378 2842 lua-c
392 2805 626 2857 subjungens,
647 2804 732 2841 Nisi
752 2805 820 2855 qui
839 2811 895 2840 est
917 2817 964 2840 ex
984 2803 1083 2849 Deo,
1117 2804 1180 2842 hic
1200 2807 1261 2843 vi-

307 2866 363 2902 dit
382 2867 537 2903 Patrem
554 2882 562 2902 :
579 2863 674 2916 quod
696 2873 812 2902 autem
835 2864 987 2916 perfecte
1007 2863 1108 2902 illum
1123 2879 1259 2917 cogno-

307 2937 393 2973 scat,
407 2935 514 2978 atquc
531 2926 576 2964 it]
595 2935 632 2963 ut
649 2925 722 2977 ipse
736 2925 893 2977 seipsum
910 2925 1024 2973 novit,
1043 2925 1080 2963 id
1100 2927 1260 2964 nondum

306 2987 588 3025 demonstratum
608 2996 672 3025 cst.
690 2986 785 3025 Fieri
807 2999 958 3037 namque
977 2994 1114 3038 potest,
1133 2986 1203 3036 ait,
1224 2996 1262 3025 ut

307 3062 418 3099 neque
438 3057 596 3086 creatura
614 3061 695 3085 cum
716 3046 810 3084 clare
829 3056 1040 3096 cognoscat,
1059 3061 1174 3099 neque
1190 3048 1259 3087 Fi-

310 3110 398 3157 lius,
418 3109 479 3147 sed
499 3109 630 3147 clarius
648 3108 706 3145 bic
725 3122 833 3159 quam
855 3107 935 3154 iila,
955 3117 989 3146 et
1010 3117 1125 3147 tamen
1141 3110 1261 3163 perse-

310 3179 398 3206 ctnm
420 3170 767 3222 comprehensionem
783 3183 852 3206 non
868 3169 1032 3220 attingat.
1049 3171 1139 3208 Nam
1155 3171 1260 3210 ilium

309 3230 455 3279 quidem
473 3231 593 3268 vider(-
618 3240 655 3267 ut
672 3239 721 3267 cst
737 3261 744 3273 ,
762 3239 795 3267 et
816 3244 1028 3281 cognoscere
1042 3245 1078 3270 se
1093 3231 1158 3278 ait,
1181 3247 1261 3285 pcr-

311 3291 396 3327 scete
423 3300 539 3327 autent
570 3305 777 3341 cognoscere
806 3300 909 3342 atquc
936 3301 972 3329 ut
1001 3292 1075 3344 ipsc
1104 3293 1259 3346 scipsum

355 3441 366 3453 ι
393 3435 408 3465 ,ᾖ
428 3435 483 3471 ⁷²³ss
505 3427 595 3458 ‹too-1
615 3429 646 3458 ἰιι
665 3428 816 3469 piurimis
831 3429 1077 3473 manuscriptus.

354 3483 366 3495 ⁹
393 3480 401 3524 ί
424 3478 567 3511 Verbisn
587 3478 682 3511 nobis
699 3479 831 3511 inclusis
848 3488 936 3511 carct
957 3482 1126 3525 Smilius'

802 263 987 297 JoxNNts
1024 258 1267 293 cnm'sos'r.
1310 256 1516 289 ARCUOEP.
1556 247 1918 287 CONSTANTtNOP.'

1315 344 1376 381 οὐκ
1406 341 1550 391 οἴδαμεν
1584 339 1674 390 μετὰ
1704 339 1883 391 ἀκριὸείας
1915 336 2070 388 ἀγγέλων
2102 336 2245 383 οὐσίαν,
2279 337 2343 374 κᾶν

1317 403 1422 456 μυρία
1445 401 1737 454 φιλοσοφήσαιμεν
1754 428 1764 446 ,
1789 402 1900 452 εὑρεῖν
1918 399 1955 437 οὗ
1970 396 2160 447 δυνάμεθα.

1373 650 1442 689 Καὶ
1459 650 1492 688 τί
1524 649 1616 701 λέγω
1647 649 1825 701 ἀγγέλων,
1853 647 1939 686 ὅπου
1970 663 2009 698 γε
2040 646 2118 685 οὐδὲ
2148 647 2254 694 αὖτῆς
2283 647 2346 693 τῆς

1319 710 1493 763 ἡμετέρας
1521 712 1638 763 ψυχῆς
1667 709 1730 756 τὴν
1762 709 1882 749 οὐσίαν
1910 709 2013 760 ἴσμεν
2041 709 2179 755 καλῶς,
2211 709 2345 759 μᾶλλον

1320 773 1356 813 δὲ
1376 773 1452 812 οὐδὲ
1485 775 1662 818 ὁπωσοῦν;
1694 773 1738 811 Εἰ
1761 772 1797 810 δὲ
1818 773 1944 810 ἐκεῖνοι
1972 772 2226 823 φιλονεικοῦσιν
2255 769 2348 809 εἶδέ-

1321 851 1398 883 ναι,
1425 833 1600 887 ἐρώτησον
1620 833 1654 871 τί
1674 848 1757 872 ποτε
1782 831 1857 871 ἔστι
1877 831 1941 879 τὴν
1960 831 2080 871 οὐσίαν
2106 834 2128 877 ἡ
2142 831 2256 884 ψυχή·
2279 824 2348 884 ἆρα

1321 897 1412 950 ἀὴρ,
1434 895 1456 942 ἢ
1477 899 1616 946 πνεῦμα
1631 926 1640 943 ,
1656 895 1679 941 ἢ
1701 893 1905 944 ἄνεμος,“ἢ
1925 898 2015 945 πῦρ;
2034 892 2127 931 Ἀλλ’
2146 892 2241 932 οὐδὲν
2267 892 2348 931 τού-

1320 975 1389 997 των
1419 961 1556 1010 ἐροῦσι·
1578 961 1690 995 ταῦτα
1716 955 1784 1007 γὰρ
1816 956 1933 995 πάντα
1967 955 2140 1006 σώματα,
2163 953 2278 1001 ἐκείνη
2310 953 2346 992 δὲ

1321 1019 1520 1071 ἀσώματος.
1538 1012 1632 1058 Εἶτα
1650 1019 1818 1070 ἀγγέλους
1839 1017 1902 1069 μὲν
1928 1019 1989 1056 οὐκ
2018 1017 2152 1064 ἴσασιν,
2174 1015 2252 1056 οὐδὲ
2283 1014 2349 1058 τὰς

1320 1083 1453 1120 ἑαυτῶν
1484 1080 1618 1133 ψυχὰς,
1647 1079 1705 1118 τὸν
1742 1079 1778 1117 δὲ
1805 1080 1946 1118 πάντων
1976 1078 2160 1124 Δεσπότην
2191 1077 2251 1116 καὶ
2282 1078 2347 1125 δη-

1272 1149 1295 1178 C
1321 1143 1484 1194 μιουργὸν
1514 1143 1642 1180 εἰδέναι
1683 1143 1915 1193 φιλονεικοῦσι
1947 1140 2036 1191 μετὰ
2063 1139 2263 1192 ἀκριὸείας;
2287 1140 2346 1178 καὶ

1321 1203 1355 1241 τί
1373 1203 1502 1249 ταύτης
1521 1202 1647 1254 γένοιτ’
1667 1203 1710 1240 ἂν
1728 1205 1790 1249 τῆς
1811 1202 1928 1244 ἀνοίας
1940 1207 2079 1254 χεῖροη
2102 1201 2172 1240 Καὶ
2189 1201 2224 1239 τί
2237 1201 2348 1253 λέγω,

1321 1264 1355 1302 τί
1375 1264 1440 1311 τὴν
1469 1263 1589 1302 οὐσίαν
1610 1264 1702 1302 ἐστὶν
1721 1267 1743 1310 ἡ
1770 1262 1889 1315 ψυχή;
1919 1262 2047 1306 “Omne
2075 1265 2178 1312 ἡμῶν
2200 1265 2293 1302 ἐστιν
2312 1265 2349 1302 ἐν

1322 1327 1371 1377 τῷ
1398 1324 1564 1376 σώματι,
1589 1324 1667 1364 οὐδὲ
1693 1329 1795 1363 τοῦτο
1825 1325 1918 1362 ἔστιν
1951 1325 2074 1364 εἰπεῖν.
2108 1323 2156 1362 Τί
2175 1324 2242 1376 γὰρ
2272 1324 2348 1378 ἔχοι

1322 1403 1374 1430 τις
1391 1386 1431 1424 ἂν
1469 1388 1609 1434 εἷπεῖν;
1636 1385 1690 1425 ὅτι
1721 1384 1990 1437 παρεκτείνεται
2022 1386 2072 1437 τῷ
2105 1388 2166 1423 τοῦ
2187 1384 2350 1437 σώματος

1321 1449 1440 1502 ὄγκῳ;
1471 1447 1576 1487 Ἀλλὰ
1611 1452 1712 1487 τοῦτο
1750 1448 1900 1498 ἄλογον,
1940 1447 2116 1497 σωμάτων
2157 1446 2226 1499 γὰρ
2262 1447 2350 1487 ἴδιον

1322 1514 1443 1549 τοῦτο·
1463 1510 1518 1549 ὅτι
1550 1509 1585 1549 δὲ
1619 1510 1676 1548 ἐπὶ
1699 1512 1814 1562 ψυχῆς
1846 1511 1907 1547 οὐκ
1935 1507 2009 1548 ἔστι
2040 1511 2143 1548 τοῦτο
2163 1509 2351 1561 [ἐντεῦθεν

1322 1573 1474 1622 δῆλον],
1495 1572 1666 1615 πολλάκις
1695 1571 1756 1610 καὶ
1787 1575 1855 1610 τῶν
1889 1571 2018 1624 χειρῶν
2050 1571 2111 1609 καὶ
2142 1572 2211 1608 τῶν
2233 1572 2351 1610 ποδῶν

1321 1632 1603 1684 ἓκκεκομμένων,
1623 1632 1812 1685 ὁλόκληρος
1828 1633 1943 1680 ἐκείνη
1963 1631 2059 1683 μένει
2075 1663 2082 1679 ,
2112 1631 2210 1670 οὐδὲν
2229 1634 2349 1685 ἀκρω-

1322 1697 1552 1745 τηριασθεῖσα
1571 1693 1641 1732 ἀπὸ
1665 1697 1728 1740 τῆς
1746 1699 1805 1732 τοῦ
1837 1693 2000 1744 σώματος
2034 1692 2237 1746 πηρώσεως.
2255 1693 2349 1732 Ἀλλ’

1323 1757 1384 1794 οὐκ
1415 1754 1508 1793 ἔστιν
1542 1756 1576 1793 ἐν
1608 1755 1679 1807 ὅλῳ
1706 1757 1756 1806 τῷ
1787 1754 1949 1806 σώματι,
1979 1756 2058 1793 ἀλλ’
2088 1755 2124 1792 ἐν
2152 1754 2251 1807 μέρει
2281 1755 2349 1793 τινὶ

1323 1814 1597 1863 ι’συνείλ-ν·,πτιιιι;
1617 1817 1755 1854 Οὐκοῦν
1775 1811 2039 1869 νεκρὰὴἀνάγκη
2062 1815 2105 1854 τὰ
2125 1816 2233 1854 λοιπὰ
2260 1810 2348 1854 εἶναι

1326 1877 1439 1928 μέλη·
1462 1878 1502 1916 τὸ
1539 1878 1608 1930 γὰρ
1641 1878 1774 1930 ἄψυχον
1807 1878 1946 1922 πάντως
1976 1878 2109 1929 νεκρόν.
2144 1878 2237 1916 Ἀλλ’
2272 1877 2348 1917 οὐδὲ

1277 1949 1300 1978 D
1324 1943 1424 1978 τοῦτο
1453 1938 1548 1978 ἔστιν
1566 1941 1696 1985 εἰπεῖν,
1725 1939 1804 1978 ἀλλ’
1824 1939 1877 1978 ὅτι
1907 1940 1971 1990 μὲν
2003 1938 2096 1977 ἔστιν
2131 1941 2165 1978 ἐν
2188 1941 2239 1991 τῷ
2273 1938 2351 1978 σώ-

1327 2016 1412 2051 ματι
1427 2002 1478 2053 τῷ
1500 1999 1664 2053 ἡμετέρῳ
1690 2001 1810 2052 ἴσμεν,
1828 2001 1868 2040 τὸ
1891 2001 1927 2040 δὲ
1943 2003 2018 2044 πῶς
2040 2003 2134 2039 ἐστιν
2155 2003 2218 2040 οὐκ
2238 2001 2351 2052 ἴσμεν.

1327 2062 1395 2100 Διὰ
1409 2062 1477 2116 γὰρ
1497 2067 1599 2102 τοῦτο
1616 2063 1676 2102 καὶ
1695 2062 1758 2110 τὴν
1788 2062 1917 2111 ταύτης
1945 2066 2071 2115 γνῶσιν
2102 2063 2309 2102 ἀπέκλεισεν
2335 2066 2354 2101 ὁ

1327 2124 1417 2167 Θεὸς
1443 2125 1482 2162 ἐκ
1511 2125 1645 2171 πολλῆς
1669 2124 1874 2176 περιουσίας
1904 2124 2140 2175 ἐπιστομίζων
2167 2127 2262 2176 ἡμᾶς
2295 2125 2354 2163 καὶ

1328 2186 1508 2238 κατέχων,
1543 2186 1603 2224 καὶ
1636 2187 1752 2238 μένειν
1783 2185 1880 2225 κάτω
1911 2186 2063 2235 πείθων,
2094 2187 2153 2225 καὶ
2185 2186 2230 2225 τὰ
2268 2187 2357 2239 ὑπὲρ

1328 2251 1423 2299 ἡμᾶς
1467 2248 1516 2298 μὴ
1552 2249 1867 2301 περιεργάζεσθαι,
1901 2247 1990 2299 μηδὲ
2035 2251 2355 2302 πολυπραγμονεῖν-

1330 2311 1422 2348 Ἀλλ’
1442 2309 1498 2348 ἵνα
1519 2310 1569 2361 μὴ
1599 2311 1670 2350 ἀπὸ
1691 2312 1872 2362 λογισμῶν
1890 2310 1935 2349 τὰ
1962 2314 2107 2349 τοιαῦτα
2134 2311 2357 2350 κατασκευά-

1330 2387 1470 2421 σωμεν,
1493 2371 1574 2425 φέρε
1594 2372 1700 2411 πάλιν
1729 2373 1787 2411 ἐπὶ
1806 2371 1871 2419 τὴν
1902 2371 2046 2424 Γραφὴν
2068 2372 2126 2411 τὸν
2145 2372 2246 2424 λόγον
2267 2371 2360 2424 ἀγά-

1331 2449 1461 2484 γωμεν.
1477 2435 1559 2486 Οὐχ
1571 2433 1626 2473 ὅτι
1640 2434 1698 2472 τὸν
1715 2434 1862 2483 Πατέρα
1876 2433 2011 2488 ἑώρακέ
2025 2450 2076 2478 τις
2087 2465 2096 2482 ,
2113 2434 2238 2486 φησιν,
2259 2435 2290 2472 εἰ
2308 2433 2358 2485 μὴ

1333 2497 1350 2533 ὁ
1369 2494 1417 2532 ὧν
1447 2496 1485 2533 ἐκ
1518 2498 1578 2533 τοῦ
1612 2497 1704 2535 Θεοῦ
1719 2525 1728 2542 ,
1745 2489 1842 2539 οὗτος
1869 2494 2004 2548 ἑώρακε
2027 2495 2085 2533 τὸν
2107 2495 2264 2548 Πατέρα.
2289 2494 2359 2534 Καὶ

1333 2555 1367 2594 τί
1391 2559 1509 2603 τοῦτο;
1531 2557 1659 2608 φησίν·
1681 2555 1820 2595 οὐδέπω
1848 2556 1916 2609 γὰρ
1945 2558 2039 2607 αὐτῷ
2067 2558 2195 2608 γνῶσιν
2228 2555 2358 2609 ἀκριὸἧ

1287 2625 1310 2656 F.
1335 2622 1435 2657 τοῦτο
1463 2618 1686 2671 ἐμαρτύρησε
1716 2619 1755 2657 τὸ
1783 2621 1891 2672 ῥῆμα.
1926 2618 2018 2657 Ἀλλ’
2038 2617 2092 2656 ὅτι
2120 2618 2184 2668 μὲν
2216 2618 2319 2658 αὐτὸν
2336 2621 2358 2664 ἡ

1277 3085 1324 3109 wit}

1336 2679 1447 2721 κτίσις
1465 2681 1526 2718 οὐκ
1560 2673 1648 2718 οἶδεν
1669 2680 1843 2727 ἐδήλωσεν
1865 2679 1973 2717 εἰπών
1987 2695 1995 2702 ·
2016 2679 2096 2731 Οὐχ
2115 2680 2169 2719 ὅτι
2198 2680 2256 2719 τὸν
2282 2681 2359 2719 Πα-

1336 2741 1419 2794 τέρα
1438 2757 1490 2784 τις
1506 2740 1655 2793 ἑώρακε·
1680 2741 1739 2779 καὶ
1755 2741 1809 2780 ὅτι
1828 2743 1846 2779 ὁ
1864 2741 1944 2785 Υἱὸς
1960 2741 2062 2780 αὐτὸν
2079 2735 2147 2780 οἶδε
2161 2772 2170 2789 ,
2186 2742 2246 2780 καὶ
2262 2746 2362 2782 τοῦτο

1336 2803 1443 2841 πάλιν
1464 2803 1619 2849 ἐδήλ(ι)σε
1641 2802 1815 2854 προσθείς·
1840 2803 1881 2841 Ei
1904 2803 1953 2853 μὴ
1981 2807 1998 2842 ὁ
2026 2803 2074 2840 ὧν
2094 2806 2131 2842 ἐκ
2159 2807 2219 2842 τοῦ
2246 2806 2363 2852 Θεοῦ,

1337 2859 1434 2907 οὗτος
1466 2863 1600 2915 ἑώρακε
1621 2863 1677 2902 τὸν
1705 2862 1863 2915 Πατέρα·
1887 2865 1940 2902 ὅτι
1973 2863 2091 2914 μέντοι
2121 2865 2276 2916 ἂκριὸὦς
2304 2866 2362 2904 αὗ-

1337 2925 1395 2964 τὸν
1414 2919 1482 2963 οἶδε
1497 2954 1506 2970 ,
1523 2925 1583 2962 καὶ
1601 2924 1710 2967 οὕτως
1731 2928 1777 2969 ὡς
1809 2925 1910 2969 αὐτὸς
1930 2926 2049 2964 ἑαυτὸν
2066 2955 2075 2971 ,
2106 2926 2244 2965 οὐδέπω
2265 2929 2365 2965 τοῦτο

1337 2987 1596 3026 ἀποδέδεικται.
1617 2987 1821 3039 Ἰἰνδέχεται
1837 2986 1905 3039 γὰρ
1919 3018 1928 3034 ,
1943 2989 2049 3037 φησί,
2069 2987 2157 3038 μηδὲ
2176 2987 2239 3035 τὴν
2252 2987 2365 3027 κτίσιν

1338 3049 1440 3088 αὐτὸν
1471 3049 1597 3087 εἰδέναι
1626 3050 1766 3101 σαφῶς,
1789 3048 1877 3098 μήτε
1913 3049 1971 3087 τὸν
2001 3050 2105 3096 Υἱὸν,
2135 3050 2214 3087 ἀλλ’
2234 3048 2367 3096 ἐκείνης

1291 3122 1314 3150 Λ
1339 3111 1402 3162 μὲν
1447 3110 1679 3163 σαφέστερον,
1718 3109 1780 3157 τὴν
1831 3110 1949 3161 μέντοι
1992 3110 2121 3164 ἀκριὸἥ
2170 3110 2367 3162 κατάληψιν

1339 3171 1427 3224 μηδὲ
1447 3177 1568 3210 τοῦτον
1586 3171 1691 3224 ἔχειν.
1711 3170 1798 3209 εΌτι
1819 3171 1881 3221 μὲν
1895 3171 1964 3221 γὰρ
1985 3173 2088 3211 αὐτὸν
2106 3175 2170 3225 ὁρᾶΙ
2189 3174 2275 3224 ὅπερ
2294 3172 2368 3210 ἐστὶ

1337 3234 1396 3273 καὶ
1418 3234 1582 3285 γινώσκει
1607 3226 1722 3280 εἶπεν,
1745 3232 1798 3270 ὅτι
1825 3233 1859 3270 δὲ
1889 3234 2041 3286 duffii-3<
2063 3233 2164 3273 αὐτὸν
2183 3233 2369 3285 γινώσκει,

1338 3295 1396 3334 καὶ
1430 3294 1538 3337 οὕτως
1560 3296 1607 3337 ὡς
1636 3293 1735 3336 αὐτὸς
1768 3294 1907 3340 ἑαυτὸν,
1939 3295 2038 3333 οὔπω
2070 3298 2173 3333 τοῦτο
2198 3294 2369 3341 ἐδήλωσε.

1408 3435 1424 3458 t,
1449 3433 1508 3466 Alii
1528 3439 1719 3469 συνείλεκται.
1739 3433 1842 3468 Ι“ιιιι1υ
1860 3443 1932 3478 post
1951 3436 2095 3481 quinque
2113 3436 2190 3470 Μεε.
2217 3443 2249 3468 et
2265 3434 2369 3469 savit.

1365 3492 1452 3521 >orzi
1471 3493 1598 3530 γίνεσθαι
1615 3495 1707 3531 ‘ulfic'
1726 3493 1758 3522 τὸ
1777 3494 1845 3532 γάρ.
