2513 3871
394 219 488 266 528
740 217 756 263 ἶ

390 316 460 355 sibi
480 314 651 354 adversus
665 328 723 354 eos
738 329 893 368 pugnam
911 325 1032 369 parat,
1048 324 1082 355 ct
1101 316 1148 355 ita
1165 316 1343 355 terribiles

391 376 523 422 reddit,
542 385 580 414 ut
591 376 806 415 inservitute
818 390 860 415 ac
872 386 969 416 metu
985 386 1095 416 totam
1103 377 1214 415 vitam
1222 376 1342 416 ducat.

391 436 684 488 Quaenamigitur
694 436 895 475 belluarum
912 437 1039 476 harum
1056 437 1254 476 alimenta?
1269 438 1342 476 Va·

390 512 444 536 nae
456 497 580 548 gloria!
591 497 739 548 quidem
759 498 908 536 honores
925 509 961 537 et
980 498 1117 545 laudes,
1130 500 1341 550 arrogantia:

391 572 475 597 vero
501 559 655 611 potentia
681 567 714 597 et
740 558 928 611 dignitatis
954 559 1162 611 magnitudo
1179 591 1189 608 ,
1217 561 1341 599 livoris

390 619 543 658 aliorum
571 619 757 659 celebritas
779 650 789 665 ,
811 620 970 658 avaritiae
996 621 1224 673 largientium
1252 622 1341 660 libe-

390 680 515 719 ralitas
528 709 538 728 ,
556 680 711 719 luxuriae
728 681 888 728 deliciae,
906 692 940 721 et
962 683 1126 734 frequens
1150 683 1341 722 mulierum

391 740 611 781 consuetudo
632 757 641 778 :
662 752 695 780 et
714 742 765 781 sic
793 743 893 782 aliud
911 743 958 782 ab
988 744 1060 782 alio
1088 744 1242 782 fovetur.
1279 745 1341 783 Hae

391 815 498 854 porro
515 816 636 841 omnes
648 803 777 842 belluae
791 805 894 843 mein
921 819 1037 843 rerum
1059 805 1216 843 medium
1237 819 1343 844 acce-

389 863 532 902 dentem
559 863 747 913 invadent,
766 866 922 904 animam
955 881 1069 905 meam
1093 866 1341 913 dilaniabunt,

392 933 561 964 terrorem
581 926 774 972 incutient,
784 936 817 966 et
833 927 981 979 gravius
991 927 1078 966 mihi
1093 927 1265 966 adversus
1280 928 1342 966 illa

389 982 526 1022 bellum
546 985 721 1036 parabunt
738 1002 748 1030 ;
770 985 828 1024 bic
841 999 925 1024 vero
945 985 1079 1024 sedenti
1099 985 1341 1037 mibi,niagna

389 1042 553 1082 adhibita
581 1045 768 1094 violentia,
786 1046 849 1085 vix
876 1046 1131 1099 subjicientur-3
1150 1047 1343 1098 subjicien-

389 1112 449 1142 tur
461 1114 576 1143 tamen
592 1119 655 1158 per
670 1107 734 1145 Dei
747 1108 913 1158 gratiam,
924 1108 969 1145 ita
984 1117 1021 1146 ut
1032 1117 1159 1160 praeter
1173 1108 1341 1146 latratum

389 1164 481 1202 nihil
495 1166 576 1218 plus
600 1166 762 1204 babeant.
780 1166 862 1205 ldeo
883 1168 975 1205 banc
997 1168 1254 1206 domunculam
1279 1168 1339 1206 in-

389 1223 480 1270 colo,
499 1223 630 1261 nemini
646 1223 784 1262 aditum
798 1223 858 1271 do,
870 1238 953 1262 cum
970 1226 1109 1263 nemine
1125 1225 1344 1262 consortium

388 1283 678 1335 colloquiumque
704 1284 855 1332 miseco,
875 1285 1080 1336 similesque
1098 1285 1186 1322 alias
1210 1284 1340 1322 crimi-

388 1344 546 1382 nationes
578 1345 782 1383 innumeras
817 1345 967 1384 audiens
1002 1346 1106 1384 facile
1142 1347 1216 1384 sero
1229 1376 1239 1394 ,
1252 1360 1341 1398 quas

387 1404 540 1443 libenter
565 1405 710 1457 quidem
735 1405 973 1458 abstergerem
996 1422 1006 1455 ;
1035 1421 1117 1445 cum
1147 1421 1236 1445 vero
1270 1420 1339 1445 nou
1366 1423 1391 1452 ,ς

386 1466 519 1519 possim
532 1495 542 1514 ,
557 1471 746 1506 excrucior
771 1467 960 1520 dole-oque.
991 1471 1114 1520 Neque
1131 1470 1226 1507 enim
1251 1469 1341 1507 mihi

387 1527 491 1566 facile
505 1536 555 1566 est
570 1528 679 1566 simul
703 1529 893 1568 hominum
915 1531 1170 1570 consuetudine
1188 1532 1240 1570 uti
1260 1561 1270 1578 ‚
1288 1541 1342 1570 at-

387 1602 456 1639 que
474 1588 510 1627 in
530 1590 692 1641 praesenti
709 1591 898 1630 securitate
923 1605 1064 1630 manere
1083 1608 1090 1629 :
1106 1594 1339 1644 quamobrem

388 1659 421 1688 te
437 1664 523 1702 rogo
542 1651 612 1689 mei
633 1651 750 1703 potius
785 1661 880 1690 tanta
915 1653 1100 1706 intercepti
1124 1654 1342 1694 difficultate

388 1711 599 1760 miserearis,
615 1727 721 1764 quam
750 1727 807 1752 me
823 1715 1051 1753 calumnieris
1070 1729 1079 1753 :
1098 1714 1160 1754 sed
1183 1715 1341 1754 nondum

388 1771 426 1810 id
439 1772 503 1810 tibi
519 1772 735 1824 persuadere
750 1775 862 1827 potui.
883 1776 1043 1829 Tempus
1068 1776 1186 1828 itaque
1207 1786 1281 1825 est,
1303 1786 1342 1815 ut

387 1833 485 1883 quod
505 1846 615 1871 unum
632 1834 721 1872 mihi
734 1845 893 1887 superest
913 1850 1094 1884 arcanum,
1109 1838 1145 1876 id
1164 1838 1197 1875 in
1214 1853 1251 1877 re
1266 1847 1342 1877 tan-

389 1893 470 1932 dem
492 1894 801 1947 effundam;quod
828 1897 974 1936 sortasse
990 1899 1113 1937 multis
1133 1899 1344 1938 incredibile

386 1955 578 1994 videatur:
596 1970 709 2007 neque
724 1966 838 1996 tamen
865 1960 900 1996 in
920 1958 1078 1997 medium
1099 1961 1256 2012 proferre
1275 1976 1342 2014 pu—

387 2013 501 2053 debit.
523 2015 675 2054 Etiamsi
690 2019 783 2056 enim
803 2018 900 2069 quod
919 2020 1082 2058 dicturus
1099 2035 1175 2059 sum
1190 2031 1222 2060 ct
1239 2022 1341 2061 malae

389 2078 609 2117 conscientiae
636 2088 670 2117 et
695 2079 964 2120 innumerorum
997 2083 1208 2123 delictorum
1233 2099 1341 2137 argu-

387 2146 547 2175 mentum
566 2138 625 2185 sit,
645 2139 768 2177 cumis
781 2141 843 2191 qui
865 2155 927 2179 nos
941 2142 1169 2194 judicaturus
1183 2154 1233 2183 est
1244 2147 1340 2184 Deus

386 2197 505 2236 omnia
519 2209 680 2237 accurate
694 2202 831 2239 noverit
850 2231 858 2247 ‚
875 2202 963 2253 quid
982 2204 1073 2241 ultra
1091 2205 1194 2242 nobis
1211 2220 1255 2244 ex
1275 2207 1338 2245 bo-

388 2259 525 2297 minum
559 2259 753 2309 ignorantia
780 2262 931 2300 conferri
965 2265 1122 2315 poterit?
1150 2267 1250 2315 Quid
1288 2278 1339 2307 cst

389 2321 500 2370 igitur
519 2321 608 2359 illud
627 2324 824 2361 arcanum?
844 2325 899 2362 Ab
917 2339 957 2363 co
973 2326 1051 2379 ipso
1064 2327 1145 2374 die,
1160 2343 1231 2380 quo
1252 2330 1340 2369 mibi

389 2381 480 2420 hanc
500 2384 737 2436 suspicionem
759 2386 923 2438 injecisti,
943 2402 1036 2440 saspe
1051 2389 1117 2427 suit
1139 2390 1341 2442 periculum

388 2452 425 2481 ut
441 2444 507 2483 boc
528 2446 906 2499 corpusmibipenitus
925 2448 1203 2499 dissolveretur3
1224 2461 1341 2491 tantus

389 2504 495 2543 timor
514 2515 700 2558 tantusque
725 2522 855 2546 moeror
869 2509 1028 2548 animum
1048 2525 1166 2550 mcum
1189 2527 1342 2567 occupa-

388 2566 454 2605 vit.
475 2568 616 2605 Mecum
636 2568 730 2606 enim
762 2579 928 2622 reputans
949 2571 1082 2610 Christi
1110 2588 1245 2625 sponsa?
1262 2576 1340 2626 glo-

390 2626 494 2673 riam,
515 2628 737 2667 sanctitatem
754 2659 763 2678 ,
784 2631 1003 2683 spiritualem
1022 2634 1341 2685 pulchritudinem,

391 2688 629 2739 prudentiam,
644 2699 981 2744 ornatum,mcaque
997 2695 1221 2734 considerans
1237 2697 1343 2746 mala,

392 2763 459 2787 non
491 2751 671 2789 cessabam
705 2752 803 2791 illam
836 2754 985 2803 deflere,
1014 2771 1139 2809 meque
1171 2758 1341 2798 miserum

389 2808 519 2856 dicere,
538 2826 578 2849 ac
598 2813 795 2864 frequenter
814 2829 956 2865 gemens
977 2847 986 2865 ,
1005 2817 1211 2871 baerensque
1227 2850 1238 2869 ,
1256 2820 1339 2859 talia

397 2882 534 2908 mecum
567 2872 738 2923 loquebar
761 2890 768 2915 :
800 2876 889 2921 Quis
904 2878 1045 2916 consilii
1075 2879 1182 2932 liujus
1218 2890 1342 2920 auctor

391 2931 482 2968 suu?
504 2933 588 2983 quid
615 2943 751 2973 tantum
784 2938 943 2989 peccavit
967 2939 1122 2978 Ecclesia
1139 2942 1232 2981 Dei?
1262 2957 1341 2994 qum

392 3001 485 3031 tanta
508 3008 560 3032 res
581 2997 774 3036 Dominum
786 2999 861 3050 ejus
876 3001 1115 3051 exacerbavit,
1131 3013 1168 3041 ut
1181 3005 1343 3044 omnium

391 3051 724 3102 ignominiosissimo
740 3059 827 3098 mibi
849 3061 1058 3109 traderetur,
1078 3073 1111 3102 et
1131 3073 1261 3104 tantam
1278 3080 1340 3118 pa·

392 3121 521 3152 teretur
538 3115 744 3156 infamiam?
760 3121 842 3159 lla-c
859 3123 1058 3173 frequenter
1070 3139 1206 3164 mecum
1225 3128 1343 3166 revol-

392 3186 476 3209 vens
491 3207 499 3218 ,
523 3189 601 3213 cuin
633 3178 854 3227 indignitatis
884 3192 987 3221 taut-'e
1017 3199 1059 3223 nc
1091 3187 1341 3239 cogitationem

398 3234 541 3280 quidem
564 3237 652 3273 serre
668 3252 819 3289 possem,
837 3243 936 3292 quasi
956 3246 1127 3285 attonitus
1149 3255 1182 3286 et
1197 3256 1342 3302 stupore

1365 2897 1390 2927 C

438 3362 447 3371 ¹
475 3356 535 3389 ΛΗ·
555 3363 753 3406 ροςιμίιτιρα.
773 3365 781 3405 [
798 3367 897 3398 l’nulu
916 3377 992 3401 ante
1007 3382 1044 3402 cx
1064 3370 1166 3407 sawt,
1186 3375 1375 3416 ncripnimux
1396 3379 1549 3421 ’,ης-μίμῳ
1566 3384 1624 3413 τοῖς
1643 3381 1706 3416 ὀρθ.
1728 3386 1786 3418 pro
1805 3378 1858 3410 'aab
1875 3383 1933 3413 τοὶς
1950 3372 1991 3416 ὁ]

1355 1386 1402 1412 Ιιδῖ

808 234 846 264 S.
884 234 1070 265 :oannis
1105 233 1346 265 ctttu'sosT.
1390 232 1598 263 aucun-le.
1637 232 1994 266 CONSTANTINOP-

1423 317 1441 352 ὁ
1454 315 1520 366 μὲν
1532 317 1660 363 ἀσθενῆ
1673 317 1794 365 ποιῶν,
1809 317 1995 370 ὑποχείρια
2009 322 2080 359 τοῖς
2092 317 2205 369 ὀρθοῖς
2222 320 2311 359 αὐτὰ
2326 321 2446 370 τίθησι

1422 376 1619 427 λογισμοῖς·
1640 379 1659 416 ὁ
1677 376 1713 415 δὲ
1734 377 1868 429 τρέφων
1884 379 2061 427 ἐπιμελῶς
2080 378 2335 431 χαλεπωτέραν
2350 385 2446 435 αὑτῷ

1421 435 1486 482 τὴν
1518 438 1605 490 πρὸς
1636 438 1722 477 αὐτὰ
1753 439 1941 484 καθίστησι
1971 438 2112 490 μα’χην,
2132 438 2192 476 καὶ
2210 439 2320 483 οὕτως
2349 443 2445 496 αὑτῷ

1421 501 1433 517 '⁵
1447 497 1578 549 φοὸερὰ
1599 499 1852 551 ἀπεργάζεται,
1879 501 1927 542 ὡς
1955 501 1991 537 ἐν
2013 498 2151 553 δουλεία
2170 499 2231 538 καὶ
2251 499 2366 553 δειλία
2384 502 2446 541 τὸν

1421 558 1536 597 πάντα
1566 560 1691 612 χρόνον
1722 563 1829 611 βιοῦν.
1850 560 1914 604 Τίς
1931 555 1990 598 οὖν
2010 563 2079 599 τῶν
2107 561 2237 612 θηρίων
2266 561 2399 601 τούτων
2421 567 2446 612 ἡ

1419 619 1530 672 τροφή
1547 635 1559 666 ;
1583 621 1787 666 Κενοδοξίας
1807 621 1871 672 μὲν
1889 622 1992 672 τιμαὶ
2021 622 2082 660 καὶ
2100 621 2257 669 ἔπαινοι,
2281 624 2448 669 ἀπονοίας

1422 681 1457 718 δὲ
1492 680 1631 724 ἐξουσία
1660 683 1721 720 καὶ
1753 683 1956 727 δυναστείας
1987 682 2150 734 μέγεθος,
2179 682 2371 733 βασκανίας
2408 683 2447 725 δδ

1421 743 1457 779 αἱ
1487 745 1557 779 τῶν
1589 743 1738 790 πλησίον
1773 743 2037 793 εὐδοκιμήσεις,
2072 743 2300 797 φιλαργυρίας
2322 746 2358 783 αἱ
2375 748 2446 785 τῶν

1420 803 1646 856 παρεχόντων
1684 805 1907 856 φιλοτιμίαι,
1947 803 2137 847 ἀκολασίας
2165 804 2280 856 τρυφὴ
2313 805 2374 844 καὶ
2409 808 2447 846 αἱ

1420 869 1575 916 συνεχεῖς
1590 866 1659 902 τῶν
1676 868 1851 915 γυναικῶν
1879 866 2044 911 ἐντεύξεις
2057 895 2068 914 ,
2085 865 2145 904 καὶ
2172 865 2290 917 ἕτερον
2312 865 2446 920 ἐτέρου.

1420 924 1545 963 Πάντα
1574 924 1609 964 δὲ
1632 929 1742 964 ταῦτα
1772 928 1821 970 εἰς
1851 926 1915 977 μὲν
1945 927 1985 966 τὸ
2010 926 2115 977 μέσον
2135 926 2270 965 ἐλθόντι
2289 927 2448 981 σφοδραῖς

1417 986 1631 1033 ἐπιθήσεται,
1652 989 1711 1026 καὶ
1730 988 1901 1040 σπαράξει
1920 1003 1979 1039 μοι
2004 988 2067 1036 τὴν
2084 988 2213 1041 ψυχὴν,
2227 988 2289 1026 καὶ
2307 987 2440 1041 φοόερὰ

1417 1047 1536 1095 ἔσται,
1572 1049 1631 1087 καὶ
1649 1049 1895 1101 χαλεπώτερόν
1916 1065 1976 1100 μοι
1999 1051 2058 1089 τὸν
2087 1049 2173 1102 πρὸς
2206 1052 2318 1088 ταῦτα
2336 1049 2441 1097 ποιή·

1420 1122 1474 1146 σει
1500 1108 1667 1160 πόλεμον.
1700 1110 1874 1150 Ἐνταῦθα
1899 1111 1934 1150 δὲ
1967 1111 2154 1163 καθημένῳ
2185 1110 2274 1161 μετὰ
2305 1112 2440 1157 πολλῆς

1420 1168 1484 1218 μὲν
1502 1170 1562 1207 καὶ
1583 1170 1691 1215 οὕτως
1724 1172 1983 1222 ὑποταγήσεται
2004 1172 2094 1223 βίας,
2119 1172 2382 1223 ὑποταγήσεται
2408 1171 2441 1210 δ’

1420 1223 1478 1266 οὖν
1504 1229 1599 1279 ὅμως
1625 1234 1669 1282 τῇ
1696 1235 1756 1269 τοῦ
1780 1234 1873 1270 Θεοῦ
1894 1233 2035 1284 χάριτι,
2063 1232 2123 1270 καὶ
2139 1234 2202 1279 τῆς
2219 1233 2352 1280 ὑλακῆς
2372 1234 2441 1272 αὖ·

1420 1294 1491 1332 τοῖς
1518 1290 1614 1329 οὐδὲν
1634 1290 1733 1330 ἔσται
1752 1292 1871 1334 πλέον.
1899 1291 1967 1330 Διὰ
1994 1297 2103 1331 ταῦτα
2126 1292 2185 1330 τὸν
2205 1293 2359 1331 οἰκίσκον
2377 1308 2443 1346 φυ-

1420 1350 1538 1389 λάττω
1573 1357 1693 1390 τοῦτον
1725 1352 1785 1390 καὶ
1818 1353 1981 1404 ἀπρόϊτος
2018 1354 2078 1392 καὶ
2106 1351 2339 1400 ἀκοινώνητός
2369 1356 2444 1405 εἰμι

1420 1412 1479 1450 καὶ
1499 1414 1787 1462 ἀσυνουσίαστος,
1807 1415 1866 1453 καὶ
1887 1415 2013 1466 μυρίας
2030 1415 2149 1466 ἑτέρας
2169 1415 2332 1460 τοιαύτας
2347 1416 2443 1467 μίμ-

1419 1476 1496 1526 ψεις
1510 1475 1645 1514 ἀκούειν
1666 1476 1851 1527 ἀνέχομαι,
1869 1477 1980 1523 ἡδέως
1994 1476 2056 1527 μὲν
2071 1476 2112 1514 ἂν
2127 1475 2233 1520 αὐτὰς
2248 1477 2445 1531 ἀποτριψά-

1420 1551 1539 1585 μενος,
1559 1538 1609 1588 τῷ
1636 1536 1671 1576 δὲ
1704 1536 1752 1588 μὴ
1786 1537 1952 1576 δύνασθαι
1980 1537 2191 1588 δακνόμενος
2220 1538 2281 1576 καὶ
2312 1539 2442 1590 ἀλγῶν.

1420 1597 1512 1636 Οὐδὲ
1531 1597 1599 1649 γὰρ
1621 1598 1767 1651 εὔπορόν
1790 1615 1864 1649 μοι,
1887 1598 2095 1649 ὁμιλητικόν
2112 1614 2150 1637 τε
2165 1602 2253 1651 ὁμοῦ
2270 1598 2443 1651 γενέσθαι,

1420 1658 1480 1696 καὶ
1506 1659 1564 1698 ἐπὶ
1590 1663 1653 1706 τῆς
1678 1661 1859 1711 παρούσης
1887 1660 2081 1713 ἀσφαλείας
2113 1660 2242 1711 μένειν.
2266 1662 2323 1699 Δι’
2341 1662 2361 1700 8
2380 1661 2443 1701 καί

1421 1719 1525 1757 αὐτόν
1555 1736 1594 1758 σε
1619 1723 1834 1772 παρακαλῶ,
1860 1722 1920 1760 τὸν
1951 1723 2019 1761 ὑπὸ
2045 1723 2217 1768 τοσαύτης
2240 1722 2442 1773 δυσχερείας

1420 1781 1683 1832 ἀπειλημμένον
1706 1785 1813 1821 ἐλεεῖν
1839 1784 1971 1832 μᾶλλον
1990 1783 2012 1830 ἢ
2042 1782 2242 1821 διαὸάλλειν
2259 1797 2268 1806 ·
2288 1784 2365 1821 ἀλλ’
2384 1785 2443 1822 οὗ·

1422 1842 1516 1881 δέπω
1542 1859 1580 1881 σε
1613 1843 1793 1893 πείθομεν.
1815 1846 1951 1883 Οὐκοῦν
1977 1844 2052 1895 ὥρα
2083 1859 2142 1894 μοι
2165 1844 2305 1889 λοιπὸν,
2330 1843 2349 1882 ὃ
2374 1844 2441 1896 μό·

1421 1920 1477 1943 νον
1508 1898 1602 1957 εἰχον
1632 1906 1850 1958 ἀπόρρητον,
1870 1921 1897 1943 π
1920 1905 1955 1949 ὸς
1981 1904 2018 1943 σὲ
2052 1905 2111 1943 καὶ
2143 1910 2246 1944 τοῦτο
2265 1904 2440 1944 ἐκὸαλεῖν.

1423 1964 1492 2004 Καὶ
1515 1965 1599 2008 ἴσως
1619 1965 1682 2016 μὲν
1710 1966 1857 2004 ἄπιστον
1884 1920 1972 2005 εἷναι
2001 1965 2090 2011 δόξει
2115 1967 2275 2009 πολλοῖς·
2303 1964 2375 2017 ἐγὼ
2403 1966 2440 2005 δδ

1423 2027 1508 2066 αὐτὸ
1527 2026 1602 2065 οὐδὲ
1633 2026 1740 2070 οὕτως
1758 2029 1806 2071 εἰς
1829 2027 1933 2077 μέσον
1965 2029 2115 2078 ἐνεγκεῖν
2146 2027 2439 2080 αἰσχυνθήσομαι.

1422 2090 1465 2127 Εἰ
1483 2088 1552 2141 γὰρ
1575 2088 1632 2126 καὶ
1657 2094 1810 2140 πονηρᾶς
1829 2090 2055 2136 συνειδήσεως
2087 2089 2145 2127 καὶ
2164 2089 2300 2142 μυρίων
2320 2089 2442 2141 ἁμαρ-

1420 2150 1587 2200 ’σημάτων
1623 2150 1766 2202 ἔλεγχος
1795 2151 1834 2188 τὸ
1866 2151 2051 2201 λεγόμενον
2084 2144 2133 2202 ᾖ,
2164 2153 2225 2188 τοῦ
2254 2150 2441 2200 μέλλοντος

1416 2216 1509 2262 ἡμᾶς
1534 2210 1662 2264 κρίνειν
1687 2215 1780 2251 Θεοῦ
1804 2211 1919 2250 πάντα
1940 2211 2070 2255 εἰδότος
2091 2210 2264 2265 ἀκριὸὦς,
2282 2211 2316 2249 τί
2335 2212 2441 2250 πλέον

1416 2276 1501 2324 ἡμῖν
1536 2274 1575 2310 ἐκ
1606 2275 1668 2318 τ’ἧς
1699 2274 1767 2310 τῶν
1794 2271 1985 2324 ἀνθρώπων
2006 2271 2146 2323 ἀγνοίας
2166 2271 2364 2324 ἐγγενίσθαι
2385 2272 2442 2311 δυ-

1415 2335 1560 2382 νήσεται
1574 2349 1584 2381 ;
1598 2334 1646 2372 Τί
1662 2327 1720 2372 οὖν
1739 2336 1812 2372 ἐστι
1830 2335 1870 2372 τὸ
1888 2333 2106 2388 &wippa-tou
2119 2332 2211 2372 Ἀπὸ
2230 2335 2294 2379 τῆς
2305 2332 2442 2386 ἡμέρας

1415 2395 1548 2443 ἐκείνης
1561 2426 1570 2441 ,
1590 2397 1625 2433 ἐν
1644 2389 1811 2446 ἧταύτην
1829 2394 1994 2442 ἐνέΟηκάς
2013 2410 2074 2445 μοι
2086 2394 2150 2441 τὴν
2166 2394 2338 2447 ὑποψίαν,
2356 2396 2441 2434 πολ·

1415 2457 1516 2501 λοίκις
1545 2456 1761 2496 ἐκινδύνευσέ
1784 2473 1843 2507 μοι
1871 2458 2115 2507 παραλυθῆναι
2128 2456 2167 2494 τὸ
2186 2459 2290 2507 σῶμα
2304 2455 2439 2495 τέλεον·

1416 2522 1577 2561 τοσοῦτος
1593 2517 1655 2567 μὲν
1675 2518 1777 2570 φόὸος
1789 2548 1797 2562 ,
1814 2518 1967 2565 τοσαύτη
1988 2517 2023 2557 δὲ
2046 2517 2178 2568 ἀθυμία
2203 2518 2353 2568 κατέσχε
2372 2531 2439 2567 μω

1416 2579 1479 2626 τὴν
1505 2579 1632 2631 ψυχήν.
1655 2581 1731 2624 Τῆς
1759 2578 1826 2630 γὰρ
1850 2579 2002 2629 Χριστοῦ
2029 2578 2166 2629 νύμφης
2183 2577 2246 2623 τὴν
2266 2576 2367 2621 δόξαν
2386 2579 2440 2616 ἰν·

1417 2642 1517 2686 νοῶν,
1535 2640 1596 2686 τὴν
1621 2640 1818 2690 ἁγιωσύνην
1830 2669 1839 2685 ,
1855 2640 1894 2677 τὸ
1914 2639 2039 2681 κάλλος
2058 2639 2097 2676 τὸ
2115 2637 2363 2687 πνευματικὸν,
2374 2637 2440 2684 τὴν

1415 2700 1568 2747 σύνεσιν,
1587 2699 1650 2746 τὴν
1671 2700 1858 2750 εὐκοσμίαν
1873 2729 1881 2742 .
1901 2700 1960 2737 καὶ
1988 2699 2030 2737 τὰ
2050 2700 2201 2748 ἐμαυτοῦ
2219 2697 2441 2748 λογιζόμενος

1415 2760 1530 2807 κακὰ,
1549 2762 1587 2799 οὗ
1603 2760 1828 2812 διελίμπανεν
1849 2761 1982 2806 ἐκείνην
2009 2775 2046 2798 τε
2071 2762 2223 2804 πενθῶν,
2245 2759 2305 2797 καὶ
2331 2761 2441 2810 ἰμαυ·

1413 2822 1472 2861 τὸν
1502 2822 1715 2867 ταλανίζων,
1736 2822 1795 2860 καί
1827 2822 1954 2860 στένων
1989 2823 2141 2872 συνεχῶς
2172 2820 2232 2859 καὶ
2263 2822 2440 2872 διαπορῶν

1413 2883 1499 2936 πρὸς
1517 2882 1665 2934 ἐμαυτὸν
1683 2882 1801 2933 ἔλεγον
1822 2887 1930 2921 ταῦτα
1944 2895 1951 2903 ·
1970 2882 2022 2924 τίς
2052 2877 2120 2933 ἆρα
2147 2885 2259 2919 ταῦτα
2277 2879 2438 2921 συνεὸού·

1414 2947 1513 2984 λευσε
1529 2961 1538 2990 ;
1555 2944 1589 2982 τί
1616 2947 1777 2982 τοσοῦτον
1797 2943 1954 2995 ἥμαρτεν
1972 2947 1993 2989 ἡ
2015 2948 2074 2982 τοῦ
2092 2945 2187 2981 θεοῦ
2207 2940 2433 2990 Ἐκκλησίαὶ

1415 3006 1448 3044 τί
1470 3009 1674 3053 τηλικοῦτον
1696 3005 1875 3057 παρώξυνε
1905 3005 1963 3043 τον
1984 3007 2090 3050 αὑτῆς
2111 3004 2307 3052 Δεσπότην,
2322 3005 2369 3047 ὣς
2389 3006 2441 3057 τῷ

1415 3068 1554 3106 πάντων
1574 3068 1776 3117 ἀτιμοτάτῳ
1797 3068 2037 3118 παραδοθῆναι
2055 3065 2132 3116 ἐμοὶ
2145 3094 2154 3112 ,
2175 3066 2236 3104 καὶ
2262 3064 2437 3113 τοσαύτην

1415 3132 1599 3179 ὑπομεῖναι
1630 3128 1816 3180 &legunt-nu
1846 3130 1971 3166 Ταῦτα
1990 3127 2159 3169 πολλάκις
2181 3127 2257 3164 κατ’
2289 3126 2437 3176 ἰμαυτὸν

1415 3190 1656 3241 λογιζόμενος,
1685 3190 1743 3227 καὶ
1764 3193 1824 3227 τοῦ
1841 3189 1917 3226 λίαν
1939 3188 2068 3226 ἀτόπου
2085 3187 2174 3237 μηδὶ
2201 3185 2266 3232 τὴν
2288 3185 2439 3237 ἐνθύμη-

1416 3267 1469 3289 σιν
1489 3251 1674 3302 δυνάμενος
1701 3253 1849 3301 ἐνεγκεῖν
1862 3280 1871 3296 ,
1901 3251 2021 3300 ὥσπερ
2040 3251 2072 3287 οἱ
2096 3249 2327 3300 παραπλῆγες
2342 3246 2438 3285 διιεί-
