2549 3825
632 272 691 299 AD
727 270 966 300 STAthttJM
1010 271 1035 299 A
1075 272 1268 315 DAEMONlj
1305 275 1540 306 VExATUM.
1581 276 1666 306 Lm.
1706 277 1770 306 111.

2126 264 2213 323 257

178 355 292 398 θέντες
311 355 448 395 ἱκανῶς.
470 353 540 391 Καὶ
565 352 633 402 γὰρ
662 351 864 398 ἀπέκτεινε,
899 352 1026 403 φησὶν,
1056 354 1091 390 ἐν
1121 360 1191 396 τοῖς
1215 361 1240 391 D
1266 355 1381 394 lorum
1406 358 1500 395 caede
1525 358 1705 411 inspecta,
1731 371 1814 396 cum
1842 357 1993 396 necdum
2023 358 2082 397 hic
2112 361 2215 398 dolor

177 415 333 454 πλείοσιν
354 415 485 463 αὐτῶν,
512 413 564 451 ἔτι
587 415 649 459 τῆς
675 411 838 465 βρώσεως
857 411 961 457 οὔσης
981 415 1014 451 ἐν
1038 415 1088 464 τῷ
1108 415 1191 451 στό-

179 492 264 525 ματι
288 476 413 513 αὐτῶν.
432 473 659 525 Θεασάμενος
673 474 709 511 δὲ
736 473 795 511 καὶ
815 473 872 511 τὸν
894 472 1039 510 θάνατον
1061 475 1190 512 ἐκεῖνον

177 537 234 574 τὸν
253 534 373 583 πολὺν,
393 534 490 574 οὔπω
509 537 570 581 τῆς
593 534 742 585 ἀθυμίας
767 536 830 579 τῆς
846 533 902 571 ἐπὶ
921 532 1034 585 τούτῳ
1053 549 1192 572 πεπαυ-

177 596 302 646 μένης,
328 596 434 649 ἑτέρῳ
458 596 564 634 πάλιν
583 595 751 634 ἐῧάλλετο
768 595 906 643 πένθει,
925 593 985 632 καὶ
1003 596 1050 637 εἰς
1068 594 1192 633 τοιαύ-

175 673 237 704 την
269 656 422 708 ἀνοίγκην
457 655 671 702 καθίστατο,
704 657 750 698 ὡς
783 654 861 698 τοὺς
892 654 1095 706 ἀγαπητοὺς
1131 656 1191 694 καὶ

175 717 358 770 φιλτάτους
381 718 521 762 τούτους
543 717 705 761 εὔξασθαι
730 715 814 766 ξένῳ
841 716 909 753 τινὶ
937 717 998 754 καὶ
1029 718 1190 770 παραδό-

174 778 221 830 ξῳ
238 777 375 831 θανάτῳ
396 780 591 817 καταλῦσαι
618 777 676 815 τὸν
696 776 769 828 βίον
789 793 796 800 ·
823 776 930 820 οὕτως
949 779 981 815 οἱ
1001 777 1063 828 μὲν
1083 778 1191 829 πυρὸς

174 838 338 891 ἇφΟέντος
365 838 524 891 ἐξαίφνης
553 838 749 885 ἐκαύθησαν
765 868 775 885 ,
797 838 828 875 οἱ
855 837 890 875 δὲ
914 837 1099 888 γενομένου
1119 838 1190 890 χοί-

173 915 304 950 σματος
329 900 594 947 κατεπόθησαν·
622 899 681 938 καὶ
711 898 788 937 οὔτε
818 898 1045 950 εὖαρίθμητοί
1072 916 1162 943 τινες
1179 931 1188 946 ,

174 959 264 999 ἀλλὰ
302 960 554 999 πεντεκαίδεκα
591 960 759 1013 χιλιάδων
803 960 936 1012 ἀνδρῶν
975 959 1115 1004 πλείους
1158 964 1189 998 οἱ

171 1024 282 1059 ταῦτα
310 1020 479 1065 παθόντες
510 1016 612 1069 ἦσαν.
653 1020 786 1059 Τούτου
822 1019 858 1059 δὲ
889 1020 1087 1071 γενομένου,
1115 1024 1190 1064 πῶς

172 1082 251 1126 τοὺς
277 1082 415 1121 ἐκείνων
443 1088 618 1134 συγγενεῖς
634 1111 644 1130 ,
679 1085 755 1125 πῶς
782 1081 862 1126 τοὺς
891 1082 1009 1133 φίλους
1027 1081 1113 1134 πρὸς
1131 1084 1190 1121 τὸν

173 1142 305 1183 Μωσέα
323 1144 516 1183 διακεῖσθαι
541 1143 630 1187 εἰκὸς
646 1138 708 1191 ἦν;
726 1145 802 1186 πῶς
821 1142 858 1180 δὲ
880 1143 984 1181 αὐτὸν
1010 1143 1070 1181 τὸν
1096 1145 1189 1182 Μω-

171 1207 263 1253 σῆν,
297 1207 431 1256 ὁρῶντα
468 1204 527 1243 καὶ
562 1205 690 1247 παῖδας
725 1202 893 1256 ὀρφανοὺς
927 1203 988 1241 καὶ
1024 1211 1189 1254 γυναῖκας

169 1265 282 1319 χήρας
301 1265 371 1305 ἀπὸ
389 1265 518 1314 ταύτης
536 1265 724 1317 γενομένας
739 1269 801 1312 τῆς
817 1271 997 1318 συμφορᾶς
1010 1296 1020 1313 ,
1041 1266 1101 1304 καὶ
1122 1267 1189 1312 τὴν

172 1327 322 1379 ἀδελφὴν
349 1328 409 1366 καὶ
437 1328 495 1366 τὸν
526 1327 672 1379 ἀδελφὸν
705 1327 1001 1375 τελευτήσαντας,
1023 1327 1082 1365 καὶ
1112 1327 1190 1370 τοὺς

174 1386 267 1431 υἱοὺς
280 1387 358 1433 τοὺς
375 1386 505 1426 ἐκείνου
525 1387 714 1430 καυθέντας
733 1386 821 1440 ὑπὲρ
839 1387 1062 1438 παρανομίας
1081 1389 1190 1436 τινός;

171 1448 316 1487 Τούτων
348 1447 383 1486 δὲ
419 1448 564 1486 ἕκαστον
596 1447 713 1486 ἱκανὸν
750 1447 810 1486 καὶ
842 1448 950 1497 μηδὲν
979 1453 1189 1487 πεπονθυῖαν

172 1510 293 1561 Ολῖψαι
319 1509 435 1562 ψυχὴν
450 1539 460 1556 ,
493 1510 579 1559 μήτι
599 1525 638 1560 γε
659 1509 835 1552 τοσούτοις
852 1508 919 1555 ἤδη
940 1513 1190 1561 κατεργασθεῖ-

171 1585 236 1607 σαν
264 1576 398 1614 κακοῖς.
430 1569 494 1614 Ὡς
518 1569 554 1608 δὲ
585 1570 643 1607 τὸν
671 1571 869 1608 Χαναναῖον
897 1565 1010 1617 εἷλον,
1037 1570 1097 1607 καὶ
1115 1586 1190 1620 μα-

171 1630 257 1682 κρὰν
283 1630 448 1669 ἐκύκλουν
467 1630 567 1675 ὁδὸν,
596 1630 703 1668 πάλιν
731 1630 913 1682 ἐγόγγυζον
939 1633 971 1668 οἱ
1002 1630 1189 1677 Ἰουδαῖοι,

170 1691 231 1728 καὶ
254 1691 361 1730 πάλιν
390 1690 620 1736 ἀπώλλυντο,
648 1690 740 1742 νόσῳ
767 1690 831 1740 μὲν
859 1690 921 1728 οὐκ
949 1689 1001 1727 ἔτι
1032 1690 1192 1742 καθάπερ

172 1750 232 1788 καὶ
263 1754 398 1804 πρῷην,
433 1752 509 1790 οὐδὲ
542 1751 626 1803 πυρὶ
655 1750 716 1790 καὶ
748 1751 909 1803 χάσματι
943 1750 1102 1804 καθάπερ
1132 1751 1192 1789 καὶ

170 1810 337 1864 πρότερον
352 1842 362 1861 ,
384 1812 530 1852 ἷοὸόλων
546 1813 582 1851 δὲ
597 1812 774 1864 δήγμασιν
796 1811 906 1863 ὄφεων
923 1841 933 1859 ,
945 1810 978 1849 οἳ
996 1811 1131 1855 πάντας
1150 1811 1191 1848 ἂν

1204 1852 1252 1877 210

1265 416 1467 466 quievisset,
1483 419 1553 456 alio
1571 433 1694 457 rursus
1711 418 1899 457 invaditur
1911 418 2009 458 luctu
2023 450 2032 468 ‚
2047 429 2215 472 tantaque

1266 478 1467 521 necessitate
1482 479 1690 517 constrictus
1709 488 1773 527 est,
1792 487 1833 516 ut
1851 478 1936 517 istos
1951 480 2047 531 ipsos
2067 489 2139 518 tam
2155 480 2215 518 dj—

1265 535 1372 574 lectos
1391 547 1496 588 atque
1521 540 1756 577 amatissimos
1783 553 1878 577 novo
1907 540 2025 591 aliquo
2049 555 2091 579 ac
2114 555 2217 594 pere-

1264 596 1367 646 grino
1387 600 1511 636 mortis
1531 613 1656 650 genere
1673 599 1786 637 vitam
1807 598 1911 636 finire
1928 609 2139 650 precaretur.
2161 601 2214 639 lta

1264 656 1327 693 alii
1357 657 1500 708 quidem
1533 668 1739 711 erumpente
1772 658 1855 710 igne
1879 668 2022 709 repente
2049 660 2215 699 incendio

1263 717 1587 769 conflagraverunt,
1606 720 1670 758 alii
1683 729 1785 758 terrae
1803 719 1906 758 hiatu
1922 719 2082 771 absorpti
2101 731 2182 759 sunt
2205 738 2213 758 :

1263 792 1378 829 neque
1392 780 1497 831 pauci
1512 780 1649 830 aliquot
1660 811 1670 829 ,
1690 780 1752 819 sed
1766 780 1870 833 plura
1887 794 1995 831 quam
2009 779 2215 830 quindecim

1262 835 1451 874 hominum
1472 837 1584 874 millia
1605 838 1672 876 ista
1698 838 1792 891 passi
1817 846 1910 875 sunt.
1942 838 2018 876 Hoc
2043 848 2186 890 peracto
2204 870 2213 886 ‚

1264 910 1334 946 quo
1350 896 1469 935 animo
1485 897 1632 935 illorum
1648 906 1814 948 cognatos
1831 907 1863 936 et
1877 899 2010 936 amicos
2025 899 2216 938 adversum

1264 959 1401 995 Mosem
1430 958 1539 995 fuisse
1560 958 1760 1010 putandum
1779 967 1829 997 est
1842 959 1860 996 Ξ)
1883 972 1954 1008 quo
1973 958 2058 996 item
2078 961 2217 998 Mosem

1263 1018 1383 1070 ipsum
1399 1032 1480 1056 cum
1500 1027 1657 1056 cerneret
1672 1019 1830 1070 pupillos
1847 1019 1942 1057 filios
1961 1029 1994 1058 et
2014 1033 2144 1059 uxores
2160 1021 2217 1058 vi-

1263 1079 1354 1117 duas
1368 1094 1411 1118 ex
1424 1094 1463 1118 ea
1479 1081 1679 1118 calamitate
1698 1080 1777 1118 fieri
1793 1080 1930 1119 videret
1943 1096 1954 1129 ;
1971 1082 2055 1120 item
2070 1083 2216 1120 fratrem

1264 1155 1370 1179 suum
1386 1155 1427 1179 ac
1445 1154 1603 1179 sororem
1621 1141 1696 1179 vita
1713 1141 1915 1190 excessisse,
1936 1142 2105 1193 illiusque
2123 1143 2216 1182 filios

1264 1202 1568 1254 praevaricationis
1583 1202 1737 1254 alicujus
1757 1216 1862 1240 causa
1877 1202 1971 1253 ignis
1984 1203 2122 1241 ustione
2137 1218 2217 1255 per-

1266 1263 1378 1301 iisse?
1408 1263 1547 1301 Horum
1573 1276 1656 1300 sane
1682 1262 1824 1313 singula
1858 1262 1949 1300 nihil
1973 1263 2081 1301 etiam
2116 1272 2216 1302 antea

1264 1337 1472 1376 perpessum
1497 1323 1658 1360 animum
1685 1323 1826 1361 afficere
1846 1323 1970 1361 dolore
1996 1323 2216 1375 potuissent,

1264 1382 1398 1421 nedum
1413 1392 1465 1422 tot
1475 1384 1552 1435 jam
1566 1383 1670 1420 malis
1688 1383 1899 1421 exercitum.
1919 1384 1969 1422 Ut
1987 1391 2105 1421 autem
2121 1384 2217 1422 Cha-

1265 1457 1385 1482 nanaeo
1407 1453 1572 1496 superato
1591 1443 1738 1495 longum
1758 1444 1823 1481 iter
1841 1443 2029 1483 circumire
2045 1444 2218 1496 cogeban-

1265 1514 1347 1553 tur,
1376 1518 1519 1542 rursum
1544 1518 1814 1542 murmuravere
1842 1504 1974 1553 Judaei,
2003 1518 2218 1556 rursumque

1264 1566 1415 1618 periere,
1427 1579 1495 1603 non
1500 1566 1574 1617 jam
1583 1564 1727 1616 quidem
1739 1565 1874 1602 morbis
1884 1574 1923 1602 ut
1933 1565 2046 1617 prius,
2057 1579 2126 1603 non
2138 1566 2218 1617 igne

1266 1635 1328 1664 aut
1352 1627 1453 1664 hiatu
1482 1634 1607 1676 terrae‚
1638 1625 1702 1664 sed
1727 1635 1980 1665 venenatorum
2001 1627 2218 1679 serpentium

1266 1687 1458 1736 morsibus,
1479 1686 1540 1737 qui
1561 1687 1716 1738 profecto
1734 1700 1855 1724 omnes
1872 1686 2126 1739 perdidissent,
2148 1689 2219 1725 nisi

1268 1761 1390 1786 rursus
1412 1746 1580 1786 accedens
1607 1746 1654 1785 ad
1679 1748 1796 1785 Deum
1820 1748 1938 1785 Moses
1958 1747 2126 1800 precibus
2144 1748 2218 1786 suis

1265 1809 1344 1861 ejus
1369 1808 1554 1846 avertisset
1575 1809 1678 1845 iram.
1698 1807 1821 1844 Postea
1852 1821 1936 1845 vero
1956 1821 2064 1858 quam
2088 1822 2132 1846 ex
2150 1808 2218 1846 hac

172 1871 295 1916 αὐτοὺς
313 1873 499 1913 ἀπώλεσαν
512 1903 522 1921 ,
545 1876 576 1912 εἷ
601 1873 650 1925 μὴ
671 1873 777 1911 πάλιν
796 1874 814 1910 ὁ
835 1874 970 1918 Μωσῆς
989 1872 1189 1924 προσελθὼν
1215 1889 1241 1919 Α
1265 1878 1362 1921 peste
1384 1868 1527 1906 liberati
1547 1876 1630 1905 sunt
1648 1867 1811 1917 vatisque
1832 1867 2102 1920 imprecationes
2123 1869 2220 1907 effu-

171 1933 328 1973 ἱκέτευσε
343 1935 402 1974 τὸν
421 1935 526 1976 Θεόν.
554 1934 702 1982 Ἐπειδὴ
723 1933 760 1973 δὲ
784 1934 845 1972 καὶ
869 1933 994 1980 ταύτης
1019 1934 1190 1980 ἀπηλλά-

172 2011 281 2045 γησαν
312 1999 375 2043 τ’ῆς
403 2000 531 2050 φθορᾶς
557 1997 618 2036 καὶ
646 1995 710 2040 τὰς
742 1995 830 2048 ἀρὰς
848 1999 908 2034 τοῦ
938 1995 1094 2045 μάντεως
1115 1995 1190 2039 ἐξέ-

171 2071 290 2108 φυγον,
317 2058 424 2096 πάλιν
455 2058 599 2102 ἑαυτοὺς
627 2057 770 2112 ἔρριψαν
798 2056 890 2095 κατὰ
921 2058 989 2094 τῶν
1026 2058 1190 2109 χαλεπω-

171 2116 284 2155 τάτων
301 2121 466 2171 κρημνῶν
485 2147 495 2166 ,
525 2119 586 2157 καὶ
618 2118 707 2169 μετὰ
739 2117 803 2160 τὰς
835 2116 992 2168 εὐλογίας
1021 2122 1081 2156 τοῦ
1116 2119 1191 2155 Βα-

172 2176 292 2228 λαὰμ,
328 2180 460 2228 μᾶλλον
490 2179 526 2217 δὲ
559 2183 619 2217 τοῦ
647 2181 739 2218 Θεοῦ
766 2179 824 2227 (οὗ
855 2177 924 2229 γὰρ
959 2179 1022 2223 τῆς
1057 2178 1188 2216 ἐκείνου

171 2238 406 2291 προαιρέσεως
443 2235 485 2287 ἦν
521 2239 566 2278 τὰ
604 2240 773 2292 ῥήματα,
807 2239 898 2276 ἀλλὰ
931 2240 994 2284 τῆς
1029 2238 1190 2284 κινούσης

172 2298 274 2337 αὐτὸν
300 2300 508 2351 δυνάμεως),
536 2300 747 2354 ἐπόρνευσαν
769 2302 818 2342 εἰς
845 2299 907 2342 τὰς
936 2301 1005 2337 τῶν
1035 2299 1189 2351 ἀλλοφύ-

171 2360 240 2396 λων
275 2361 490 2413 θυγατέρας,
522 2362 582 2399 καὶ
617 2362 845 2408 ἐτελέσθησαν
879 2363 930 2412 τῷ
962 2360 1183 2411 Βεελφεγώρ.

171 2419 218 2459 Ὁ
247 2420 282 2460 δὲ
307 2424 440 2468 Μωσῆς
467 2422 531 2469 τὴν
550 2422 723 2469 τοσαύτην
747 2425 836 2473 ὁρῶν
859 2420 1028 2473 αἰσχύνην
1053 2421 1112 2459 καὶ
1131 2422 1188 2460 τὸν

171 2482 332 2532 γέλωτα,
352 2483 458 2522 πάλιν
488 2482 609 2528 αὐτοὺς
639 2484 809 2531 ἀλλήλους
841 2481 1075 2520 κατακόπτειν
1108 2482 1188 2520 ἐκέ-

171 2544 273 2582 λευσε
307 2543 445 2595 λέγων·
481 2544 722 2583 Ἀποκτείνατε
762 2543 908 2587 ἕκαστος
943 2542 1001 2580 τὸν
1040 2543 1188 2589 πλησίον

173 2605 277 2642 αὐτοῦ
298 2605 355 2643 τὸν
375 2605 619 2656 τετελεσμένον
635 2608 684 2658 τῷ
706 2604 934 2657 Βεελφεγώρ·
956 2603 1115 2657 καθάπερ
1131 2605 1190 2642 ἐπί

171 2679 262 2709 τινος
290 2665 489 2718 τραύματος
523 2666 654 2710 πολλὰς
690 2666 752 2717 μὲν
784 2665 952 2707 λαθόντος
985 2663 1096 2715 τομὰς
1127 2662 1187 2702 καὶ

175 2725 334 2776 καύσεις,
353 2725 448 2766 οὐδὲν
473 2727 508 2766 δὲ
535 2728 677 2778 ἄμεινον
704 2725 814 2778 ταύτῃ
842 2726 1076 2770 διατεθέντος,
1100 2730 1114 2745 ¹¹
1135 2740 1191 2763 κε·-

174 2786 267 2827 λεύοι
295 2804 346 2832 τις
377 2790 484 2828 πάλιν
509 2789 646 2840 τέμνειν
666 2788 726 2827 καὶ
747 2788 858 2827 καίειν
886 2789 925 2826 τὸ
954 2786 1187 2839 περιλειφθέν.

175 2847 226 2887 Σὺ
255 2848 292 2889 δὲ
320 2849 449 2894 ταύτας
482 2851 615 2889 ἀκούων
643 2850 705 2893 τὰς
737 2848 941 2893 δυσκολίας,
980 2849 1028 2899 μὴ
1062 2847 1191 2889 ταύτας

177 2908 277 2960 μόνον
296 2910 556 2962 συμὸεῧηκέναι
576 2911 693 2962 νόμιζε
710 2941 720 2959 ,
738 2910 854 2949 καίτοι
882 2910 942 2948 καὶ
966 2911 1036 2947 τῶν
1068 2909 1190 2958 κειμέ-

175 2985 242 3009 νων
260 2973 322 3010 οὗκ
351 2972 470 3023 ὀλίγας
496 2975 690 3025 παρέλιπον
703 3003 713 3020 ,
730 2971 807 3015 τοὺς
825 2971 998 3022 πολέμους
1010 3000 1020 3017 ‚
1041 2969 1103 3012 τὰς
1122 2971 1191 3006 τῶν

176 3034 307 3085 ἐχθρῶν
335 3033 551 3078 ἐναντιώσεις
569 3062 578 3080 ,
612 3034 675 3077 τὰς
708 3033 845 3085 μακρὰς
877 3032 1075 3085 ὁδοιπορίας
1092 3059 1102 3078 ‚
1130 3033 1192 3077 τῆς

177 3093 324 3146 ἀδελφῆς
355 3094 418 3142 τὴν
447 3094 566 3147 ῧὸριν,
599 3094 663 3142 τὴν
693 3094 889 3146 τιμωρίαν,
925 3094 980 3145 ἐφ’
1005 3087 1029 3144 ἦ
1059 3093 1191 3143 μᾶλλον

177 3154 303 3200 ἐκεῖνος
321 3157 339 3193 ὁ
359 3155 554 3208 πραότατος
569 3155 701 3208 ἤλγησε
729 3157 873 3201 Μωσῆς.
897 3155 988 3192 Ἀλλ’
1012 3155 1107 3204 ὅμως
1128 3152 1192 3190 κᾶν

177 3213 314 3254 ἅπαντά
335 3231 385 3259 τις
405 3215 582 3268 συναγάγῃ
596 3215 684 3267 μετὰ
701 3216 892 3268 ἀκριόείας,
908 3215 983 3252 οὐδὲ
1005 3213 1192 3266 μυριοστὸν

180 3273 280 3327 μέρος
304 3274 349 3314 τὰ
375 3276 601 3328 γεγραμμένα
632 3279 701 3314 τῶν
730 3275 969 3327 γεγενημένων
1003 3275 1109 3313 ἐστίν.
1150 3275 1192 3312 Et

227 3424 239 3438 ⁵
263 3413 358 3450 (toth.
377 3419 500 3459 κελεύοι,
517 3416 617 3449 Snvil.
637 3425 667 3449 et
692 3415 807 3449 Morvl.
828 3418 949 3455 νιλιύιι,
968 3414 1068 3448 sau-il.
1087 3413 1129 3446 nd
1156 3424 1260 3454 mur-g.
1279 3414 1391 3452 αλιος.
1414 3406 1422 3451 [
1444 3408 1548 3439 Anu-n
1572 3402 1673 3436 Suu!-
1696 3419 1828 3445 stum·-
1847 3409 1892 3437 u}
1914 3409 2073 3446 Osa-¹²4³·
2097 3437 2103 3444 Α

394 3492 489 3517 ΤΟΜ.
525 3493 552 3515 Ι.

1265 1937 1404 1982 gerunt,
1425 1942 1570 1967 rursum
1586 1928 1720 1981 seipsos
1743 1941 1806 1977 per
1824 1927 2018 1966 durissima
2038 1939 2218 1982 praerupta

1261 1993 1432 2044 jecerunt,
1451 1999 1559 2041 atque
1576 1998 1655 2042 post
1671 1988 1937 2028 benedictiones
1957 1989 2101 2028 Balaam
2115 2019 2126 2039 ,
2144 1991 2218 2030 imo

1265 2066 1349 2091 vero
1368 2051 1435 2090 Dei
1452 2054 1582 2101 (neque
1597 2049 1692 2088 enim
1712 2049 1811 2088 illius
1831 2050 2028 2089 voluntatis
2047 2065 2087 2090 ea
2106 2052 2218 2090 verba

1264 2114 1380 2161 fuere,
1402 2112 1465 2151 sed
1483 2111 1659 2151 moventis
1676 2124 1713 2149 se
1730 2110 1848 2148 divini
1867 2111 2033 2160 afflatus)
2051 2112 2218 2150 fornicati

1264 2183 1347 2213 sunt
1363 2187 1446 2212 cum
1464 2172 1744 2223 alienigenarum
1763 2171 1921 2218 filiabus,
1942 2181 1976 2210 et
1990 2173 2120 2211 initiati
2134 2183 2218 2211 sunt

1263 2234 1497 2287 Beelphegor.
1519 2236 1564 2271 At
1581 2233 1701 2271 Moses
1718 2231 1926 2284 hujusmodi
1949 2233 2064 2271 scelus
2083 2234 2213 2271 confu—

1262 2296 1468 2346 sionemque
1494 2307 1564 2332 non
1588 2293 1724 2340 ferens,
1755 2306 1815 2331 eos
1847 2307 1971 2331 rursus
2000 2307 2036 2332 se
2061 2294 2214 2333 invicem

1263 2356 1447 2395 concidere
1463 2369 1503 2392 ac
1522 2368 1646 2392 necare
1658 2354 1777 2406 jussit,
1791 2355 2019 2406 Inter-licite,
2038 2356 2213 2406 inquiens,
2230 2379 2321 2409 ΝΜγ
2344 2382 2378 2410 23

1262 2419 1526 2469 unusquisque
1540 2417 1758 2466 proximum
1783 2428 1917 2461 suum,
1943 2418 2011 2466 qui
2039 2418 2214 2455 initiatus
2232 2423 2259 2450 3.

1263 2487 1318 2517 est
1340 2477 1579 2528 Beelphegor
1597 2490 1610 2514 .·
1634 2488 1702 2512 non
1729 2487 1829 2511 secus
1851 2488 1960 2524 quam
1986 2475 2022 2512 in
2042 2476 2211 2520 vulnere.

1262 2537 1359 2590 quod
1374 2536 1540 2590 plurimis
1562 2533 1779 2572 sectionibus
1803 2535 2076 2585 ustionibusquc
2099 2550 2214 2574 suste

1264 2599 1335 2653 ptis
1354 2597 1445 2636 nihil
1462 2596 1588 2634 melius
1602 2594 1785 2640 habuerit,
1803 2594 2068 2646 aliquisjubeat
2090 2610 2214 2634 rursus

1264 2659 1362 2712 qnod
1381 2658 1558 2709 reliquum
1577 2664 1627 2693 est
1643 2668 1760 2692 secare
1777 2663 1883 2705 atque
1903 2669 2015 2693 urere.
2037 2657 2213 2695 Caetcruui

1265 2730 1319 2768 tn,
1336 2734 1417 2758 cum
1435 2718 1498 2755 has
1514 2716 1744 2755 difficultates
1765 2715 1869 2752 andis
1882 2744 1891 2761 ‚
1912 2715 1983 2752 noli
2003 2724 2131 2767 putare
2149 2718 2212 2755 ista

1265 2791 1403 2820 tantum
1424 2778 1634 2828 contigisse,
1653 2775 1829 2826 siquidem
1849 2784 1882 2812 et
1903 2776 1979 2827 ipsc
1996 2789 2042 2814 ex
2064 2776 2120 2814 his
2136 2792 2214 2828 qum

1264 2844 1394 2895 scripta
1415 2849 1494 2878 sunt
1510 2852 1577 2876 non
1593 2851 1702 2890 pauca
1721 2845 1905 2888 przrtcreo,
1920 2845 2005 2889 puta
2023 2836 2132 2885 bella,
2147 2839 2212 2876 ini-

1266 2905 1439 2942 micorum
1459 2899 1638 2938 obstacula·
1656 2927 1665 2942 ,
1689 2896 1891 2946 longissima
1914 2896 2040 2935 itinera
2053 2929 2063 2945 ,
2083 2900 2214 2936 ,sororis

1265 2963 1528 3004 contumelizun,
1542 2958 1699 3012 ejusdcm
1716 2970 1848 3009 lul-nas,
1859 2956 1992 3007 quibus
2003 2958 2214 2996 mitissimus

1266 3028 1326 3066 illc
1346 3028 1462 3064 Moses
1481 3034 1562 3060 tunc
1581 3020 1735 3058 maxinn·
1755 3017 1922 3056 indoluit.
1946 3018 2016 3056 Sed
2035 3033 2074 3056 ea
2096 3029 2212 3056 tamen

1266 3087 1387 3126 omnia
1407 3085 1436 3123 si
1458 3084 1537 3135 quis
1554 3079 1828 3129 diligentissimo
1844 3080 1880 3116 in
1898 3092 2009 3117 unum
2030 3090 2210 3130 congerat,

1267 3164 1309 3186 ne
1324 3144 1549 3185 inillcsiunun
1563 3141 1709 3192 quidem
1729 3148 1862 3192 purtem
1883 3154 1926 3177 ex
1948 3140 1991 3178 iis
2006 3154 2085 3191 qua:
2101 3142 2215 3178 muti—

1268 3218 1393 3260 gcrunt
1410 3206 1578 3257 scripturn
1595 3202 1701 3239 fnisse
1717 3211 1828 3253 putet.
1845 3201 1883 3238 si
1903 3201 1997 3239 enim
2013 3202 2073 3252 qui
2095 3202 2130 3239 in
2146 3216 2213 3239 una

1266 3271 1374 3309 domo
1398 3267 1520 3321 punicis
1539 3272 1663 3316 pravest
1684 3263 1796 3301 servis
1809 3292 1818 3309 ,
1837 3262 2040 3302 innumeras
2055 3264 2217 3314 quotidie

2097 3405 2104 3426 1

2009 3468 2054 3502 17
