2513 3871
118 2434 126 2451 ι
157 2425 256 2453 I'hen.
270 2423 300 2452 5.

117 2477 143 2493 2.

116 2610 210 2638 Iz‘mlr.
225 2607 252 2638 5.
268 2608 297 2639 8.

334 185 420 229 130

326 283 387 334 qui
411 281 472 319 illa
493 279 645 318 inaniter
671 290 713 315 ac
730 285 861 313 temere
887 271 1078 325 impendit,
1099 285 1144 310 an
1158 272 1220 323 qui
1244 271 1282 311 id

325 342 571 381 convenienter
591 338 695 389 agit?
712 336 775 388 qui
795 334 946 373 seminat
962 334 998 372 in
1019 342 1134 382 terra,
1157 347 1201 371 an
1219 333 1281 385 qui

326 404 360 442 in
381 402 466 441 caelo
482 401 500 439 ‚⁹
517 399 575 438 cui
595 412 658 436 sua
673 396 792 436 omnia
811 395 943 448 quibus
958 394 1114 433 voluerit
1136 407 1283 447 erogare

324 478 393 503 non
423 461 657 516 permittitur,
680 473 725 498 an
754 458 814 510 qui
841 458 888 496 ab
908 456 1077 496 omnibns
1103 455 1281 508 ejusmodi

322 523 509 576 vectigalia
541 520 770 573 exigentibus
800 519 893 558 liber
928 516 1073 556 evasit?
1105 516 1281 569 Agricolae

322 598 474 636 namque
506 593 540 622 et
572 581 778 635 negotiatori
810 580 914 619 multi
931 578 1088 630 undique
1103 587 1185 617 sunt
1212 579 1280 618 tri-

321 645 405 683 buta
420 644 621 698 persolvere
640 651 816 694 cogenteS‚
827 651 860 680 et
875 655 975 679 snam
988 640 1123 691 quique
1143 648 1280 692 partem
1302 651 1326 682 c

321 715 535 759 repetentes:
558 705 589 743 ei
607 718 692 742 vero
705 703 768 755 qui
785 701 904 753 egenis
922 715 984 740 sua
1004 714 1151 753 erogare
1166 701 1279 753 cupit,

322 782 425 807 nemo
445 767 528 806 talia
551 765 804 810 comminatur,
825 764 872 801 ita
899 772 938 801 ut
968 761 1029 800 hic
1062 762 1183 814 potius
1199 776 1279 800 suo-

321 843 401 868 rum
419 828 587 867 dominus
608 827 665 865 sit.
689 829 740 864 An
762 839 844 863 vero
870 838 965 871 eum,
989 823 1052 874 qui
1083 823 1276 861 meretrici-

321 888 400 934 bus,
416 885 545 932 ventri,
561 885 739 937 parasitis,
755 882 1004 922 adulatoribus
1021 882 1097 920 baec
1109 881 1278 930 effundit,

321 948 474 999 gloriam
502 961 603 985 suam
638 945 674 984 in
705 944 938 996 ignominiam
957 944 1089 992 vertit,
1125 943 1277 982 salutem

320 1010 466 1056 amittit,
487 1022 592 1060 seque
616 1005 852 1046 deridendum
881 1005 1070 1059 propinat,
1087 1004 1275 1044 dominum

320 1071 421 1110 dicas
435 1084 558 1109 eorum
581 1083 662 1121 qua:
683 1069 734 1106 sic
755 1066 952 1120 impendit;
970 1066 1000 1105 si
1017 1075 1137 1105 autem
1155 1065 1200 1104 ad
1217 1081 1275 1105 ve·

321 1148 395 1171 ram
410 1133 561 1184 gloriam
581 1131 864 1181 utilitatemque,
887 1130 1083 1168 secundum
1103 1129 1169 1167 Dei
1198 1128 1276 1182 pla-

320 1196 444 1240 citum,
463 1207 545 1231 cum
572 1192 685 1231 multa
704 1190 894 1243 prudentia
914 1190 973 1229 illa
992 1189 1186 1242 expendat,
1207 1204 1276 1227 non

321 1255 403 1293 item
426 1254 552 1292 dicas?
570 1256 695 1291 Annon
713 1251 807 1289 idem
838 1251 945 1298 sacis,
963 1264 1004 1288 ac
1023 1250 1052 1287 si
1070 1250 1277 1301 quempiam

319 1316 535 1368 perspiciens
553 1315 588 1352 in
608 1311 841 1364 aquaeductus
859 1320 893 1350 et
916 1311 1056 1349 canales
1083 1325 1146 1349 sua
1165 1311 1278 1348 essun-

317 1377 414 1425 dere‚
429 1390 552 1415 eorum
573 1374 760 1413 dominum
784 1385 859 1410 esse
875 1371 997 1420 dicas;
1016 1372 1070 1410 sin
1100 1385 1183 1409 vero
1210 1385 1277 1409 ne-

317 1438 478 1476 cessariis
498 1437 622 1475 usibus
655 1433 861 1486 impendere
876 1463 886 1482 ,
917 1447 999 1472 eum
1019 1432 1120 1485 quasi
1141 1447 1277 1485 expen-

316 1514 436 1538 sarum
463 1498 664 1538 dominium
693 1510 763 1535 non
795 1495 985 1534 habentem
1018 1494 1172 1547 lugeas?
1200 1495 1277 1534 Imo

317 1575 400 1599 vero
420 1574 488 1599 non
506 1560 551 1599 iis
568 1559 631 1610 qui
658 1567 790 1596 temere
811 1555 1103 1605 absumunt,sed
1120 1556 1164 1594 iis
1179 1586 1190 1603 ,
1215 1555 1276 1607 qui

318 1623 352 1661 in
374 1623 499 1675 capitis
520 1622 572 1661 sui
594 1619 788 1673 perniciem
815 1617 852 1657 id
869 1618 1027 1664 faciunt,
1048 1618 1106 1656 isti
1126 1632 1276 1670 compa-

317 1684 418 1722 randi
435 1693 528 1724 sunt.
548 1683 623 1721 lllae
636 1694 789 1732 namque
803 1694 968 1733 expensae
983 1679 1276 1733 clariorem,opu·

317 1745 522 1793 lentiorem,
541 1753 575 1782 et
610 1742 778 1781 tutiorem
813 1741 948 1779 faciunt
976 1740 1188 1789 hominem3
1223 1741 1277 1778 hce

316 1820 401 1845 vero
418 1820 486 1844 non
509 1814 650 1857 turpem
670 1802 777 1842 modo
791 1832 802 1852 ,
833 1811 867 1841 et
886 1801 1081 1855 opprobrio
1097 1801 1249 1854 dignum
1264 1832 1275 1850 ,

315 1868 376 1906 sed
394 1866 615 1906 damnationi
635 1878 781 1918 prorsus
799 1863 1012 1903 obnoxium.

368 1929 430 1966 17.
452 1926 550 1976 Quid
576 1939 660 1978 ergo
675 1954 685 1974 ,
708 1924 871 1975 inquies,
892 1937 1007 1961 annon
1039 1932 1121 1976 post
1149 1923 1273 1961 matri-

314 1989 473 2028 monium
493 2002 534 2026 ac
552 1996 732 2039 susceptos
753 1985 883 2024 liberos
903 1985 1021 2022 licebit
1045 1985 1134 2023 hanc
1150 1985 1274 2037 philo-

313 2049 475 2103 sophiam
497 2049 531 2087 in
563 2056 740 2087 senectute
768 2045 960 2099 amplecti?
982 2049 1026 2083 At
1057 2045 1137 2096 quis
1169 2047 1272 2087 nobis

313 2110 538 2163 polliceatur,
555 2109 672 2162 primo
689 2106 833 2159 quidem
857 2121 919 2144 nos
934 2105 980 2144 ad
1001 2115 1199 2146 extremam
1217 2123 1270 2147 se-

314 2181 488 2210 nectutem
507 2179 737 2223 perventuros
753 2183 763 2215 ;
783 2167 959 2217 secundo,
982 2166 1012 2205 si
1029 2167 1077 2206 ad
1093 2182 1171 2207 eam
1190 2183 1271 2222 per-

314 2233 512 2277 veniamus,
530 2230 689 2269 eamdem
720 2243 866 2283 prorsus
886 2237 1038 2267 mentem
1069 2240 1271 2271 servaturos

312 2294 414 2331 esse?
443 2294 565 2343 Neque
594 2292 687 2329 enim
715 2289 905 2343 praestituti
929 2290 964 2328 iu
998 2290 1073 2328 vita
1100 2293 1270 2345 temporis

313 2353 450 2392 domini
476 2367 620 2392 snmus:
649 2352 756 2403 idque
777 2350 900 2389 docuit
932 2366 996 2390 nos
1029 2352 1161 2391 Paulus
1187 2368 1268 2392 cum

314 2414 428 2453 dixit.-
454 2416 547 2453 Dies
567 2415 752 2460 Domini,
781 2418 880 2452 sicut
899 2414 968 2464 sur
994 2415 1037 2450 in
1063 2418 1270 2463 nocte,ita

317 2478 438 2514 ueniet
455 2491 466 2511 .·
484 2490 595 2527 neque
611 2489 734 2512 rursus
754 2475 788 2512 in
807 2474 929 2512 eadem
949 2488 1090 2527 semper
1107 2476 1271 2515 alacrita-

315 2547 349 2575 te
362 2537 533 2590 propositi
548 2536 779 2588 cogitationes
793 2544 919 2574 nostrae
934 2539 1270 2588 perseverant.Qua·

315 2609 458 2651 propter
470 2598 609 2650 sapiens
635 2596 781 2648 quidam
799 2597 964 2635 admonet
984 2596 1039 2635 his
1057 2597 1191 2636 verbis:
1211 2600 1272 2637 Ne
1284 2638 1330 2663 ¹07

317 2661 445 2698 tardes
459 2661 629 2698 converti
644 2660 698 2697 ad
726 2660 951 2704 Dominum,
971 2667 1007 2697 et
1028 2673 1075 2696 ne
1101 2660 1269 2711 disseras
1297 2677 1319 2705 A

316 2721 364 2758 de
383 2722 443 2758 dic
460 2723 502 2758 in
520 2722 637 2768 diem,
651 2734 694 2758 ne
713 2720 815 2766 sorte,
834 2718 922 2757 dnm
945 2728 982 2757 tu
1004 2734 1139 2758 moram
1159 2722 1272 2760 trabis

317 2782 521 2827 conteraris,
533 2791 566 2819 et
582 2781 616 2819 in
634 2790 791 2833 tempore
808 2780 954 2820 ultionis
972 2795 1104 2834 pereas.
1122 2782 1269 2821 Etiamsi

319 2856 404 2880 vero
423 2856 546 2880 eorum
574 2842 664 2880 nibil
691 2851 781 2881 esset
809 2841 1008 2891 incertum,
1035 2857 1078 2881 ne
1102 2843 1153 2882 sic
1187 2845 1274 2896 qui-

317 2905 398 2941 ‹lem
429 2904 557 2942 liberos
584 2913 720 2942 nostros
745 2903 875 2942 morari
910 2904 1140 2953 deberemus,
1159 2920 1273 2958 neque

319 2974 454 3003 tantum
480 2965 730 3003 detrimentum
764 2965 958 3017 negligere.
980 2967 1071 3005 Nam
1103 2976 1270 3006 extrema:

317 3024 502 3062 dementiae
521 3034 631 3071 esset,
646 3025 815 3077 juvenem
829 3025 968 3064 auxilio
985 3035 1146 3076 egentem
1163 3056 1173 3075 ,
1198 3027 1269 3066 ad-

318 3086 473 3124 versario
494 3086 716 3124 vehementer
750 3086 926 3135 instante,
953 3086 1082 3139 jubere
1121 3089 1271 3127 saecula·

362 3219 378 3242 Ι·
404 3216 464 3249 Ali}
482 3221 667 3259 πολλαχόθεν
683 3224 902 3255 ἐπιστήσονται.

361 3280 372 3293 ‘
399 3270 472 3301 Duo
490 3269 566 3300 Mu.
586 3283 653 3306 *tot-.-
670 3273 742 3306 ’.ιᾶοὐς
758 3274 976 3313 franconem.

359 3322 372 3340 ⁴
400 3321 472 3353 nuo
485 3320 564 3351 Mn.
582 3327 614 3350 et
632 3318 732 3352 smil.
753 3323 919 3354 ἐπαιὸιυσιν
935 3327 950 3356 ὸ
968 3329 1089 3362 Χριστὸς
1112 3329 1213 3363 λέγων.
1234 3325 1325 3357 Infra

317 3372 409 3404 luc-us
437 3371 658 3403 Eccluimmi
692 3369 787 3402 aliter
807 3372 892 3412 jacet
919 3372 951 3404 in
978 3373 1083 3405 Falinis
1101 3376 1189 3408 Lxx
1217 3376 1325 3409 Inter.

756 196 796 223 S.
831 192 1016 223 JOANMS
1051 190 1292 220 cnut'SOST.
1334 189 1540 219 Ancmm‘.
1578 190 1938 223 CONSTtNTtNOP.

1351 272 1482 311 λίσκων
1501 272 1562 310 καὶ
1585 275 1661 324 εἰκῇ
1673 303 1685 322 ,
1705 273 1728 320 ἢ
1747 277 1766 313 6
1792 274 1938 319 δεόντως
1962 277 2066 314 τοῦτο
2082 276 2216 322 mian
2233 276 2253 312 6
2276 271 2378 312 σπεί·

1353 349 1422 384 ρων
1441 333 1507 380 τὴν
1531 336 1621 384 γῆν,
1637 333 1660 380 ἢ
1688 337 1707 373 6
1738 338 1840 374 τοῦτο
1868 334 2097 388 ἐργαζόμενος
2125 337 2161 374 ἕν
2183 335 2339 387 οὖρανῷ;
2357 335 2378 372 6

1351 394 1401 444 μὴ
1432 394 1549 433 πάντα
1568 395 1855 448 συγχωρούμενος
1874 396 1919 435 τὰ
1938 399 2063 435 ἑαυτοῦ
2085 395 2237 443 διδόναι,
2263 388 2313 438 οἷς
2334 394 2377 432 ἃν

1350 456 1482 504 ἐθέλοι,
1498 455 1520 502 ἢ
1539 459 1557 495 6
1580 458 1720 495 πάντων
1748 458 2019 508 ἀπηλλαγμένος
2037 460 2107 496 τῶν
2134 456 2376 496 ἀπαιτούντων

1349 517 1413 562 τὰς
1437 517 1601 562 τοιαύτας
1631 519 1875 570 συνεισφοράςς
1903 519 2121 570 Γεωργοῦντι
2142 519 2205 569 μὲν
2220 518 2290 570 γὰρ
2314 517 2378 556 καὶ

1353 581 1678 632 πραγματευομένῳ
1714 580 1836 618 πολλοὶ
1865 577 1882 600 ¹³
1897 579 2115 632 πανταχόθεν
2148 579 2376 632 ἐφίστανται,

1352 641 1475 692 φόρους
1494 640 1745 691 ἀναγκάζοντες
1764 639 2010 688 κατατιθέναι,
2030 640 2090 678 καὶ
2111 639 2151 678 τὸ
2165 641 2289 678 ἑαυτοῦ
2310 639 2378 690 με’·

1353 717 1408 752 ρος
1440 700 1585 744 ἕκαστος
1603 704 1830 744 ἀπαιτοῦντες
1846 716 1855 724 “
1875 704 1926 754 τῷ
1951 700 1987 740 δὲ
2014 702 2064 744 εἰς
2089 700 2169 745 τοὺς
2195 699 2378 751 δεομένους

1351 764 1552 801 ἀναλίσκειν
1585 765 1810 813 ἐπιθυμοῦντι
1842 763 1952 807 οὐδεὶς
1984 762 2176 814 οὐδαμόθεν
2214 767 2378 815 φανεῖται

1350 829 1460 863 ταῦτα
1479 825 1633 863 ἀπειλῶν
1649 840 1657 847 ·
1681 823 1772 862 ὥστε
1793 824 1867 862 καὶ”
1882 825 2031 864 ἐνταῦθα
2051 822 2261 877 κυριώτερος
2277 815 2378 865 οὗτός

1350 888 1457 925 ἐστιν.
1476 884 1528 924 Ἦ
1561 886 1603 923 ἂν
1624 884 1687 936 μὲν
1717 884 1861 937 πόρναις
1878 886 2050 936 ἀναλίσκῃ
2077 884 2138 923 καὶ
2169 883 2299 937 γαστρὶ
2315 883 2377 921 καὶ

1350 947 1556 999 παρασίτοις
1586 948 1646 985 καὶ
1667 946 1811 992 κόλαξι,
1831 946 1890 985 καὶ
1920 946 2140 999 καταισχύνῃ
2161 946 2225 993 τὴν
2253 947 2377 984 ἐαυτοῦ

1350 1008 1470 1056 δόξαν,
1483 1009 1543 1048 καὶ
1562 1008 1720 1059 ἀπολλύῃ
1733 1008 1798 1055 τὴν
1818 1009 2010 1060 σωτηρίαν,
2033 1008 2092 1047 καὶ
2114 1006 2378 1059 καταγέλαστος

1349 1071 1501 1123 γίνηται,
1520 1070 1638 1122 κύριον
1664 1071 1766 1109 αὐτὸν
1793 1064 1882 1109 εἶναι
1906 1070 1971 1122 φῂς
1996 1072 2066 1108 τῶν
2093 1067 2378 1119 δαπανωμένων·

1350 1131 1390 1169 ἂν
1421 1131 1457 1170 δὲ
1477 1133 1524 1176 εἷς
1549 1131 1650 1176 δόξαν
1669 1131 1731 1178 τὴν
1750 1133 1866 1178 ἀληθῆ
1898 1132 1957 1170 καὶ
1977 1130 2148 1182 ὠφέλειαν
2176 1130 2238 1168 καὶ
2258 1129 2300 1168 τὸ
2326 1130 2378 1181 τῷ

1349 1195 1432 1244 Θεῷ
1447 1194 1568 1231 δοκοῦν
1586 1193 1674 1242 μετὰ
1691 1194 1823 1239 πολλῆς
1836 1194 1926 1231 αὐτὰ
1945 1193 2084 1244 δαπανᾷ
2112 1195 2175 1239 τῆς
2194 1190 2378 1238 συνέσεως,

1349 1254 1488 1300 οὖκέτι;
1506 1256 1643 1292 Οὐκοῦν
1662 1253 1780 1304 ὅμοιον
1800 1254 1977 1300 ποιήσεις,
1997 1253 2118 1304 ὥσπερ
2139 1253 2180 1291 ἂν
2205 1255 2236 1291 εἰ
2251 1254 2301 1296 εἰς
2314 1251 2378 1304 μὲν

1349 1314 1490 1365 ὀχετοὺς
1506 1315 1654 1365 ἀμαρῶν
1669 1316 1759 1365 ὁρῶν
1771 1330 1850 1352 τινα
1867 1314 2092 1364 ἐμ6α’λλοντα
2107 1314 2152 1352 τὰ
2169 1315 2315 1362 ἑαυτοῦ,
2325 1313 2382 1353 κύ-

1353 1391 1422 1426 ριον
1442 1374 1508 1426 φῂς
1525 1369 1633 1422 εἶναι,
1649 1377 1695 1419 εἰς
1716 1373 1751 1414 δὲ
1769 1374 1890 1428 χρείας
1914 1375 2109 1426 ἀναγκαίας
2126 1378 2229 1414 τοῦτο
2243 1376 2383 1414 «sconovu-

1349 1450 1416 1484 τα,
1436 1438 1483 1479 ὡς
1502 1437 1564 1474 οὐκ
1583 1435 1711 1488 ἔχοντα
1731 1439 1800 1474 τῶν
1821 1435 2106 1485 ἀναλισκομένων
2121 1435 2278 1481 ἐξουσίαν
2297 1439 2382 1488 θρη·

1351 1503 1435 1542 νεῖς.
1457 1499 1602 1536 Μᾶλλον
1623 1497 1660 1536 δὲ
1679 1499 1718 1536 οὐ
1737 1502 1808 1541 τοῖς
1828 1497 1949 1541 ἁπλῶς
1977 1496 2260 1548 δαπανωμένοις,
2287 1496 2382 1537 ἀλλὰ

1350 1559 1411 1598 καὶ
1430 1565 1502 1603 τοῖς
1520 1559 1578 1598 ἐπὶ
1594 1561 1695 1611 κακῷ
1715 1561 1785 1597 τῶν
1803 1560 1928 1597 ἑαυτοῦ
1949 1561 2112 1611 κεφαλῶν
2131 1563 2146 1580 ⁶
2165 1557 2244 1603 τοὺς
2267 1557 2382 1598 τοιού-

1348 1637 1427 1666 τους
1445 1621 1687 1674 παραὸάλλειν
1707 1620 1792 1673 χρή.
1813 1620 1970 1660 Ἐκεῖναι
1995 1622 2058 1673 μὲν
2081 1621 2149 1674 γὰρ
2167 1623 2206 1660 αἱ
2224 1621 2380 1660 δαπάναι

1349 1682 1594 1735 λαμπρότερον
1633 1681 1694 1720 καὶ
1737 1681 1972 1734 εὐποριῖιτερον
2014 1681 2075 1720 καὶ
2116 1681 2378 1735 ἀσφαλίστερον

1349 1746 1526 1789 ποιοῦσιν,
1545 1737 1650 1781 αὗται
1666 1742 1702 1780 δὲ
1724 1745 1787 1780 οὐκ
1818 1742 1963 1794 αἰσχρὸν
1984 1743 2088 1793 μόνον
2110 1742 2186 1782 οὐδὲ
2206 1742 2377 1782 ἐπονείδι-

1349 1818 1430 1841 στον
1445 1832 1455 1850 ,
1471 1802 1562 1842 ἀλλὰ
1581 1804 1641 1842 καὶ
1662 1803 1842 1847 ἀπωλείας
1860 1804 2046 1842 ὑπεύθυνον
2061 1803 2181 1858 τρόπῳ
2199 1804 2323 1844 παντί.

1399 1925 1447 1964 Τί
1463 1924 1538 1971 δαὶ,
1565 1923 1656 1975 μετὰ
1688 1925 1803 1976 γάμον
1821 1955 1831 1973 ,
1851 1925 1958 1977 φησὶ,
1980 1925 2040 1963 καὶ
2066 1926 2216 1971 παῖδας,
2234 1926 2296 1965 οὔκ
2327 1926 2379 1967 ἔνι

1346 1985 1476 2033 ταύτης
1496 1985 1726 2024 ἐπιλαὸέσθαι
1741 1989 1803 2033 τῆς
1819 1986 2024 2038 φιλοσοφίας
2050 1987 2085 2024 ἐν
2103 1987 2199 2041 αὐτῷ
2216 1989 2267 2041 τῷ
2284 1986 2380 2042 γήρα

1344 2047 1550 2098 γενόμενον,
1568 2046 1637 2085 Καὶ
1656 2047 1708 2090 τίς
1723 2049 1808 2096 ἡμῖν
1826 2047 2052 2099 ἐγγυήσεται,
2068 2051 2208 2100 πρῶτον
2225 2047 2303 2098 μὲν,
2321 2047 2377 2087 ὅτι

1345 2111 1392 2153 εἰς
1419 2108 1566 2161 ἔσχατον
1587 2108 1716 2159 ἥξομεν
1736 2112 1866 2160 γῆρας,
1886 2108 2043 2162 δεύτερον
2064 2109 2120 2158 δὲ,
2139 2109 2193 2148 ὅτι
2218 2108 2378 2154 Κλθόντες

1343 2170 1483 2214 πάντως
1502 2169 1634 2216 ταύτην
1654 2171 1888 2221 διατηροῦμεν
1906 2169 1969 2216 τὴν
1995 2170 2165 2222 γνώμηνς
2184 2169 2280 2211 Οὗτε
2307 2169 2377 2224 γὰρ

1342 2234 1405 2277 τῆς
1431 2233 1465 2270 ἐν
1492 2233 1536 2282 τῇ
1565 2233 1637 2281 ζωῇ
1659 2230 1772 2282 κύριοι
1803 2231 2018 2283 προθεσμίας
2039 2231 2165 2281 ἐσμέν·
2191 2231 2253 2271 καὶ
2271 2235 2375 2272 τοῦτο

1343 2290 1573 2331 ΰὲπαίδευσεν
1590 2295 1608 2330 6
1629 2293 1769 2336 Παῦλος
1785 2292 1897 2343 λέγων
1913 2304 1921 2314 ·
1942 2290 1988 2331 ‘ll
2018 2292 2138 2345 ἡμέρα
2157 2295 2308 2345 Κυρίου,
2325 2296 2374 2339 ὣς

1342 2353 1496 2400 κλέπτης
1513 2355 1547 2392 ἐν
1564 2354 1675 2401 νυκτὶ,
1693 2353 1800 2397 οὕτως
1815 2354 1977 2406 ἔρχεται·
2000 2353 2078 2393 οὔτε
2097 2354 2156 2393 ἐπὶ
2176 2357 2240 2401 τῆς
2263 2357 2373 2402 αὐτῆς

1344 2415 1398 2453 ἀεὶ
1416 2415 1613 2467 προθυμίας
1647 2415 1743 2466 μένει
1765 2414 1808 2454 τὰ
1828 2419 1897 2454 τῶν
1912 2416 2094 2467 λογισμῶν
2114 2418 2211 2467 ἡμῖν.
2229 2416 2298 2456 Καὶ
2312 2417 2371 2457 διὰ

1342 2480 1444 2515 τοῦτο
1465 2477 1568 2529 σοφός
1599 2493 1651 2520 τις
1681 2483 1843 2528 παραινεῖ
1862 2477 1973 2529 λέγων
1989 2491 1997 2499 ·
2020 2477 2081 2524 Μὴ
2107 2476 2258 2528 ἀνάμενε
2284 2479 2369 2517 ἀπι-

1343 2537 1493 2589 στρὲψαι
1512 2538 1598 2590 πρὸς
1630 2538 1760 2588 Κύριον
1774 2565 1784 2582 ,
1815 2537 1905 2588 μηδὲ
1935 2538 2134 2577 ἀναὸάλλου
2164 2538 2301 2591 ἡμέραν
2332 2538 2369 2584 ἐξ

1343 2598 1492 2650 ἡμέρας,
1513 2600 1561 2649 μή
1582 2614 1666 2637 ποτε
1678 2602 1725 2642 ὡς
1741 2598 1881 2649 μέλλεις
1892 2598 2084 2652 ἐκτριὸήσῃ
2096 2629 2107 2648 ,
2123 2600 2183 2639 καὶ
2201 2601 2238 2638 ἐν
2255 2615 2316 2639 και
2343 2602 2366 2612 ”

1344 2659 1557 2706 ἐκδικήσεως
1570 2660 1682 2711 ἐξολῇ,
1701 2661 1743 2698 Εἰ
1762 2658 1798 2697 δὲ
1816 2659 1875 2697 καὶ
1896 2659 2006 2709 μηδὲν
2021 2659 2154 2698 τούτων
2169 2660 2298 2708 ἄδηλον
2312 2615 2370 2709 gii:

1343 2721 1419 2759 οὐδὲ
1439 2722 1548 2763 οὕτως
1562 2720 1822 2759 ἀναῧάλλεσθαι
1842 2720 1910 2758 ἔδει
1929 2719 2006 2764 τοὺς
2028 2723 2125 2768 υἱεῖς,
2140 2720 2216 2760 οὐδὲ
2235 2721 2370 2761 mo·-

1343 2799 1408 2829 την
1426 2782 1614 2834 γινομένην
1633 2781 1763 2831 ζημίαν
1778 2787 1957 2833 περιορᾷν.
1973 2781 2043 2822 Καὶ
2058 2781 2126 2835 γὰρ
2139 2784 2202 2829 τῆς
2216 2783 2370 2836 ἰσχάτης

1344 2844 1486 2895 ἀλογίας
1504 2843 1544 2881 ἂν
1574 2843 1649 2890 εἴη,
1675 2844 1758 2881 ὅταν
1779 2843 1842 2893 μὲν
1875 2843 1994 2889 δέηται
2017 2842 2176 2894 βοηθείας
2194 2847 2208 2864 “
2223 2847 2243 2883 6
2271 2844 2370 2894 νίος,

1343 2906 1404 2945 καὶ
1424 2906 1572 2958 σφοδρὸς
1595 2908 1613 2944 6
1635 2903 1895 2955 ἀνταγιιινιστὴς
1910 2905 2106 2956 ἰφεστήκῃ,
2127 2905 2279 2945 κελεύειν
2298 2912 2370 2952 τοῖς

1342 2971 1403 3006 τοῦ
1428 2968 1503 3018 βίου
1523 2966 1738 3018 ἐμφύρεσθαι
1760 2966 1965 3017 πράγμασιν
1980 2995 1990 3011 ,
2014 2965 2107 3005 ὥστε
2128 2967 2288 3019 γενέσθαι
2306 2970 2367 3008 εὗ-

1342 3028 1528 3080 χείρωτον·
1548 3027 1631 3066 ὅταν
1663 3027 1699 3065 δὲ
1717 3026 1810 3078 λα’ὅῃ
1832 3026 1938 3078 μυρία
1958 3027 2167 3079 τραύματα,
2185 3029 2246 3068 καὶ
2277 3029 2368 3082 μηδὶ

1342 3091 1382 3129 τὸ
1400 3091 1505 3142 τυχὸν
1525 3089 1590 3142 ἔχῃ
1612 3088 1714 3142 μέρος
1733 3088 1826 3140 ὑγιὲς
1837 3117 1848 3136 ,
1868 3088 1946 3126 τότε
1977 3089 2198 3135 καθοπλίζειν
2218 3090 2279 3129 καὶ
2297 3090 2367 3130 δεε-

1362 3229 1492 3265 pretinm
1508 3229 1542 3253 et
1559 3222 1592 3253 in
1603 3219 1757 3262 Vulgata.

1404 3284 1417 3299 ο
1443 3274 1516 3306 Duo
1532 3272 1608 3305 Mu.
1627 3277 1641 3306 ὁ
1666 3280 1738 3310 νέος,
1753 3280 1785 3305 et
1804 3273 1850 3304 sic
1869 3271 1944 3315 legit
1961 3274 2141 3315 interpres.
2161 3271 2251 3307 Editl
2267 3279 2282 3309 ὁ
2296 3281 2363 3314 υἱὺς.

1360 3323 1448 3357 lbicl.
1465 3336 1548 3357 unus
1563 3326 1706 3368 σφοδρῶς.
