2513 3871
89 1521 174 1550 ΜιιΙιί
184 1520 267 1549 Theo

89 1565 155 1591 dori
176 1565 269 1591 vicem

88 1605 241 1632 dolebant.

89 2314 154 2343 Jer.
169 2313 187 2346 8
194 2336 200 2343 .
216 2311 247 2354 4.

705 209 745 239 S.

300 193 362 252 48

295 291 477 342 ignorant,
499 290 561 342 qui
580 289 627 328 ad
645 298 845 328 extremum
865 287 1076 341 insipientia}
1096 286 1251 324 devene-

299 361 396 389 runt.
428 352 586 389 Animoe
614 351 715 388 nihil
742 350 1000 403 aeqnandum,
1026 348 1076 386 ait
1104 346 1249 399 quidem

297 421 499 449 exterorum
520 419 635 462 poeta.
659 410 753 448 Novi
772 419 806 449 te
827 410 930 462 longe
949 409 1184 448 infirmiorem
1204 407 1249 446 ad
1272 449 1276 455 ¹

297 481 472 509 certamen
493 480 614 509 contra
632 472 831 523 malignum
850 471 1006 510 evasisse
1025 485 1034 508 t
1059 472 1143 509 novi
1162 479 1195 509 te
1212 469 1247 508 in

296 532 413 570 media
424 532 648 584 voluptatum
661 533 804 571 flamma
818 532 966 571 versari.
979 531 1049 571 Sed
1063 531 1093 570 si
1105 531 1250 570 inimico
1271 539 1296 571 C

294 593 430 632 dixeris
444 610 455 632 ι
470 593 713 646 voluptatibus
727 595 797 632 tuis
809 609 876 632 non
889 593 1077 640 servimus,
1089 593 1251 632 omnium

296 654 474 693 malorum
490 663 633 693 tuorum
649 655 803 694 radicem
822 670 890 694 non
907 655 1097 693 adoramus
1104 670 1115 704 ς
1133 655 1161 693 si
1177 669 1252 693 sur·

294 729 374 753 sum
397 715 521 755 oculos
545 717 715 755 extuleris
730 748 739 761 ‚
768 717 950 755 flammam
971 731 1064 755 nunc
1085 717 1251 756 Salvator

292 776 450 815 excutiet
469 791 598 828 eosque
611 777 673 829 qui
691 787 722 816 te
737 778 771 816 in
786 778 902 830 ignem
917 779 1141 829 conjecerunt
1155 791 1251 816 com·

293 837 420 886 buret;
443 837 510 876 tibi
529 847 647 876 autem
664 839 700 877 in
716 839 833 877 medio
849 839 1016 888 fornacis,
1035 839 1179 886 nubem,
1194 853 1252 877 ro-

293 911 370 936 rem
390 907 423 936 et
441 898 643 938 sibilantem
665 914 789 938 auram
811 899 950 950 mittet;
973 901 1021 938 ita
1043 910 1081 938 ut
1106 914 1169 938 nec
1189 914 1251 938 co-

293 959 480 1011 gitationes
495 974 558 998 nec
577 961 829 1000 conscientiam
848 971 946 1000 tuam
963 961 1055 1013 ignis
1073 962 1224 1013 attingat
1242 977 1250 998 ε

293 1029 433 1059 tantum
451 1035 495 1059 ne
511 1021 666 1074 teipsum
685 1022 866 1062 incendas.
891 1023 1030 1062 Atenim
1048 1024 1153 1062 urbes
1171 1037 1251 1061 mu-

293 1081 410 1127 nitas,
439 1096 528 1133 quas
555 1096 618 1121 nec
643 1084 711 1122 tela
733 1098 793 1123 nec
814 1084 986 1122 machinae
1009 1083 1251 1122 obsidentium

293 1155 498 1194 expugnare
517 1152 718 1194 potuerant,
740 1159 834 1197 saepe
855 1145 960 1183 unius
977 1145 1179 1183 duorumve
1198 1144 1251 1182 ci-

292 1202 394 1242 vium
411 1203 506 1241 intus
522 1203 761 1243 habitantium
777 1205 978 1258 proditione
994 1206 1092 1244 nullo
1111 1206 1252 1257 negotio

296 1263 333 1302 in
354 1278 479 1302 manns
496 1264 654 1303 hostium
670 1266 906 1305 devenerunt.
929 1266 975 1304 Et
996 1280 1089 1304 nunc
1106 1266 1134 1304 si
1156 1267 1252 1305 nulla

293 1333 328 1363 te
338 1324 434 1362 intus
449 1325 563 1377 posita
581 1326 746 1377 cogitatio
760 1325 904 1378 prodat,
916 1326 1054 1364 etiamsi
1071 1335 1254 1365 sexcentas

294 1384 380 1424 soris
400 1385 585 1424 machinas
608 1386 788 1438 malignus
806 1386 868 1425 ille
887 1386 1103 1436 admoverit,
1125 1387 1159 1424 id
1177 1387 1252 1425 fru-

295 1454 366 1484 stra
387 1446 552 1487 tentabit.

347 1508 385 1546 2..
410 1507 546 1546 Multos
567 1522 629 1561 per
652 1508 718 1547 Dei
745 1509 896 1559 gratiam
915 1523 1133 1562 magnosque
1156 1510 1254 1550 viros

295 1568 416 1618 babes,
431 1569 491 1621 qui
508 1570 621 1607 vicem
632 1578 729 1607 tuam
742 1570 877 1617 dolent,
893 1571 953 1622 qui
969 1581 1002 1609 te
1010 1572 1253 1620 cohortantur,

293 1640 328 1670 et
342 1645 407 1684 pro
425 1631 543 1669 anima
561 1640 618 1669 tua
635 1631 1027 1680 s01·midant;sanctum
1046 1647 1172 1686 nempe
1188 1634 1253 1672 Dei

294 1692 498 1739 Valerium,
514 1692 627 1744 ipsius
638 1692 842 1731 omnimode
854 1694 999 1731 fratrem
1017 1694 1252 1743 Florentium,

293 1753 502 1806 sapientem,
521 1753 713 1804 etquidem
732 1754 864 1792 Christi
883 1755 1071 1807 sapientia,
1090 1757 1253 1809 Porphy-

292 1814 387 1852 rium
405 1844 416 1860 ,
445 1814 648 1865 multosque
676 1814 778 1853 alios.
806 1816 853 1854 Hi
877 1815 1038 1866 quotidie
1063 1816 1250 1869 lugentes,

292 1872 433 1911 nullum
449 1873 618 1925 precandi
636 1873 743 1911 linem
759 1873 907 1921 faciunt,
927 1875 1112 1927 etjamdiu
1133 1885 1254 1928 optata

293 1935 499 1987 consequuti
515 1944 643 1984 essent,
658 1935 687 1973 si
703 1935 758 1973 vel
773 1936 963 1988 paululum
981 1945 1014 1975 te
1030 1936 1166 1975 inimici
1180 1952 1254 1975 ma-

296 1995 403 2034 nibus
421 1996 632 2034 subtrahere
647 1997 830 2036 voluisses.
849 1997 1041 2046 Quomodo
1056 1998 1168 2050 igitur
1184 2013 1253 2037 non

295 2056 492 2096 absurdum
504 2058 623 2106 suerit,
639 2057 726 2096 dum
744 2058 805 2096 alii
826 2058 870 2097 de
886 2059 999 2098 salute
1018 2069 1078 2097 tua
1095 2073 1164 2098 non
1183 2060 1256 2098 de-

295 2128 455 2172 sperant,
477 2128 510 2157 et
527 2128 563 2157 ut
581 2119 782 2158 membrum
803 2121 976 2173 recipiant
990 2135 1094 2160 suum
1115 2122 1256 2161 assidue

295 2188 503 2232 precantur,
528 2189 560 2218 te
580 2181 687 2218 semel
711 2180 850 2232 lapsum
869 2182 962 2219 nolle
982 2196 1178 2234 resurgere,
1195 2183 1256 2222 sed

290 2241 424 2293 jacere,
447 2255 487 2279 ac
507 2241 769 2294 propemodum
792 2242 928 2281 hostem
944 2243 1002 2281 his
1023 2244 1171 2282 vocibus
1193 2259 1255 2282 co-

295 2301 433 2340 hortari
453 2319 460 2339 :
481 2301 627 2347 Occide,
645 2312 802 2355 percute,
823 2317 866 2342 ne
883 2305 1036 2356 parcas?
1059 2306 1258 2359 Numquid

295 2366 364 2416 qui
389 2364 511 2411 cadit,
535 2377 612 2401 non
633 2374 802 2416 resurget
820 2369 836 2403 Ρ
853 2365 967 2417 inquit
984 2365 1150 2404 divinum
1170 2382 1254 2405 ora-

294 2424 433 2463 culum.
457 2424 516 2462 Tu
542 2438 626 2462 vero
652 2424 737 2462 huic
756 2439 934 2478 repugnas
953 2436 986 2465 et
1006 2426 1220 2466 contradicis
1242 2442 1250 2465 :

295 2499 378 2525 nam
395 2485 538 2539 lapsum
556 2485 744 2538 desperare
762 2487 852 2525 nihil
873 2487 972 2526 aliud
993 2497 1044 2527 est
1066 2503 1173 2540 quam
1192 2489 1255 2527 di-

295 2561 386 2594 cere,
403 2547 475 2595 Qui
489 2545 584 2586 cadit
599 2562 667 2586 non
683 2557 852 2601 resurget.
867 2551 931 2599 Ne,
945 2565 1077 2601 quaeso,
1088 2565 1130 2589 ne
1146 2565 1256 2602 usque

295 2607 383 2647 adeo
404 2608 558 2661 teipsum
583 2608 692 2647 laedas
706 2639 716 2657 ,
743 2623 786 2648 ne
807 2619 945 2648 tantum
971 2611 1072 2649 nobis
1093 2612 1254 2650 dolorem

297 2669 479 2708 infundas.
495 2670 573 2708 Non
592 2669 673 2708 dico
687 2684 796 2719 nunc,
815 2671 958 2722 quando
975 2686 1108 2710 annum
1125 2673 1255 2711 vicesi-

294 2743 394 2767 mum
423 2730 578 2769 necdum
599 2731 676 2782 agis
698 2747 706 2767 ε
730 2731 791 2770 scd
818 2732 923 2770 etiam
946 2733 974 2770 si
996 2734 1127 2771 multos
1147 2748 1255 2773 annos

294 2804 458 2828 emensus
478 2806 584 2840 esses,
602 2802 637 2830 et
657 2801 736 2844 post
755 2802 918 2831 exactam
936 2794 971 2831 in
990 2794 1132 2832 Christo
1145 2803 1254 2833 totam

295 2850 422 2898 vitam,
449 2851 484 2889 in
510 2862 666 2890 extrema
693 2863 869 2892 senectute
893 2855 984 2892 hanc
1011 2870 1135 2907 passus
1163 2869 1254 2894 esses

295 2911 550 2958 calamitatem,
574 2928 615 2951 ne
636 2923 719 2951 tunc
736 2915 881 2966 quidem
897 2915 1175 2969 desperandum,
1191 2917 1251 2955 sed

295 2972 523 3023 cogitandum
539 2988 612 3012 esse
630 2974 674 3012 de
689 2975 836 3024 latrone,
856 2977 918 3027 qni
941 2978 975 3015 in
996 2991 1099 3015 cruce
1117 2978 1251 3030 justifi-

297 3042 397 3071 catus
416 3044 479 3083 est,
498 3034 613 3086 deque
629 3035 683 3085 iis,
702 3037 763 3087 qui
785 3037 970 3076 undecima
988 3039 1073 3076 hora
1094 3040 1250 3091 aggressi

296 3103 378 3132 sunt
397 3109 486 3147 opus
510 3106 543 3133 et
568 3097 676 3135 totius
696 3097 767 3136 (lici
797 3099 993 3138 mercedem
1023 3110 1250 3154 acceperunt.

297 3156 348 3194 Ut
371 3164 489 3193 autem
517 3156 649 3195 bonum
673 3173 740 3197 non
773 3169 823 3197 cst
845 3174 922 3206 eos,
948 3161 1008 3212 qui
1030 3161 1064 3199 in
1094 3171 1254 3200 extremo

297 3215 382 3253 vitae
397 3216 486 3268 lapsi
501 3227 598 3264 sunt,
619 3217 825 3270 desperare,
841 3221 869 3258 si
892 3231 1005 3260 tamen
1025 3223 1252 3275 resipiscant:

298 3276 345 3315 ita
368 3291 436 3315 non
459 3286 577 3316 tutum
596 3288 649 3317 est
670 3279 735 3317 hac
754 3295 816 3333 spe
837 3283 945 3320 teneri
967 3298 1007 3322 ac
1025 3283 1144 3322 dicere
1163 3300 1170 3322 :
1190 3284 1255 3322 llic

1273 2964 1303 2991 loa

342 3377 356 3393 ο
380 3371 482 3407 Snvil.
500 3377 675 3419 ‘bledpmv-
706 3375 778 3408 Duo
806 3376 881 3408 les.
912 3382 1070 3422 Φαλὲριον.
1100 3378 1201 3412 Paulo
1233 3389 1308 3423 post

299 3423 403 3459 Savil.
419 3432 452 3457 et.
469 3436 552 3459 unus
569 3430 762 3473 ὸλορύρονται
792 3435 844 3468 τὴν
871 3434 988 3474 ἡμέραν
1003 3435 1075 3474 imis,
1092 3438 1141 3466 τοῦ
1157 3459 1163 3472 ,
1183 3439 1231 3468 καὶ
1245 3438 1307 3476 ιῦχ.

783 206 969 239 JOANNts
1005 203 1248 236 cttttYSOSTa
1289 204 1495 236 Ancmm’.
1527 205 1885 237 CONSTANTtNOt‘.

1322 287 1541 338 ἐμὸαλόντας
1575 305 1613 328 σε
1633 292 1681 334 εἰς
1705 290 1744 328 τὸ
1780 293 1849 340 πῧρ
1887 288 2116 337 κατακαύσει,
2150 290 2203 328 σοὶ
2239 290 2273 328 δὲ
2310 292 2344 328 ἐν

1323 349 1413 402 μέσῃ
1433 350 1572 403 καμίνῳ
1591 351 1736 404 νεφέλην
1750 351 1807 388 καὶ
1824 349 1945 402 δρόσον
1962 350 2022 388 καὶ
2040 355 2177 402 πνεῦμα
2195 352 2345 404 διασυρί-

1322 412 1377 454 ζον
1395 412 1595 457 ἀποστελεῖ,
1605 415 1651 455 ὡς
1668 411 1756 462 μηδὲ
1770 413 1839 449 τῶν
1855 413 2033 463 λογισμῶν
2044 427 2103 450 σου
2117 412 2176 450 καὶ
2189 414 2251 458 τῆς
2266 429 2345 451 συν-

1321 471 1486 518 ειδήσεώς
1505 489 1566 511 σου
1585 474 1741 524 ἅψασθαι
1755 473 1794 510 τὸ
1811 475 1881 524 πῧρ
1894 487 1901 495 ·
1923 471 2026 522 μόνον
2046 472 2191 511 σεαυτὸν
2212 475 2262 524 μὴ
2282 490 2344 512 κα-

1320 532 1513 585 τακαύσῃς.
1539 534 1608 572 Καὶ
1621 534 1688 587 γὰρ
1705 533 1766 577 τὰς
1786 532 1914 584 ὀχυρὰς
1933 535 2001 570 τῶν
2021 533 2154 571 πόλεων
2173 533 2265 572 ὅπλα
2283 534 2345 585 μὲν

1322 594 1492 639 πολλάκις
1508 595 1567 633 καὶ
1584 595 1827 647 μηχανήματα
1843 596 1910 632 τῶν
1926 593 2047 638 ἔξωθεν
2062 594 2124 632 οὐκ
2140 594 2263 646 ἴσχυσε
2280 611 2347 634 κα·

1322 657 1449 704 θελεῖν,
1472 656 1640 709 προδοσία
1661 656 1696 694 δὲ
1723 656 1795 699 ἑνὸς
1817 655 1839 702 ἢ
1860 655 1918 693 δύο
1943 658 2012 693 τῶν
2035 654 2129 693 ἔνδον
2160 656 2346 694 οἰκούντων

1322 717 1474 754 πολιτῶν
1494 718 1643 764 ἀπονητὶ
1666 717 1849 769 παρέδωκε
1869 722 1940 759 τοῖς
1967 717 2117 768 ἐχθροῖς.
2138 715 2206 754 Καὶ
2223 720 2298 762 νῦν,
2317 719 2347 755 εἰ

1323 776 1444 828 μηδείς
1480 793 1518 816 σε
1539 780 1608 815 τῶν
1643 778 1736 816 ἔνδον
1770 779 1888 830 προδῷ
1917 779 2116 827 λογισμῶν,
2138 776 2202 815 κᾶν
2236 777 2345 829 μυρία

1322 838 1532 889 προσαγάγῃ
1556 839 1799 891 μηχανήματα
1834 838 1957 883 ἔξωθεν
1985 841 2003 877 ὁ
2035 839 2207 892 πονηρὸς,
2226 854 2342 891 προσ-

1324 898 1396 943 άξει
1416 899 1546 950 μάτην.

1378 1512 1535 1556 Πολλοὺς
1549 1513 1640 1565 ἔχεις
1656 1514 1750 1552 Θεοῦ
1768 1513 1888 1566 χάριτι
1909 1514 1968 1552 καὶ
1989 1514 2159 1567 μεγάλους
2174 1514 2252 1560 τοὺς
2268 1531 2349 1555 συν-

1324 1575 1514 1624 αλγοῦντας
1527 1604 1537 1619 ,
1558 1572 1635 1617 τοὺς
1658 1573 1862 1626 ἀλείφοντας
1874 1602 1883 1620 ,
1907 1575 1986 1618 τοὺς
2005 1575 2092 1627 ὑπὲρ
2110 1578 2172 1622 τῆς
2190 1579 2254 1622 σῆς
2273 1576 2350 1628 τρέ-

1325 1651 1453 1685 μοντας
1473 1637 1590 1688 ψυχῆς
1608 1666 1617 1683 ,
1646 1635 1703 1674 τὸν
1736 1635 1833 1686 ἅγιον
1857 1640 1917 1674 τοῦ
1936 1638 2030 1674 Θεοῦ
2048 1641 2062 1656 ⁰
2083 1636 2273 1688 Βαλέριον,
2291 1637 2349 1675 τὸν

1323 1696 1438 1734 πάντα
1467 1699 1562 1748 αὐτῷ
1585 1696 1731 1748 ἀδελφὸν
1752 1696 1990 1748 Φλωρέντιον,
2008 1698 2066 1736 τὸν
2084 1697 2146 1743 τὴν
2173 1702 2233 1736 τοῦ
2258 1699 2351 1751 Χρι-

1325 1763 1406 1797 στοῦ
1426 1758 1550 1811 σοφίαν
1572 1759 1674 1810 σοφὸν
1697 1757 1916 1810 Πορφύριον,
1948 1758 2007 1796 καὶ
2030 1758 2167 1810 ἑτέρους
2187 1759 2348 1802 πολλούς.

1324 1814 1432 1859 Οὗτοι
1453 1822 1530 1857 καθ’
1547 1820 1697 1866 ἑκάστην
1727 1819 1954 1872 ὀλοφύρονται
1974 1819 2110 1870 ἡμέραν
2130 1819 2189 1858 καὶ
2209 1820 2354 1873 εὐχόμε-

1325 1899 1376 1920 νοι
1387 1883 1448 1920 οὐκ
1463 1881 1660 1920 ἐπαύσαντο
1673 1897 1681 1904 ·
1697 1881 1757 1919 καὶ
1773 1881 1894 1933 ἔτυχον
1911 1881 1951 1919 ἂν
1969 1875 2015 1919 ῶν
2033 1881 2168 1920 ἐδέοντο
2179 1882 2304 1930 πάλαι,
2323 1883 2353 1920 εἰ

1327 1944 1449 1995 μικρὸν
1469 1946 1549 1994 γοῦν
1570 1945 1769 1988 ἀποστῆσαι
1790 1942 1913 1981 σαυτὸν
1933 1944 2107 1990 ἠθέλησας
2125 1945 2194 1981 τῶν
2214 1945 2274 1980 τοῦ
2291 1958 2353 1981 πο-

1325 2003 1447 2054 λεμίου
1461 2005 1604 2056 χειρῶν.
1621 2005 1704 2047 Πῶς
1721 1997 1777 2041 οὖν
1798 2005 1860 2042 οὐκ
1880 2004 2007 2042 ἄτοπον
2028 2003 2165 2056 ἑτέρους
2185 2003 2246 2054 μὲν
2263 2003 2353 2055 μηδὲ

1325 2069 1384 2103 νῦν
1408 2065 1609 2117 ἀπογνῶναί
1631 2081 1690 2103 σου
1719 2063 1782 2111 τὴν
1811 2065 2006 2116 σωτηρίαν,
2035 2064 2126 2103 ἀλλὰ
2155 2065 2198 2102 δι’
2215 2064 2296 2104 ὅλου
2314 2065 2353 2103 τὸ

1327 2123 1429 2174 μέλος
1450 2125 1563 2162 αὐτῶν
1584 2122 1775 2162 ἀπολαὸεἱν
1789 2122 1967 2175 εὔχεσθαι,
1982 2122 2019 2162 σὲ
2040 2122 2075 2162 δὲ
2095 2123 2189 2167 ἅπαξ
2201 2124 2353 2163 πεσόντα

1328 2184 1376 2235 μὴ
1391 2184 1500 2223 θέλειν
1519 2187 1733 2232 ἀναστῆναι,
1747 2183 1836 2222 ἀλλὰ
1851 2189 2000 2231 κεῖσθαι,
2019 2185 2202 2237 μονονουχὶ
2217 2187 2353 2236 βοῶντα

1327 2246 1413 2297 πρὸς
1431 2245 1488 2284 τὸν
1509 2245 1645 2298 ἐχθρόν·
1665 2246 1796 2297 σφάττε
1810 2276 1819 2293 ,
1841 2252 1936 2293 παῖε,
1957 2245 2005 2296 μὴ
2027 2245 2150 2298 <peso-(23
2171 2244 2234 2292 Μὴ
2253 2247 2272 2283 ὁ
2291 2245 2355 2283 πί-

1325 2322 1422 2345 πτων
1439 2309 1500 2345 οὐκ
1517 2306 1718 2353 ἀνίσταται,
1729 2309 1747 2344 ὁ
1764 2311 1853 2350 θεῖος
1870 2306 1934 2359 ἔφη
1950 2307 2121 2359 χρησμός.
2139 2305 2190 2345 Σὺ
2205 2306 2240 2345 δὲ
2254 2307 2354 2359 μάχῃ

1326 2368 1438 2421 τούτῳ
1466 2369 1525 2407 καὶ
1553 2368 1754 2421 ἀντιλέγεις·
1787 2368 1843 2406 τὸν
1865 2369 1932 2421 γὰρ
1952 2368 2104 2407 πεσόντα
2135 2370 2353 2420 ἀπογνῶναι,

1327 2430 1422 2468 οὐδὲν
1435 2431 1520 2469 ἄλλο
1535 2430 1630 2468 ἐστὶν
1647 2432 1769 2476 εἰπεῖν,
1785 2429 1808 2476 ἢ
1826 2429 1879 2468 ὅτι
1891 2433 1909 2468 ὁ
1921 2429 2060 2468 πίπτων
2076 2431 2140 2468 οὐκ
2156 2428 2353 2469 ἀνίσταται.

1327 2492 1405 2543 Μὴ,
1428 2493 1644 2544 παρακαλῶ,
1667 2491 1715 2541 μὴ
1736 2495 1898 2530 τοσοῦτον
1922 2491 2093 2543 ἀδικήσῃς
2125 2490 2251 2529 σαυτόν
2265 2505 2274 2515 ·
2303 2490 2352 2541 μὴ

1327 2553 1499 2600 τοσαύτην
1519 2555 1621 2602 ἡμῶν
1643 2551 1821 2604 καταχέῃς
1841 2551 1979 2598 ὀδύνην.
2006 2552 2060 2589 Οὐ
2077 2550 2169 2602 λέγω
2190 2554 2251 2588 νῦν
2267 2580 2278 2598 ,
2296 2551 2352 2589 ὅτε

1326 2614 1424 2652 οὔπω
1447 2614 1602 2652 εἰκοστὸν
1639 2613 1733 2664 ἄγεις
1754 2612 1847 2658 ἔτος,
1880 2612 1970 2650 ἀλλὰ
2001 2614 2029 2650 εἷ
2051 2611 2165 2650 πολλὰ
2185 2611 2353 2659 ποιήσας,

1326 2675 1386 2714 καὶ
1415 2675 1472 2713 τὸν
1502 2675 1641 2712 ἅπαντα
1668 2673 1742 2723 βίον
1774 2673 1807 2711 ἐν
1832 2674 1975 2725 Χριστῷ
2002 2672 2129 2719 ζήσας,
2150 2675 2183 2711 ἐν
2214 2674 2354 2726 ἐσχάτῳ

1327 2737 1421 2789 γήρᾳ
1447 2734 1578 2782 ταύτην
1610 2734 1733 2776 ἔπαθες
1754 2733 1817 2779 τὴν
1838 2734 2016 2786 ἐπήρειαν,
2036 2727 2078 2779 ἦν
2100 2733 2162 2783 μὲν
2179 2733 2256 2772 οὐδὲ
2273 2734 2353 2772 τότε

1326 2799 1526 2849 ἀπογνῶναι
1546 2796 1673 2844 καλὸν,
1692 2794 1782 2832 ἀλλὰ
1799 2797 1832 2832 ἐν
1850 2797 1899 2846 τῷ
1913 2794 2034 2832 λαὸεῖν
2049 2795 2108 2833 τὸν
2129 2796 2164 2832 ἐν
2179 2797 2230 2847 τῷ
2247 2810 2355 2833 σταυ·

1330 2861 1377 2912 ρῶ
1391 2857 1619 2897 δικαιιιιθέντα
1633 2855 1780 2908 λῃστὴν,
1795 2855 1871 2898 τοὺς
1884 2857 1963 2907 περὶ
1979 2855 2041 2902 τὴν
2060 2856 2246 2903 ἑνδεκάτην
2261 2856 2356 2909 ὥραν

1326 2919 1605 2973 ἐργασαμένους,
1629 2918 1688 2955 καὶ
1708 2922 1769 2964 τῆς
1783 2918 1865 2964 ὅλης
1888 2917 2022 2968 ἡμέρας
2040 2917 2279 2970 ἀπειληφότας
2296 2918 2355 2958 τὸν

1327 2981 1461 3032 μισθόν.
1472 2980 1616 3032 “Ωσπερ
1633 2979 1666 3017 δὲ
1679 2981 1716 3017 οὐ
1731 2979 1834 3016 καλὸν
1845 2977 1921 3021 τοὺς
1936 2980 1970 3016 ἐν
1987 2978 2127 3031 ἐσχάτῳ
2135 2978 2284 3030 τέρματι
2294 2993 2356 3017 πε-

1325 3043 1450 3085 σόντας
1469 3042 1685 3086 ἀπελπίζειν,
1697 3039 1756 3077 ἐὰν
1769 3042 2004 3091 σωφρονῶσιν,
2017 3039 2125 3083 οὕτως
2133 3041 2194 3078 οὐκ
2203 3039 2356 3092 ἀσφαλὲς

1324 3102 1435 3154 ταύτῃ
1447 3102 1631 3153 τρέφεσθαι
1643 3104 1684 3152 τῇ
1695 3101 1821 3146 ἐλπίδι,
1831 3101 1890 3138 καὶ
1899 3101 2010 3151 λέγειν
2021 3100 2108 3148 ‚qi-tt
2118 3103 2263 3140 ἐνταῦθα
2272 3100 2356 3144 τέως

1327 3164 1389 3215 μὲν
1413 3164 1606 3202 ἀπολαύσω
1626 3166 1694 3201 τῶν
1715 3162 1825 3208 ἡδέων
1847 3167 1905 3200 τοῦ
1926 3162 2014 3212 βίου,
2031 3162 2172 3213 ὕστερον
2189 3160 2224 3199 δὲ
2240 3161 2355 3213 ὀλίγον

1326 3225 1477 3266 πονὲσας
1496 3224 1620 3276 χρόνον
1635 3253 1644 3270 ,
1665 3228 1724 3262 τοῦ
1746 3223 1873 3265 παντὸς
1891 3223 2120 3275 ἀπολήψομαι
2137 3222 2262 3275 χρόνου
2280 3221 2356 3266 τοὺς

1332 3284 1489 3337 μισθούς.
1515 3285 1582 3323 Καὶ
1601 3284 1668 3335 γὰρ
1687 3283 1872 3334 μέμνημαί
1894 3300 1953 3322 σου
1973 3283 2141 3327 πολλάκις
2157 3283 2355 3335 εἰρηκότος,

1393 3383 1406 3398 '
1435 3379 1559 3425 [Idem
1578 3386 1624 3415 ἑτι
1643 3385 1675 3413 Εἰ
1695 3387 1803 3413 ταῦτα·
1825 3381 1934 3421 rimu]
