2513 3871
253 199 278 226 α
297 185 312 237 ‘t
656 196 693 227 s.

253 279 356 319 Hanc
376 289 469 318 certe
488 280 647 318 laetitiam
669 293 732 317 nce
754 278 874 316 verbis
897 277 1096 329 exprimere
1110 305 1119 323 ,
1143 288 1207 314 nee

254 350 370 380 mente
388 354 510 393 capere
527 353 715 392 possumus
737 355 745 375 :
768 339 918 377 obscure
934 347 1062 382 tamen,
1083 345 1207 387 quate·

254 416 321 440 nus
338 410 483 453 possunt
495 414 621 451 magna
637 399 758 452 parvis
772 399 961 445 declarari,
979 412 1057 437 eam
1072 397 1209 436 descri-

254 463 338 501 bere
355 461 511 499 tentabo.
533 459 801 512 Perpendamus
824 474 882 498 eos
901 459 964 511 qui
985 459 1020 498 in
1040 458 1206 511 praesenti

253 523 330 561 vita
353 522 464 574 hujus
483 520 607 559 mundi
628 522 826 560 commodis
846 522 1028 568 fruuntur,
1050 519 1206 570 divitiis,

253 584 420 635 inquam,
441 582 673 634 magistratu,
702 584 815 634 gloria
835 599 843 620 t
863 596 934 634 quo
953 591 1055 635 pacto
1073 581 1205 620 scilieet

252 645 298 683 de
322 645 414 683 bona
434 645 575 683 fortuna
594 645 834 697 superbientes
847 675 856 691 ,
878 658 988 696 neque
1005 658 1042 682 se
1060 643 1096 682 in
1114 652 1206 682 terra

253 708 386 760 positos
409 707 647 754 arbitrantur;
670 707 806 744 tametsi
829 707 872 744 iis
899 705 1001 744 bonis
1022 705 1204 752 fruantur,

252 782 333 819 quae
347 781 462 819 neque
477 767 567 806 bona
584 781 657 806 esse
677 767 886 816 creduntur,
901 780 1013 818 neque
1030 765 1066 804 in
1081 779 1204 804 eorum

251 830 471 880 possessione
484 837 702 882 permanent,
718 827 778 866 sed
794 828 932 866 somnio
951 826 1108 866 velocius
1124 840 1205 863 avo-

252 889 328 928 lant
343 906 351 927 :
370 890 468 941 quod
486 890 514 928 si
532 890 714 942 paulipser
727 888 921 941 aliquando
939 888 1149 935 consistant,
1170 887 1204 925 iu

252 952 417 1005 praesenti
429 953 545 991 solum
555 952 627 990 vita
639 952 716 989 usui
727 966 800 990 esse
810 961 969 1005 possunt,
983 965 1046 989 nec
1058 951 1207 989 ulterius

252 1027 323 1051 una
343 1012 510 1066 progredi
531 1013 662 1051 valent.
688 1013 727 1051 Si
746 1021 865 1050 autem
885 1011 1092 1065 hujusmodi
1114 1011 1205 1049 bona

252 1074 418 1113 dominos
439 1083 536 1112 tanto
560 1074 690 1126 gaudio
709 1074 910 1120 extollunt,
933 1073 1020 1124 quid
1042 1073 1204 1112 futurum

253 1144 357 1186 putas
368 1135 414 1174 de
434 1135 622 1174 animabus
635 1135 706 1173 illis
716 1165 726 1182 ‚
743 1134 920 1173 accersitis
931 1134 975 1172 ad
992 1134 1129 1172 infinita
1146 1134 1206 1173 illa

251 1210 332 1247 quae
347 1197 381 1234 iu
398 1197 494 1235 caelis
510 1206 592 1235 sunt
607 1197 713 1242 bona,
729 1210 806 1246 quae
820 1196 921 1233 firma
938 1209 1076 1247 semper
1091 1204 1125 1233 ct
1140 1195 1206 1233 im-

250 1267 344 1295 mota
359 1258 528 1296 manent?
543 1259 664 1307 Neque
674 1271 712 1294 ea
730 1271 767 1295 re
778 1256 893 1294 solum
904 1256 1130 1300 antecellunt,
1143 1255 1205 1294 sed

248 1319 357 1357 etiam
375 1317 620 1370 magnitudine
636 1326 669 1355 et
686 1317 889 1355 conditione
907 1330 968 1354 sua
988 1316 1034 1353 ita
1051 1330 1205 1368 praesen-

248 1379 346 1417 tibus
362 1377 605 1431 praestantiora
623 1386 719 1425 sunt,
741 1386 780 1414 ut
795 1391 907 1427 neque
922 1378 957 1415 in
972 1390 1033 1414 cor
1047 1375 1204 1414 hominis

246 1437 283 1476 id
300 1438 488 1476 ascendere
500 1436 622 1490 possit.
641 1437 745 1475 Nunc
757 1436 886 1474 etenim
898 1435 1203 1487 quemadmodum

247 1501 282 1539 in
300 1509 399 1538 utero
414 1499 544 1547 infans,
565 1499 618 1537 sic
636 1499 671 1536 in
693 1498 760 1537 hoc
780 1497 914 1541 mundo
933 1498 1109 1550 angustiis
1119 1513 1206 1538 con-

248 1562 337 1601 clusi
351 1561 531 1613 degimus,
549 1575 613 1599 nec
625 1574 813 1613 possumus
828 1560 939 1598 futuri
954 1560 1071 1598 saeculi
1086 1561 1204 1613 splen-

246 1623 370 1663 dorem
383 1633 416 1662 et
429 1624 630 1662 libertatem
647 1623 805 1661 contueri
822 1639 829 1659 :
849 1632 884 1660 at
899 1622 960 1660 ubi
979 1633 1100 1674 partus
1117 1633 1205 1662 tem-

247 1700 316 1739 pus
333 1685 539 1735 advenerit,
561 1698 753 1735 omnesque
772 1684 934 1722 homines
948 1715 957 1729 ,
977 1698 1066 1735 quos
1086 1699 1204 1723 susce-

247 1756 364 1799 perat,
394 1747 453 1784 hic
476 1745 633 1784 mundus
660 1744 706 1783 ad
726 1744 821 1782 diem
838 1744 967 1797 judicii
992 1746 1201 1798 protulerit,

246 1807 402 1846 abortivi
417 1806 562 1859 quidem
575 1820 593 1844 e
608 1805 762 1845 tenebris
776 1805 810 1843 in
827 1807 987 1844 tenebras
1002 1807 1204 1859 ingredien-

248 1878 316 1917 tur,
331 1878 420 1907 etex
431 1867 605 1920 angustiis
618 1867 652 1905 in
663 1866 847 1918 angustias
861 1867 1041 1918 graviores
1051 1883 1061 1915 ;
1073 1869 1204 1907 maturi

245 1937 362 1966 autem
377 1928 483 1975 setus,
497 1926 561 1978 qui
581 1925 686 1978 regiae
704 1925 872 1976 imaginis
890 1925 1041 1964 formam
1056 1935 1090 1964 et
1105 1936 1204 1966 notas

246 1998 451 2039 servarunt,
472 1988 545 2040 regi
567 1988 759 2030 sistentur,
783 1985 946 2038 illudque
965 1987 1202 2029 ministerium

247 2060 449 2103 capessent,
472 2049 571 2102 quod
592 2048 710 2099 angeli
733 2057 766 2086 et
785 2048 989 2099 archangeli
1011 2049 1200 2089 universo-

248 2126 328 2150 rum
344 2114 418 2150 Deo
439 2111 637 2164 perhibent.
654 2111 685 2148 N
689 2124 707 2148 e
722 2109 839 2160 itaque
852 2109 916 2147 hos
937 2109 1170 2160 characteres,
1183 2127 1203 2151 ο

247 2173 372 2223 amice,
386 2173 545 2225 usquein
561 2172 666 2210 finem
681 2169 798 2209 delere
812 2170 913 2216 velis,
931 2171 990 2209 sed
1007 2185 1066 2210 eos
1078 2187 1204 2224 quam-

248 2234 403 2284 primum
416 2233 629 2272 instauratos
642 2232 677 2269 in
689 2231 870 2269 meliorem
883 2232 1033 2270 sormam
1045 2233 1203 2274 reducas.

250 2297 340 2334 Nam
350 2294 654 2348 pulchritudinem
665 2292 810 2344 quidem
825 2307 1029 2346 corpoream
1043 2294 1133 2333 intra
1146 2310 1206 2335 na-

250 2367 339 2394 tura:
355 2356 487 2395 limites
506 2354 680 2393 conclusit
702 2355 798 2392 Deus
821 2370 829 2390 ε
851 2355 977 2394 animae
996 2370 1080 2395 vero
1099 2356 1207 2397 decor

250 2418 312 2456 illa
339 2432 358 2455 a
389 2417 592 2456 necessitate
612 2425 645 2453 et
666 2415 837 2454 servitute
861 2415 1056 2465 liberatur,
1085 2428 1207 2472 utpote

251 2492 418 2531 corporea
434 2478 546 2516 forma
560 2477 664 2528 longe
680 2476 901 2529 praestantior
914 2493 921 2514 :
935 2486 1042 2528 atque
1055 2478 1090 2517 in
1107 2481 1208 2520 nobis

251 2539 335 2578 etin
355 2539 420 2578 Dei
434 2548 524 2577 nutu
538 2538 627 2577 situs
638 2547 688 2576 est
703 2546 808 2577 totus.
825 2537 1012 2589 Siquidem
1030 2540 1206 2581 Dominus

253 2610 371 2639 noster
383 2600 563 2639 beneficus
577 2613 658 2637 cum
674 2598 732 2647 sit,
742 2598 810 2637 hoc
823 2599 979 2638 maxime
990 2600 1084 2639 dono
1097 2615 1207 2654 genus

254 2671 414 2700 nostrum
428 2660 631 2709 exornavit,
647 2668 686 2698 ut
697 2674 776 2711 quae
791 2660 927 2698 minora
946 2670 1041 2711 sunt,
1058 2676 1121 2701 nec.
1134 2677 1208 2702 ma-

255 2723 316 2772 gni
334 2723 520 2771 intersunt,
536 2736 598 2760 nec
613 2721 718 2760 refert
731 2720 920 2773 quidpiam
936 2722 965 2760 si
982 2723 1208 2774 intercidant,

255 2798 294 2821 ea
316 2793 450 2821 natura:
469 2782 662 2821 necessitati
683 2781 884 2830 addixerit;
905 2796 1072 2822 verorum
1091 2794 1210 2824 autem

256 2844 433 2882 bonorum
450 2857 512 2881 uos
528 2843 673 2895 opifices
689 2856 763 2881 esse
783 2845 1005 2882 concesserit.
1022 2845 1162 2884 Atenim
1179 2846 1210 2885 si
1236 2856 1260 2887 E

258 2902 541 2956 pulchritudinis
551 2916 728 2954 corporeae
737 2916 798 2940 nos
811 2902 974 2941 dominos
986 2903 1210 2956 reddidisset,

257 2964 475 3017 superfluam
497 2962 776 3002 sollicitudinem
794 2964 1085 3016 suscepissemus,
1105 2975 1212 3017 atque

258 3027 294 3065 in
315 3026 420 3065 rebus
436 3024 664 3064 infructuosis
684 3033 797 3062 totum
819 3034 959 3078 tempus
977 3026 1213 3079 impendisse-

301 3148 317 3173 ’1
342 3149 400 3181 Sic
417 3145 604 3188 d11o,'llss.,
617 3146 796 3190 etquidem
815 3147 931 3181 melius
941 3161 1041 3193 quum
1065 3149 1118 3182 ulii
1134 3151 1189 3193 [ct
1205 3152 1265 3184 Su-

258 3213 268 3229 x
279 3198 331 3243 il.]
364 3203 419 3244 qui
433 3203 479 3234 sic
495 3197 618 3231 habent
633 3207 825 3245 παραατῆααί
839 3206 917 3236 ἐστιν
930 3227 938 3241 ,
956 3206 1023 3236 οὔτε
1040 3212 1090 3247 νῷ.
1111 3207 1264 3251 ἀμυδρῶς.

257 3253 333 3285 Mox
357 3265 441 3286 rinus
471 3256 591 3296 μεγάλα
608 3256 748 3294 ἰσχύσεις,
776 3259 957 3297 πειράσομαι
978 3263 1096 3294 ποιῆσαι
1128 3264 1264 3303 paupin-

254 3311 442 3348 ἐξετάσωμεν
455 3310 478 3339 al
495 3307 570 3337 δοκεῖ
585 3307 662 3341 τοὺς.
682 3303 723 3335 Et
737 3302 840 3336 savit.
858 3309 1042 3349 ἐξετάσωμεν
1058 3312 1116 3354 γά(α
1135 3313 1158 3342 el
1175 3310 1263 3352 δοκεῖ,

253 3359 287 3390 iu
303 3358 428 3390 emit-ris
444 3365 480 3389 ut
493 3356 614 3389 editur.

296 3419 308 3435 ¹
334 3408 435 3444 savit.
449 3416 480 3441 ct
497 3407 564 3441 duo
582 3407 658 3440 Mss.
673 3406 802 3440 addunt
827 3414 920 3443 ἑιεῐια
936 3418 1010 3453 post
1036 3416 1123 3446 ἐπί-μ

733 196 918 227 «ΙΟΑΝῗιῚδ
953 192 1193 224 cttm'SOST.
1237 192 1442 224 anetum).
1481 194 1837 226 CONSTANTINOP-

1285 275 1347 326 μὲν
1363 270 1421 314 οὖν
1435 276 1498 325 τὴν
1519 277 1730 330 εὐφροσύνην
1748 276 1882 324 ἐκείνην
1898 277 1975 316 οὔτε
1985 277 2079 330 λόγῳ
2092 276 2302 329 Δπαραστῆ·

1284 351 1358 385 σαι,
1378 338 1456 376 οὔτε
1476 341 1524 391 νῷ
1544 338 1725 377 διαλαὸεῖν
1750 338 1856 376 ἔστιν·
1879 338 2043 390 ἀμυδρῶς
2060 339 2095 376 δὲ
2119 338 2179 377 καὶ
2195 341 2242 381 ὡς
2261 338 2302 375 ἅν

1283 414 1335 442 τις
1352 398 1408 437 διὰ
1426 403 1560 452 μικρῶν
1583 402 1720 452 μεγάλα
1740 399 1878 451 δεικνύῃ
1891 429 1900 446 ,
1920 399 2136 450 πειράσομαι
2157 401 2305 444 ποιῆσαι

1283 461 1443 513 φανερόν.
1471 462 1713 512 Ἰἰξετάσωμεν
1739 460 1807 513 γὰρ
1834 460 1911 504 τοὺς
1930 462 1965 498 ἐν
1986 463 2036 514 τῷ
2063 461 2210 511 παρόντι
2239 459 2305 512 βίῳ

1282 524 1353 560 τῶν
1372 527 1431 562 τοῦ
1448 523 1580 575 κόσμου
1600 525 1718 562 καλῶν
1745 522 1983 565 ἀπολαύοντας
1998 552 2008 569 ,
2034 522 2184 560 πλούτου
2212 521 2305 572 λέγω

1283 583 1342 620 καὶ
1371 585 1573 629 δυναστείας
1605 585 1664 623 καὶ
1693 583 1817 631 δόξης,
1851 585 1926 626 πῶς
1952 582 2020 621 ὑπὸ
2048 584 2111 627 τ’ἧς
2141 581 2304 632 εὐθυμίας

1281 646 1510 696 γαυρούμενοι
1530 677 1541 696 ‚
1567 645 1643 685 οὐδὲ
1663 646 1721 684 ἐπὶ
1743 648 1807 690 τῆς
1824 647 1889 697 γῆς
1909 638 1997 682 εἶναι
2016 643 2191 693 νομίζουσι
2205 670 2215 687 ,
2243 641 2303 679 καὶ

1282 711 1392 744 ταῦτα
1435 707 1513 745 οὔτε
1553 706 1838 758 ὁμολογουμένων
1876 703 2116 747 ἀπολαύοντας
2158 703 2277 741 καλῶν
2290 731 2301 749 ,

1282 766 1360 804 οὔτε
1381 769 1654 820 παραμενόντων
1676 770 1790 810 αὐτοῖς
1804 797 1813 814 ,
1847 766 1926 804 ἀλλ’
1943 764 2195 818 ἀφιπταμένων
2214 763 2304 802 ὀνεί-

1285 843 1343 880 ρου
1364 829 1554 883 ταχύτερον
1571 845 1579 852 ·
1603 832 1632 869 εἷ
1653 830 1687 869 δὲ
1707 828 1791 867 ποτὲ
1812 827 1872 866 καὶ
1898 827 2001 873 σταίη
2031 826 2174 879 μικρὸν,
2196 825 2303 878 μέχρι

1282 892 1345 935 τῆς
1378 890 1560 942 παρούσης
1594 893 1685 937 ζωῆς
1723 890 1787 936 τὴν
1814 889 1947 927 εὔνοιαν
1979 886 2270 937 ἐπιδεικνυμένων
2292 914 2303 931 ,

1282 951 1480 1002 περαιτέρω
1513 953 1548 991 δὲ
1589 953 1651 991 οὐκ
1689 951 1879 1003 ἰσχυόντων
1919 948 2143 993 συνεξελθεῖν.
2187 948 2230 985 Εἰ
2266 945 2304 984 δὲ

1281 1015 1393 1050 ταῦτα
1422 1015 1468 1056 εἷς
1495 1013 1668 1060 τοσαύτην
1700 1012 1790 1063 αἴρει
1819 1010 1896 1054 τοὺς
1923 1010 2066 1062 ἔχοντας
2095 1006 2208 1060 χαρὰν
2225 1035 2235 1054 2
2270 1007 2306 1045 Τί

1283 1073 1346 1110 οἴει
1365 1074 1521 1124 γίνεσθαι
1538 1074 1671 1117 ἐκείνας
1690 1073 1753 1117 τὰς
1769 1072 1884 1126 ψυχὰς
1897 1102 1906 1118 ,
1931 1071 1992 1115 τὰς
2011 1069 2229 1120 καλουμένας
2246 1068 2306 1108 ἐπὶ

1283 1135 1326 1172 τὰ
1351 1136 1458 1186 μυρία
1487 1136 1602 1188 ἀγαθὰ
1622 1135 1665 1173 τὰ
1683 1137 1716 1173 ἐν
1738 1140 1809 1178 τοῖς
1838 1136 2019 1186 οὐρανοῖς,
2041 1131 2086 1169 τὰ
2117 1130 2305 1182 πεπηγότα

1282 1196 1342 1233 καὶ
1363 1197 1499 1235 ἑστῶτα
1517 1196 1666 1248 {sechim
1683 1195 1893 1241 διαπαντός;
1913 1194 2004 1233 Οὐδὲ
2027 1193 2097 1245 γὰρ
2114 1196 2216 1231 τοῦτο
2237 1191 2304 1243 μό-

1281 1272 1352 1303 νον,
1374 1258 1463 1295 ἀλλὰ
1484 1259 1543 1296 καὶ
1566 1261 1608 1310 τῇ
1635 1257 1804 1304 ποσότητι
1823 1257 1883 1295 καὶ
1899 1258 1941 1306 τῇ
1965 1255 2125 1301 ποιότητι
2147 1254 2303 1306 τοσούτῳ

1282 1318 1430 1368 κρείττω
1454 1321 1522 1356 τῶν
1543 1319 1726 1371 παρόντων
1743 1319 1836 1357 ἐστὶν
1860 1321 1888 1362 ³,
1903 1320 1950 1360 ὡς
1965 1315 2053 1366 μηδὲ
2073 1316 2129 1354 ἐπὶ
2156 1314 2303 1366 καρδίαν

1281 1377 1464 1428 ἀνθρώπου
1497 1379 1670 1425 ἀναὸἧναί
1689 1395 1786 1418 ποτε.
1817 1381 1890 1418 Νῦν
1920 1377 1982 1428 μὲν
2001 1377 2069 1429 γὰρ
2087 1376 2246 1427 καθάπερ
2267 1378 2302 1415 ἐν

1282 1440 1401 1492 μήτρᾳ
1417 1439 1555 1478 παιδίον
1573 1469 1584 1487 ,
1610 1439 1717 1484 οὕτως
1737 1442 1770 1479 ἐν
1795 1443 1846 1492 τῷ
1866 1439 1988 1492 κόσμῳ
2005 1437 2116 1490 τούτῳ
2136 1437 2303 1488 διάγομεν

1282 1500 1614 1553 στενοχωρούμενοι,
1628 1501 1687 1539 καὶ
1707 1506 1766 1540 τοῦ
1785 1501 1970 1552 μέλλοντος
1987 1501 2110 1542 αἰῶνος
2129 1498 2193 1545 τὴν
2210 1500 2304 1549 λαμ-

1280 1561 1440 1615 πρότητα
1462 1563 1522 1600 καὶ
1540 1562 1604 1608 τὴν
1632 1562 1826 1614 ἐλευθερίαν
1851 1564 1890 1599 οὐ
1918 1560 2101 1611 δυνάμενοι
2130 1560 2302 1598 συνιδεῖν·

1281 1622 1364 1662 ὅταν
1392 1623 1428 1662 δὲ
1451 1627 1469 1662 ὁ
1490 1625 1609 1676 καιρὸς
1637 1626 1763 1675 ἐπιστῇ
1786 1627 1853 1662 τῶν
1872 1622 2007 1661 ὠδίνων
2022 1653 2032 1670 ,
2063 1621 2123 1660 καὶ
2147 1621 2302 1672 ἀποτέκῃ

1282 1682 1374 1720 κατὰ
1391 1682 1456 1729 τὴν
1475 1686 1536 1729 τῆς
1557 1682 1703 1735 κρίσεως
1723 1683 1858 1734 ἡμέραν
1883 1682 1939 1725 οὒς
1961 1680 2151 1725 ὑπεδέξατο
2170 1681 2305 1724 πάντας

1282 1740 1485 1793 ἀνθρώπους
1504 1745 1522 1780 ὁ
1539 1741 1661 1794 παρὼν
1681 1742 1774 1793 βίος,
1790 1741 1834 1780 τὰ
1855 1740 1917 1792 μὲν
1937 1739 2209 1790 ἐξαμθλωθέντα
2234 1741 2305 1779 ἀπὸ

1282 1802 1424 1846 σκότους
1453 1805 1500 1845 εἷς
1533 1803 1655 1846 σκότος
1689 1802 1855 1855 ἔρχεται,
1895 1802 1955 1840 καὶ
1983 1800 2054 1839 ἀπὸ
2083 1800 2231 1853 θλίψεως
2257 1802 2306 1844 εἷς

1282 1866 1396 1916 θλῑψιν
1417 1864 1682 1916 χαλεπωτέραν·
1713 1862 1785 1902 ι’τὰ
1816 1863 1850 1901 δὲ
1882 1863 1985 1915 ἄρτια
2017 1862 2077 1900 καὶ
2107 1865 2170 1908 τῆς
2197 1864 2304 1913 βασι-

1281 1927 1381 1971 λικῆς
1403 1925 1532 1969 εἰκόνος
1551 1924 1627 1968 τοὺς
1646 1927 1876 1977 χαρακτῆρας
1901 1922 2160 1975 διαφυλάξαντα
2185 1938 2305 1975 παρα-

1282 1986 1473 2033 στήσονται
1501 1989 1550 2039 τῷ
1581 1988 1745 2038 βασιλεῖ,
1779 1987 1839 2024 καὶ
1866 1985 1930 2033 τὴν
1965 1984 2182 2037 λειτουργίαν
2218 1986 2302 2022 ἀνα-

1282 2046 1436 2092 δέξονται
1469 2048 1603 2094 ε’κείνην
1618 2077 1628 2094 ,
1663 2048 1704 2094 ἣν
1737 2047 1880 2098 ἄγγελοι
1916 2047 1975 2085 καὶ
2004 2046 2219 2098 ἀρχάγγελοι
2253 2048 2304 2098 τῷ

1281 2109 1423 2147 πάντων
1443 2109 1683 2147 διακονοῦνται
1705 2110 1801 2160 Θεῷ.
1826 2109 1887 2155 Μὴ
1907 2108 2021 2146 τοίνυν
2043 2109 2089 2151 εἷς
2108 2107 2206 2151 τέλος
2219 2106 2303 2146 τού-

1281 2185 1360 2214 τους
1374 2173 1458 2221 ἡμῖν
1479 2169 1649 2222 ἀφανίσῃς
1668 2169 1746 2213 τοὺς
1763 2173 1992 2222 χαρακτῆρας
2005 2200 2014 2217 ,
2031 2161 2060 2206 ὦ
2079 2168 2187 2221 φίλος,
2212 2167 2304 2207 ἀλλὰ

1283 2232 1419 2284 ταχέως
1444 2231 1566 2276 αὐτοὺς
1585 2231 1872 2282 ἀνακτησάμενος
1893 2231 1950 2270 ἐπὶ
1970 2230 2010 2269 τὸ
2029 2230 2164 2281 βέλτιον
2190 2229 2306 2268 διατύ-

1282 2309 1413 2332 πωσον.
1431 2295 1464 2332 Τ
1466 2294 1484 2332 ὸ
1505 2293 1566 2343 μὲν
1587 2291 1656 2344 γὰρ
1676 2293 1803 2337 κάλλος
1831 2293 1871 2331 τὸ
1900 2291 2100 2342 σωματικὸν
2129 2290 2211 2329 εἴσω
2236 2292 2304 2328 τῶν

1283 2358 1345 2401 τῆς
1364 2354 1498 2407 φύσεως
1511 2353 1599 2406 ὅρων
1619 2353 1836 2393 συνέκλεισεν
1855 2356 1874 2392 ὁ
1899 2353 1989 2398 Θεὸς
2004 2381 2014 2399 ,
2040 2356 2061 2400 ἡ
2084 2353 2120 2390 δὲ
2149 2355 2211 2399 τῆς
2239 2353 2306 2404 ψυ-

1282 2417 1348 2467 χῆς
1375 2414 1452 2468 ὥρα
1479 2417 1541 2461 τῆς
1570 2414 1633 2464 μὲν
1665 2416 1794 2453 ἐκεῖθεν
1835 2419 1849 2435 ⁰
1872 2414 2025 2466 ἀνάγκης
2057 2413 2117 2452 καὶ
2149 2412 2306 2455 δουλείας

1284 2477 1534 2524 ἀπήλλακται,
1555 2477 1615 2515 ἅτε
1635 2477 1676 2524 δὴ
1698 2477 1818 2529 πολλῷ
1835 2476 1980 2527 βελτίων
2000 2469 2086 2514 οῧσα
2105 2477 2168 2521 τῆς
2186 2489 2307 2522 σωμα-

1283 2541 1384 2585 τικῆς
1405 2538 1616 2591 εὐμορφίας·
1645 2540 1698 2591 ἐφ’
1720 2541 1804 2589 ἡμῖν
1826 2536 1862 2576 δὲ
1887 2537 2006 2575 ἅπασα
2032 2541 2145 2575 κεῖται
2171 2533 2232 2573 καὶ
2260 2537 2303 2587 τῇ

1285 2602 1375 2653 ῥοπῇ
1403 2605 1464 2639 τοῦ
1489 2603 1595 2639 Θεοῦ.
1624 2599 1880 2651 Φιλάνθρωπος
1911 2597 1980 2649 γὰρ
1999 2598 2047 2635 ὢν
2076 2599 2094 2635 ὁ
2122 2595 2303 2644 Δεσπότης

1284 2665 1384 2712 ἡμῶν
1406 2661 1465 2699 καὶ
1485 2661 1597 2713 τούτῳ
1626 2660 1781 2711 μάλιστα
1809 2659 1848 2697 τὸ
1868 2659 2036 2710 ἡμέτερον
2073 2657 2219 2708 ἐτίμησε
2245 2657 2303 2709 γέ·

1287 2739 1365 2770 νος,
1391 2723 1435 2761 τὰ
1467 2722 1529 2773 μὲν
1561 2721 1728 2760 ἐλάττονα
1757 2721 1817 2759 καὶ
1845 2720 1940 2759 οὐδὲν
1968 2720 2058 2772 μέγα
2078 2721 2305 2758 συντελοῦντα

1286 2787 1372 2834 ἡμῖν
1388 2814 1397 2831 ,
1416 2785 1493 2822 ἀλλ’
1512 2783 1605 2827 ὅπως
1621 2782 1660 2820 ἂν
1680 2782 1771 2834 πέσῃ
1793 2782 1965 2834 ἀδιάφορα
1985 2781 2079 2829 ὄντα,
2100 2783 2144 2832 τῇ
2162 2782 2223 2827 τῆς
2242 2780 2307 2833 φύ·

1287 2861 1375 2888 σεως
1402 2843 1594 2897 ἐπιτρέψας
1616 2843 1751 2894 ἀνάγκῃ
1767 2872 1776 2889 ,
1794 2846 1862 2880 τῶν
1883 2843 1919 2880 δὲ
1949 2844 2055 2886 ὄντως
2075 2843 2192 2880 καλῶν
2212 2845 2307 2893 ἡμᾶς

1287 2906 1436 2953 ποιήσας
1452 2900 1537 2943 εἶναι
1554 2905 1792 2956 δημιουργούς.
1808 2905 1852 2943 Ei
1869 2905 1931 2954 μὲν
1948 2903 2016 2957 γὰρ
2036 2903 2095 2942 καὶ
2113 2907 2173 2942 τοῦ
2190 2918 2309 2954 σωμα-

1287 2971 1385 3005 τικοῦ
1406 2966 1553 3009 κάλλους
1567 2969 1660 3015 ἡμᾶς
1677 2964 1838 3011 ἐποίησεν
1859 2958 1946 3003 εἶναι
1960 2964 2110 3016 κυρίους,
2125 2964 2184 3002 καὶ
2199 2979 2307 3016 φρον-

1287 3029 1367 3067 τίδα
1401 3027 1568 3080 περιττὴν
1599 3025 1614 3046 ‘¹
1635 3025 1825 3077 ἐδεξάμεθα
1860 3027 1921 3075 ἂν,
1955 3026 2015 3064 καὶ
2047 3028 2081 3064 ἐν
2113 3031 2183 3069 τοῖς
2210 3023 2309 3065 οὐδὲν

1346 3152 1361 3176 ¹¹
1386 3151 1478 3183 Uuus
1493 3149 1574 3183 (lod.
1595 3156 1633 3185 τὰ
1651 3154 1680 3184 δὲ
1699 3156 1909 3196 ἀπηρτισμένα
1926 3156 2029 3193 ἄρτια,
2044 3147 2126 3181 alius
2143 3153 2182 3183 τά
2206 3151 2235 3183 δ’(
2252 3154 2309 3194 ἀρ-

1300 3209 1379 3243 τίως.

1344 3267 1358 3282 ⁰
1380 3254 1483 3289 savit.
1506 3263 1538 3288 ct
1555 3255 1682 3299 aliquot
1702 3256 1779 3288 Mss.
1807 3261 1935 3299 ἀνάγκης
1949 3259 1997 3290 καὶ
2018 3257 2160 3294 δον>εἱας.
2179 3251 2305 3297 [Quod

1301 3309 1483 3351 recepimus
1501 3319 1561 3350 pro
1579 3317 1630 3347 τῆς
1646 3308 1805 3350 δουλείας]

1343 3363 1355 3381 ‘¹
1379 3359 1479 3394 Suril.
1497 3369 1527 3393 ct
1543 3359 1609 3392 ιΙιιυ
1624 3363 1836 3403 ἀνεδεξάμεθα.
