2513 3871
335 225 426 290 206

329 325 446 374 silere,
463 333 496 362 et
505 324 623 362 omnia
641 326 875 377 negligentem
887 326 934 364 ab
949 325 1011 364 illa
1023 325 1212 379 increpari,
1223 325 1280 363 vel

328 387 506 425 dicentem
524 394 558 423 et
578 385 817 439 increpantem
834 389 985 440 turpiter
1004 400 1129 439 agere:
1147 395 1182 425 et
1198 386 1281 426 vide

328 447 417 498 quid
430 446 622 500 contingat.
634 448 724 486 Nam
735 450 795 500 qui
807 449 929 501 jussus
945 459 996 488 est
1010 463 1054 488 ne
1072 462 1184 502 prope
1197 448 1280 500 qui-

744 243 782 273 S.
821 243 1008 274 sostxsts
1043 241 1283 273 ctntvsos'r.
1325 241 1532 276 ›menn-31².
1571 245 1930 278 CONSTANTtNOP.

1350 330 1370 365 ὁ
1396 333 1468 371 τοῖς
1494 331 1769 383 ὓπορχουμένοις
1794 331 1937 383 ὑπᾴδων
1955 331 2183 383 [optut-ticoh
2200 333 2234 370 τί
2246 332 2371 383 γένοιτ’

1352 385 1394 424 ἂν
1415 389 1642 443 αἰσχρότερον
1665 394 1724 430 καὶ
1743 393 1950 444 ἀτιμότερον
1963 408 1973 439 ;
1988 390 2139 431 Ἔπειτα
2164 393 2374 446 διαρρήγνυ-

1350 463 1409 486 ται
1428 449 1512 496 ὅλην
1531 451 1595 499 τὴν
1621 452 1758 504 ἡμέραν
1787 454 1875 506 πρὸς
1892 453 2029 498 οἰκέτας
2048 455 2256 505 ἀγανακτῶν
2283 453 2371 505 ὑπὲρ

325 510 409 549 dem
427 509 474 548 ad
492 510 699 562 temporalia
720 510 860 562 negotia
877 510 1057 560 accedere,
1073 524 1145 552 non
1163 511 1278 549 solum
1306 515 1328 546 Β
1350 512 1420 548 τῶν
1438 514 1577 562 γυναικὶ
1597 516 1844 566 προσηκόντων
1863 515 2094 567 πραγμάτων.
2108 515 2158 554 Ἦ
2179 515 2246 568 γὰρ
2266 517 2372 565 ἀνάγ·

325 570 552 623 temporalia,
568 570 629 609 sed
646 571 835 610 muliebria
856 572 1033 624 ipsissima
1044 580 1183 611 tractat.
1193 571 1280 610 Ete-

325 633 401 672 nim
414 645 499 672 vasa
514 632 702 672 muliebria
715 634 841 672 afferre
854 647 923 672 non
933 633 1143 673 detrectabit
1158 647 1281 685 argen-

325 693 442 745 tariis,
462 694 618 733 subinde
651 708 780 747 rogans
813 709 899 734 num
918 695 1105 749 speculum
1123 695 1277 734 domina:

322 765 563 809 praeparatum
586 757 651 800 sit.
670 771 758 796 num
778 756 907 795 cadum
934 757 1171 805 absolverint,
1188 770 1273 796 num

322 816 508 870 lecythum
528 817 864 865 reddiderint;nam
880 819 999 857 ineam
1009 819 1274 871 corruptionem

320 890 450 916 venere
468 878 607 926 omnia,
628 888 667 917 ut
701 879 868 932 pluribus
891 879 985 918 vasis
1002 893 1109 931 quam
1129 880 1273 918 saecula-

323 951 378 976 res
396 938 515 978 multa:
543 949 689 978 utantur
707 939 876 992 virgines.
889 940 982 979 Hine
995 940 1122 978 iterum
1141 941 1185 978 ad
1205 954 1274 978 un-

321 1001 547 1049 guentarium
568 1001 678 1039 currit
698 1001 971 1053 colloquuturus
990 1001 1035 1040 de
1055 1001 1274 1040 aromatibus

319 1061 495 1100 dominat:
513 1076 605 1115 saepe
617 1063 722 1101 etiam
739 1077 812 1115 prm
828 1063 938 1102 nimio
952 1062 1070 1101 studio
1086 1077 1150 1101 nec
1164 1063 1274 1102 detre-

318 1123 428 1161 ctabit
444 1123 473 1160 si
495 1132 528 1161 ct
548 1138 684 1176 pauper
698 1124 828 1175 injuria
849 1125 894 1162 sit
913 1123 1134 1162 afficiendus.
1157 1120 1274 1163 Uinn-

317 1193 376 1221 tur
394 1192 510 1221 autem
533 1184 690 1235 virgines
722 1185 913 1234 unguentis
937 1193 970 1222 et
997 1185 1108 1222 variis
1134 1194 1168 1222 et
1187 1198 1272 1237 pre-

316 1243 427 1282 tiosis.
446 1244 584 1282 Deinde
602 1243 649 1281 ab
669 1244 907 1294 unguentario
922 1244 967 1281 ad
982 1244 1191 1282 vendentem
1205 1244 1273 1282 lin·

316 1313 368 1341 tea
381 1333 391 1352 ,
405 1313 437 1342 et
451 1305 497 1341 ab
510 1304 572 1341 illo
582 1304 710 1342 iterum
725 1303 772 1341 ad
786 1304 980 1342 aulaeorum
993 1313 1176 1342 textorem.
1192 1305 1271 1342 Non

315 1365 409 1403 euim
431 1374 600 1403 verentur
615 1365 790 1418 imperare
807 1365 883 1403 lucc
902 1379 1031 1418 parva,
1048 1365 1133 1417 quia
1149 1365 1271 1404 vident

314 1441 373 1465 eos
397 1426 503 1466 valde
519 1425 735 1475 obedientes,
754 1436 788 1466 et
804 1426 955 1480 gratiam
967 1426 1137 1465 babentes
1151 1426 1246 1480 impe
1260 1449 1272 1458 -

314 1487 478 1526 rantibus
497 1490 686 1542 majorem,
706 1502 815 1540 quam
852 1488 932 1527 aliis
963 1489 1266 1528 ministrantibus.

313 1550 558 1598 llincitcrum,
571 1551 754 1602 siquando
765 1551 901 1602 aliquid
915 1550 1163 1604 apparandum
1175 1552 1270 1603 quod

312 1611 358 1650 ad
398 1612 630 1665 gestatorium
664 1612 934 1651 tabernaculum
968 1613 1036 1651 hoc
1068 1613 1240 1666 pertineat
1260 1643 1270 1659 ‚

313 1686 426 1724 usque
437 1671 481 1711 ad
494 1686 676 1726 vesperam
686 1674 857 1726 impransi
878 1673 1271 1727 perseverantlosficinis

311 1733 426 1772 affixi.
448 1734 496 1772 Et
515 1734 607 1772 illud
622 1747 692 1773 non
720 1744 772 1773 est
791 1734 1008 1782 mirandum,
1029 1735 1091 1773 sed
1113 1735 1211 1786 quod
1236 1745 1269 1774 et

311 1793 450 1832 miseris
463 1794 608 1833 famulis
623 1794 694 1833 sint
711 1795 864 1843 molesti,
879 1804 913 1833 et
935 1796 1109 1846 frequenti
1135 1796 1268 1848 injuria

309 1864 344 1893 et
361 1854 611 1894 inclamatione
629 1855 694 1894 bos
716 1865 877 1908 urgeant.
898 1857 1021 1907 Cogita
1035 1866 1174 1908 quantae
1184 1858 1268 1897 hinc

311 1917 540 1968 querimoniae
564 1933 572 1954 :
602 1917 765 1956 minister
804 1918 898 1956 enim
926 1917 1054 1970 injuria
1092 1919 1239 1957 affectus
1251 1951 1259 1966 ‚

310 1978 467 2017 maxime
484 1992 549 2032 pro
565 1979 697 2018 talibus
714 1980 832 2029 rebus,
846 1981 930 2031 quia
947 1994 1027 2018 eum
1045 1981 1106 2032 qui
1123 1995 1159 2020 se
1173 1981 1268 2034 inju-

311 2042 364 2078 ria
380 2039 498 2079 affecit
513 2054 582 2079 non
609 2041 679 2080 alio
699 2041 806 2080 modo
829 2042 952 2080 ulcisci
975 2051 1116 2095 potest,
1144 2044 1267 2096 lingua

309 2101 380 2141 boc
394 2102 490 2150 facit,
509 2111 543 2141 et
557 2102 694 2141 occulta
712 2103 1064 2150 obtrectationemec
1079 2104 1193 2157 parcit
1205 2105 1269 2143 ali-

311 2163 368 2201 cui
392 2177 529 2212 eorum,
541 2164 672 2216 quibus
691 2165 802 2203 furori
820 2179 885 2203 suo
896 2165 1103 2213 satisfaciat,
1117 2164 1179 2204 scd
1195 2175 1266 2204 tam

312 2223 501 2263 immodice
519 2225 715 2273 ulciscitur,
729 2235 904 2277 quantum
918 2226 1113 2265 verisimile
1131 2236 1267 2265 estser-

309 2300 396 2324 vum
416 2286 462 2324 ita
478 2286 748 2339 exprobratum,
768 2295 801 2325 ct
822 2287 878 2325 cui
894 2287 966 2325 sola
983 2287 1057 2325 haec
1077 2297 1128 2327 est
1142 2302 1266 2328 conso—

311 2347 396 2386 latio
415 2360 434 2385 e
453 2347 557 2385 malis
571 2347 644 2386 suis
661 2347 832 2386 adversus
851 2362 932 2386 cum
948 2349 1011 2400 qui
1027 2363 1063 2387 sc
1082 2349 1264 2388 contrista-

309 2409 373 2447 vit.
406 2410 450 2446 At
484 2410 547 2459 qui
578 2409 752 2462 pauperi,
775 2410 915 2461 inquit,
945 2410 1150 2458 cohabitat,
1181 2425 1263 2450 cum

307 2469 516 2521 argentariis
527 2471 665 2522 negotia
681 2485 749 2510 non
770 2471 879 2510 babet
894 2487 902 2508 :
918 2485 986 2511 non
1002 2472 1095 2511 enim
1114 2487 1264 2525 pauper-

309 2541 361 2568 tas
370 2530 474 2581 sinit;
489 2544 603 2583 neque
615 2532 746 2571 assidet
759 2532 915 2571 officinis
926 2533 1182 2585 unguentariis.
1192 2533 1263 2572 Sed

307 2606 390 2630 cum
411 2592 594 2631 sutoribus
612 2603 646 2632 et
667 2593 868 2632 textoribus
883 2603 917 2633 et
934 2594 1217 2646 variegatoribus
1230 2605 1263 2634 et

310 2653 522 2692 tinctoribus
534 2654 688 2693 multum
699 2664 941 2694 conversatur.
954 2655 998 2694 Et
1011 2655 1099 2708 quid
1113 2670 1202 2709 opus
1211 2671 1263 2695 re·

1294 1800 1317 1830 l)

309 2727 448 2753 censere
461 2714 584 2754 sordes
603 2728 741 2764 omnes,
762 2724 802 2755 ut
821 2715 965 2767 quando
984 2716 1021 2754 in
1041 2715 1189 2755 domum
1206 2717 1264 2754 in·
1291 2717 1314 2746 f.

309 2784 417 2820 trant,
431 2789 502 2826 quo
518 2776 725 2827 subtegmen
737 2791 777 2815 ac
789 2786 938 2816 tramam
952 2777 1265 2827 ventlant,ctdein-

310 2836 356 2874 de
376 2837 410 2874 in
433 2837 520 2883 soro,
555 2846 594 2876 ut
613 2838 696 2877 talia
719 2839 846 2878 iteruin
883 2839 1091 2891 requirant?
1116 2840 1163 2879 Et
1189 2839 1264 2878 lucc

313 2897 458 2949 quidem
473 2898 628 2949 domi,in
643 2901 718 2939 soro
733 2910 851 2939 autern
870 2901 942 2940 risu
955 2902 1117 2955 digniora
1135 2903 1263 2941 ferunt.

375 3445 423 3480 10
459 3446 495 3482 lu
522 3446 665 3486 cci-lesia
687 3460 768 3483 ιιτυ
787 3446 856 3485 ‹lu-i
895 3462 961 3488 non
1000 3459 1110 3500 potest
1129 3460 1258 3502 quanta

1350 586 1395 618 κη
1416 581 1530 627 σιγᾷν,
1554 577 1614 616 καὶ
1645 580 1786 616 πάντων
1818 578 2091 628 παραμελοῦντα
2119 579 2205 629 παρ’
2237 577 2372 624 ἐκείνης

1348 638 1601 687 ἐπιτιμᾶσθαι,
1630 637 1652 683 ἢ
1683 639 1828 689 λέγοντα
1867 637 1928 676 καὶ
1957 638 2218 684 ἐπιπλήττοντα
2249 639 2371 689 ἀσχη·

1348 703 1465 747 μονεῑν
1478 714 1485 721 ·
1507 699 1565 737 καὶ
1585 700 1647 751 ὅρα
1668 700 1708 737 τὸ
1727 700 1930 750 συμδαῖνον.
1945 698 1992 736 Ὁ
2010 698 2078 750 γὰρ
2096 700 2165 737 τῶν
2197 699 2371 749 βιωτικῶν

1346 760 1566 810 πραγμάτων
1611 761 1698 810 μηδὲ
1743 760 1842 812 ἐγγὺς
1881 759 2042 810 γενέσθαι
2070 759 2279 806 κελευσθεὶς,
2305 760 2372 811 οὔχ

1345 820 1465 863 ἅπλῶς
1489 824 1661 870 βιωτικῶν
1673 852 1684 869 ,
1700 823 1790 860 ἀλλὰ
1810 823 1868 860 καὶ
1889 825 1959 860 τῶν
1978 820 2183 874 γυναικείων
2202 821 2372 873 ἐνδοτέρω

1344 881 1489 932 γίνεται·
1504 884 1563 921 καί
1578 883 1647 934 γὰρ
1663 885 1722 921 καὶ
1742 883 1848 931 σκεύη
1868 889 2047 936 γυναικεῖα
2067 884 2228 922 ἐκδοῦναι
2245 883 2284 921 οὗ
2303 897 2371 920 πα-

1349 942 1595 994 ραιτήσονται,
1618 946 1696 982 ἀλλ’
1729 944 1977 991 ἐπιστήσονται
2011 949 2083 987 τοῖς
2119 942 2372 995 ἀργυροκόποις

1346 1006 1736 1057 συνεχῶςέρωτῶντες,
1761 1009 1790 1044 εἰ
1810 1006 1850 1044 τὸ
1867 1006 2064 1056 κάτοπτρον
2094 1003 2371 1043 κατεσκεύασται

1346 1066 1407 1109 τῆς
1427 1065 1547 1116 κυρίας
1560 1095 1568 1111 ,
1586 1069 1615 1104 εἰ
1641 1068 1700 1106 τὸν
1722 1067 1826 1106 κάδον
1853 1068 2051 1119 α’πῆρτισαν
2065 1097 2073 1113 ,
2093 1068 2123 1104 εἰ
2143 1066 2183 1105 τὸ
2206 1065 2372 1112 ληκύθιον

1346 1124 1552 1164 ἀπέδωκαν·
1579 1128 1637 1165 καὶ
1656 1128 1724 1182 γὰρ
1743 1130 1791 1169 εἰς
1812 1132 1912 1166 τοῦτο
1933 1128 2050 1166 πάντα
2069 1122 2133 1173 ἧκε
2160 1127 2369 1178 διαφθορᾶς,

1344 1187 1391 1226 ὡς
1411 1188 1479 1222 τῶν
1501 1189 1770 1242 βιωτικωτὲρων
1797 1190 1928 1239 μᾶλλον
1947 1189 2010 1232 τὰς
2029 1189 2161 1231 πολλὰς
2179 1189 2248 1225 τῶν
2275 1202 2372 1239 παρ·

1345 1245 1451 1282 θένων
1490 1247 1622 1290 τούτοις
1669 1252 1865 1301 κεχρῆσθαι
1902 1255 1974 1292 τοῖς
2016 1250 2186 1288 σκεύεσιν.
2215 1247 2370 1287 Ἐκεῖθεν

1344 1305 1450 1343 πάλιν
1479 1308 1566 1360 πρὸς
1585 1310 1644 1347 τὸν
1673 1310 1826 1361 μυρεψὸν
1845 1309 1994 1361 ἔδραμεν
2022 1309 2110 1360 ὑπὲρ
2137 1311 2207 1347 τῶν
2226 1312 2289 1356 τῆς
2306 1324 2372 1347 κυ-

1346 1367 1420 1415 ρίας
1458 1368 1697 1419 διαλεξόμενος
1740 1369 1961 1421 ἀρωμάτων·
2002 1369 2172 1414 πολλάκις
2211 1369 2247 1407 δὲ
2283 1369 2371 1421 ὑπὲρ

1344 1429 1499 1473 πλείονος
1518 1431 1670 1477 σπουδῆς
1692 1431 1752 1469 καὶ
1773 1431 1915 1483 ὓὸρίσαι
1938 1432 1996 1470 τὸν
2014 1432 2150 1478 πένητα
2171 1432 2210 1470 οὗ
2235 1445 2371 1484 παραι-

1343 1490 1499 1535 τήσεται.
1519 1492 1588 1530 Καὶ
1617 1491 1684 1544 γὰρ
1712 1493 1771 1531 καὶ
1796 1492 1915 1546 μύροις
1945 1495 2103 1545 χρῶνται
2137 1494 2173 1531 αἱ
2205 1492 2370 1544 παρθένοι

1342 1552 1516 1595 ποικίλοις
1531 1569 1567 1590 τε
1589 1553 1649 1591 καὶ
1668 1553 1908 1592 πολυτελέσιν.
1932 1548 2022 1593 Εἶτα
2047 1554 2116 1592 ἀπὸ
2134 1557 2196 1592 τοῦ
2215 1555 2371 1606 μυρεψοῦ

1342 1613 1427 1664 πρὸς
1442 1614 1499 1651 τὸν
1517 1614 1578 1657 τὰς
1597 1614 1718 1659 ὀθόνας
1737 1616 1936 1663 πωλοῦντα,
1955 1615 2013 1653 καὶ
2033 1617 2095 1654 ἀπ’
2112 1614 2243 1654 ἐκείνου
2263 1614 2370 1653 πάλιν

1341 1674 1428 1725 πρὸς
1456 1675 1516 1712 τὀν
1545 1676 1769 1722 σκηνοποιόν.
1804 1676 1897 1715 Οὐδὲ
1928 1676 1995 1728 γὰρ
2032 1676 2077 1714 τὰ
2117 1675 2229 1727 μικρὰ
2258 1679 2369 1714 ταῦτα

1342 1734 1567 1786 αἰσχύνονται
1583 1737 1795 1784 ἐπιτάττειν,
1809 1736 1931 1782 ἐπειδὴ
1952 1737 2085 1789 σφόδρα
2100 1739 2227 1789 ὁρῶσιν
2245 1735 2369 1779 αὖτοὺς

1341 1795 1580 1840 ὑπακούοντας
1604 1797 1663 1834 καὶ
1684 1797 1788 1849 χάριν
1812 1798 1956 1849 ἔχοντας
1988 1797 2255 1840 ἐπιταττούταις
2281 1797 2369 1836 ταύ-

1341 1871 1430 1903 ταις,
1448 1857 1470 1903 ἢ
1492 1857 1620 1908 ἑτέροις
1637 1858 1929 1908 διακονουμένοις.
1948 1857 2130 1896 Ἐντεῦθεν
2149 1858 2272 1903 πάλιν,
2284 1856 2367 1896 ὅταν

1340 1918 1569 1957 ἐπισκευάσαι
1592 1934 1626 1956 τι
1646 1918 1707 1969 δέῃ
1726 1921 1789 1965 τῆς
1807 1922 2042 1971 περιφορητῆς
2061 1918 2195 1966 ἐκείνης
2214 1920 2365 1967 σκηνῆς,

1341 1979 1401 2016 καὶ
1427 1979 1552 2031 μέχρις
1581 1980 1729 2032 ἑσπέρας
1761 1981 1868 2026 αὐτῆς
1900 1980 2014 2019 ἄσιτοι
2046 1981 2267 2028 διατελοῦσι,
2293 1984 2364 2022 τοῖς

1340 2040 1582 2092 ἐργαστηρίοις
1600 2042 1880 2092 προσηλωμένοι.
1905 2041 1975 2080 Καὶ
1993 2042 2032 2080 οὐ
2053 2040 2153 2080 τοῦτό
2175 2056 2251 2084 πως
2280 2043 2364 2080 θαυ-

1342 2102 1488 2150 μαστὸν,
1509 2102 1588 2140 ἀλλ’
1607 2102 1660 2141 ὅτι
1680 2103 1739 2141 καὶ
1760 2109 1832 2146 τοῖς
1851 2101 2087 2154 ταλαιπώροις
2108 2102 2258 2145 οἰκέταις
2277 2101 2363 2141 εἰσὶν

1338 2163 1524 2214 ἐπαχθεῖς,
1541 2165 1600 2202 καὶ
1621 2163 1735 2211 πολλὴ
1761 2167 1838 2202 κατ’
1867 2165 1979 2203 αὐτῶν
2007 2162 2106 2216 ὕὸρις
2144 2163 2203 2200 καὶ
2231 2164 2364 2214 ἀγανα-

1339 2239 1462 2269 κτησις
1485 2225 1544 2262 καὶ
1570 2226 1716 2278 κραυγή.
1738 2225 1926 2272 Ἐννόησον
1947 2224 1982 2264 δὲ
2002 2227 2081 2264 ὅσαι
2102 2225 2142 2262 ἐκ
2169 2224 2300 2263 τούτων
2328 2226 2365 2262 αἱ

1339 2286 1568 2339 κατηγορίαι·
1601 2287 1737 2334 οἰκέτης
1771 2286 1838 2339 γὰρ
1871 2287 2074 2339 ὓὸρισθεὶς,
2104 2286 2164 2324 καὶ
2207 2286 2364 2335 μάλιστα

1339 2345 1426 2398 ὑπὲρ
1444 2347 1610 2386 τοιούτων
1629 2348 1863 2400 πραγμάτων,
1883 2347 2005 2395 ἐπειδὴ
2027 2346 2149 2399 μηδενὶ
2166 2346 2288 2398 τρόπῳ
2305 2347 2364 2385 τὸν

1338 2408 1507 2459 ὓὸρικότα
1535 2409 1735 2460 ἀμύνασθαι
1761 2409 1857 2461 ἔχει,
1887 2409 1944 2447 διὰ
1978 2411 2041 2454 τ’ῆς
2073 2407 2234 2459 γλώττης
2263 2412 2365 2447 τοῦτο

1338 2475 1430 2507 ποιεῖ
1460 2470 1519 2508 καὶ
1549 2473 1612 2518 τῆς
1638 2470 1807 2523 λαθραίας
1833 2471 2067 2522 κακηγορίας,
2091 2469 2226 2513 οὐδενὸς
2250 2469 2365 2522 φειδό·

1338 2546 1438 2580 μενος
1473 2535 1541 2570 τῶν
1572 2534 1751 2583 ἐμπλῆσαι
1787 2532 1986 2581 δυναμένων
2021 2534 2116 2583 αὐτῷ
2149 2531 2207 2569 τὸν
2235 2531 2362 2580 θυμὸν,

1338 2592 1429 2630 ἀλλὰ
1455 2594 1543 2643 μετὰ
1567 2593 1736 2639 τοσαύτης
1756 2594 1952 2644 ὑπερὸολῆς
1973 2596 2017 2643 τῇ
2047 2591 2161 2643 ἀμύνῃ
2188 2591 2361 2643 κέχρηται

1338 2653 1470 2704 ταύτῃ,
1496 2655 1571 2703 μεθ’
1588 2654 1673 2700 ὅσης
1695 2655 1784 2696 εἰκὸς
1821 2653 1958 2699 οἰκέτην
1989 2654 2091 2698 ὄντα,
2122 2653 2181 2690 καὶ
2217 2656 2360 2691 τοιαῦτα

1338 2715 1567 2767 ὓὸρισμίνον,
1597 2715 1656 2752 καὶ
1684 2714 1816 2760 ταύτην
1843 2714 1969 2765 ἔχοντα
1997 2715 2099 2764 μόνον
2134 2713 2361 2765 παραμυθίαν

1338 2778 1406 2814 τῶν
1428 2775 1564 2814 οἰκείων
1584 2777 1701 2813 κακῶν
1728 2775 1818 2813 κατὰ
1847 2780 1907 2813 τοῦ
1932 2774 2179 2820 λελυπηκότος.
2199 2773 2245 2811 '0
2263 2773 2299 2813 δί
2315 2777 2360 2821 τῆ

1339 2843 1488 2889 πενιχρᾷ
1516 2838 1626 2880 συζῶν
1660 2836 1911 2887 ἀργυροκόποις
1940 2835 2002 2884 μὲν
2031 2837 2070 2872 οὐ
2091 2834 2361 2882 διαλέξεται(οὖ

1339 2899 1405 2950 γὰρ
1420 2898 1593 2950 ἀρίησινή
1607 2896 1750 2941 πενία),
1767 2895 1843 2934 οὐδὲ
1864 2896 2110 2947 προσεδρεύσει
2127 2896 2362 2947 μυροπώλοις,

1338 2958 1685 3011 ὑποδηματοῤῥάφοις
1713 2956 1748 2995 δὲ
1771 2957 1828 2995 καί
1864 2958 2030 3008 ὑφάνταις
2068 2958 2127 2995 καὶ
2164 2959 2361 2999 ποικιλταῖς

1338 3022 1395 3059 καὶ
1424 3024 1588 3073 βαφεῦσιν
1611 3019 1793 3070 ἐνοχλήσει
1813 3020 1996 3061 πολλάκις.
2022 3020 2091 3058 Καὶ
2110 3020 2143 3056 τί
2172 3019 2223 3057 δεῖ
2246 3023 2361 3058 πᾶσαν

1338 3083 1541 3134 καταλέγειν
1569 3081 1631 3127 τὴν
1661 3080 1934 3132 ἀσχημοσύνην,
1955 3075 2047 3126 οἷον,
2066 3080 2150 3119 ὅταν
2179 3082 2229 3123 εἰς
2257 3080 2360 3125 οἰκή-

1337 3162 1432 3196 ματα
1462 3146 1593 3183 εἰσιῶσι
1622 3142 1778 3192 στήμονα
1809 3143 1866 3180 καὶ
1889 3143 2017 3192 κρόκην
2043 3143 2259 3184 πωλοῦντες.
2277 3141 2360 3180 ὅταν

1337 3210 1382 3249 εἰς
1418 3207 1481 3251 τὴν
1507 3204 1638 3256 ἀγορὰν
1660 3203 1851 3253 περιίωσιν
1896 3205 1982 3242 αὐτὰ
2020 3208 2129 3242 ταῦτα
2164 3203 2272 3241 πάλιν
2299 3205 2360 3248 ζη-

1336 3273 1494 3313 τοῦν-,ξω
1526 3267 1595 3306 Καὶ
1618 3271 1725 3304 ταῦτα
1751 3266 1812 3317 μὲν
1840 3268 1872 3304 ἐν
1905 3272 1976 3307 ταῖς
1994 3266 2138 3308 οἰκίαις·
2160 3267 2195 3303 ἐν
2221 3264 2257 3303 δί
2284 3270 2359 3306 ταῖς

1336 3333 1477 3380 ἀγοραῖς
1510 3328 1566 3366 καὶ
1597 3329 1723 3366 τούτων
1753 3327 1839 3365 πολὺ
1869 3326 2196 3377 καταγελαστότερα
2225 3325 2359 3375 ὑπομέ-

1336 3406 1461 3429 νῦυτιν.

1391 3453 1471 3490 Ἰἰττί
1493 3453 1525 3490 οὶ
1549 3455 1607 3498 ri<
1629 3451 1815 3497 ἐκκλησίας
1836 3451 1910 3489 οὐδὲ
1937 3453 2042 3489 ιίπιιν
2060 3452 2132 3488 ἐστι
2152 3449 2213 3495 τὴν
2237 3447 2359 3499 αἰσχύ·
