2513 3871
301 200 362 247 36
737 219 772 249 S.
815 216 1000 248 JOANNIS
1035 215 1276 247 citnx'SOS'r.
1319 217 1523 249 Attenuat).
1563 219 1919 253 CONSTAN'HNOP.

299 300 387 353 ipsis
406 299 638 338 reverentiam
660 300 902 350 honoremque
921 299 1099 337 exhibuit.
1116 299 1248 350 Sicque
1320 300 1460 340 ἅπαντα
1471 331 1480 348 ,
1504 303 1564 341 καὶ
1578 304 1708 356 προϊὼν
1721 304 1865 342 πλείονα
1875 303 1938 352 τὴν
1951 304 2034 357 πρὸς
2049 305 2170 348 αὐτοὺς
2180 305 2267 344 αἰδῶ
2281 305 2342 343 καὶ

300 362 366 400 Dei
384 361 495 412 gratia
517 360 690 413 paulatim
715 374 795 398 cum
818 361 864 398 ab
886 358 1091 412 hujusmodi
1114 359 1250 397 retibus
1320 360 1426 411 τιμὴν
1450 363 1680 401 ἐπεδείκνυτο.
1708 362 1776 401 Καὶ
1794 363 1903 407 οὕτως
1921 364 2022 403 αὐτὸν
2042 363 2133 403 κατὰ
2155 364 2279 417 μικρὸν
2297 367 2340 413 τῇ

298 422 526 474 expeditum,
547 422 704 474 pristina:
734 421 920 460 solitudini
949 430 1057 472 atque
1083 420 1247 472 philoso-
1318 425 1380 459 τοῦ
1399 425 1492 463 Θεοῦ
1511 423 1631 476 χάριτι
1662 425 1803 463 πάντων
1831 425 1972 463 ἐκείνων
2003 425 2245 470 ἐξελκύσαντες
2271 427 2342 463 τῶν

296 483 390 535 phiae
404 481 655 521 reddiderunt.
671 483 775 521 Nunc
787 482 933 521 demum
949 492 1047 520 tanto
1060 481 1249 534 splendore
1320 483 1468 523 δικτύων
1482 515 1492 532 ,
1513 489 1557 536 τῇ
1589 486 1743 539 προτέρα
1769 486 1876 525 πάλιν
1908 488 2038 539 ἐρημία
2068 488 2128 525 καὶ
2155 486 2342 539 φιλοσοφίᾳ

296 543 453 592 sulsit‚ut
468 542 618 596 pristina
637 545 714 596 ejus
727 544 856 593 vita‚si
871 553 1098 594 comparetur
1110 557 1192 581 cum
1210 557 1248 581 ea
1318 546 1538 597 παρέδωκαν.
1566 549 1634 586 Καὶ
1656 549 1714 586 ἐπὶ
1740 552 1902 586 τοσοῦτον
1933 548 2069 600 ἔλαμψε
2096 552 2178 594 νῦν,
2206 549 2255 590 ὡς
2282 547 2341 586 τὸν

294 617 364 655 qua
382 614 461 657 post
477 604 615 657 lapsum
625 604 766 655 claruit,
777 606 879 643 nihili
896 604 1056 643 habenda
1075 604 1247 643 videatur.
1272 610 1297 639 D
1319 607 1486 660 πρότερον
1507 611 1610 647 αὐτοῦ
1630 608 1644 628 ¹¹
1661 610 1735 660 βίον
1758 612 1808 662 τῷ
1832 609 1921 659 μετὰ
1946 609 2009 656 τὴν
2029 609 2204 647 ἔκπτωσιν
2226 623 2342 660 παρα-

294 665 386 704 Cum
400 666 494 704 enim
509 667 749 719 experimento
763 665 947 705 didicisset
964 681 1044 718 qua:
1064 675 1154 705 esset
1171 666 1247 704 ille·
1318 667 1533 720 ὅαλλόμενον
1551 671 1659 720 μηδὲν
1677 665 1763 709 εἶναι
1783 672 1905 709 δοκεῖν.
1925 670 2079 709 Συνιδὼν
2098 670 2165 722 γὰρ
2190 669 2260 707 ἀπὸ
2279 671 2342 714 τῆς

291 726 645 778 cehra‚absumtisin
660 742 850 780 egenorum
864 743 946 766 usus
959 729 1117 781 pecuniis
1130 729 1246 767 omni·
1317 730 1439 782 πείρας
1465 734 1580 775 καλῶς
1600 734 1639 771 τὸ
1659 734 1802 784 δέλεαρ,
1823 733 1883 771 καὶ
1904 732 2018 770 πάντα
2048 734 2095 775 εἱς
2114 731 2192 774 τοὺς
2218 730 2342 780 δεομέ-

291 787 382 835 bus,
409 789 614 841 hujusmodi
639 790 734 828 curis
763 791 972 843 expeditus,
991 804 1131 829 omnem
1154 790 1245 828 insi·
1315 806 1393 835 νους
1420 793 1602 838 ἀναλώσας
1619 795 1675 833 τὀν
1695 797 1856 841 πλοῦτον,
1877 795 1935 833 καὶ
1954 797 2024 832 τῶν
2043 792 2232 845 φροντίδων
2253 795 2342 831 ἀπο·

291 849 493 890 diatoribus
512 850 673 904 praecidit
692 852 933 890 occasionem:
951 861 983 889 et
1005 865 1099 889 nunc
1127 851 1160 890 in
1185 851 1244 888 illa
1315 852 1423 898 λύσας
1444 856 1565 893 ἑαυτὸν
1595 855 1752 903 ἐκείνων,
1782 863 1898 894 πᾶσαν
1918 862 1987 900 τοῖς
2010 855 2231 907 βουλομένοις
2258 856 2340 893 ἐπι·

289 925 370 963 quae
388 911 489 950 ducit
517 913 562 950 ad
581 912 708 951 caelum
728 914 786 952 via
807 927 1013 966 progressus
1036 912 1082 951 ad
1102 912 1246 951 virtutis
1318 915 1490 966 βουλεύειν
1508 916 1647 969 ἐξέκοψε
1667 917 1731 963 τὴν
1747 918 1938 969 πρόφασιν·
1958 917 2019 955 καὶ
2034 921 2092 954 νῦν
2116 915 2180 963 τὴν
2202 916 2260 955 ἐπὶ
2279 916 2338 954 τὸν

290 973 427 1026 apicem
441 973 586 1012 demum
598 975 770 1027 pervenit,
793 975 913 1013 Atille
927 974 1087 1026 quidem,
1100 973 1244 1026 juvenis
1317 977 1459 1027 οὐρανὸν
1490 979 1638 1028 βαδίζων
1667 980 1762 1026 ὁδὸν,
1792 979 1877 1031 πρὸς
1908 979 1992 1017 αὐτὸ
2018 978 2140 1016 λοιπὸν
2171 977 2213 1016 τὸ
2241 976 2339 1020 τέλος

96 1048 274 1086 Exemplum
291 1048 372 1074 cum
387 1045 489 1085 esset,
506 1035 628 1088 lapsus
641 1045 691 1074 est
710 1045 743 1074 et
758 1036 916 1075 surrexit
929 1052 936 1073 :
949 1036 1040 1074 alius
1055 1050 1139 1074 vero
1157 1036 1244 1086 qui·
1316 1037 1442 1089 ἔφθασε
1458 1042 1519 1085 τῆς
1539 1042 1675 1093 ἀρετῆς.
1691 1041 1786 1079 Ἀλλ’
1801 1037 1897 1085 οὗτος
1914 1040 1975 1091 μὲν
1991 1040 2043 1078 ἔτι
2056 1039 2129 1083 νέος
2143 1039 2191 1076 ὢν
2207 1037 2266 1077 καὶ
2280 1054 2339 1077 κα-

85 1091 179 1121 ⁸¹⁵¹'‘¹·
290 1095 374 1135 dam
395 1106 473 1150 post
492 1097 622 1135 multos
642 1097 676 1135 in
695 1097 765 1135 vita
783 1097 962 1136 eremitica
985 1096 1153 1143 sudores,
1173 1110 1244 1135 uno
1313 1098 1439 1138 τέπεσε
1461 1101 1519 1138 καὶ
1543 1102 1688 1149 ἀνέστη·
1711 1102 1826 1153 ἔτερος
1847 1102 1883 1140 δέ
1902 1119 1954 1145 τις
1981 1101 2070 1152 μετὰ
2089 1100 2168 1144 τοὺς
2188 1099 2338 1143 πολλοὺς

290 1166 427 1197 tantum
441 1158 537 1197 socio
552 1159 661 1197 vitam
671 1158 867 1210 angelicam
881 1173 1056 1206 emensuS‚
1075 1159 1243 1210 cumjam
1313 1162 1475 1212 ἱδρῶτας,
1497 1161 1554 1206 οὓς
1569 1165 1603 1201 ἐν
1619 1170 1695 1207 ταῖς
1711 1164 1872 1215 ἐρημίαις
1892 1163 2080 1216 διατρίὸων
2098 1162 2258 1213 ἤνεγκεν,
2275 1161 2337 1200 ἕνα

287 1219 333 1258 ad
346 1229 559 1258 senectutem
574 1218 889 1269 acce-‹leret‚ncscio
908 1235 979 1271 quo
994 1229 1096 1272 pacto
1111 1229 1242 1258 satanoe
1268 1233 1291 1262 F,
1313 1221 1470 1261 σύνοικον
1488 1224 1579 1275 ἔχων
1610 1225 1734 1274 μόνον,
1761 1226 1819 1263 καὶ
1841 1226 2023 1277 ἀγγελικὸν
2046 1225 2120 1275 βίον
2142 1223 2252 1275 βιοὺς,
2274 1222 2336 1261 καὶ

285 1281 441 1319 versutia
461 1280 735 1327 circumventus,
749 1289 784 1318 et
802 1280 898 1331 quod
921 1281 1102 1318 remissius
1121 1290 1241 1331 ageret
1312 1283 1397 1333 πρὸς
1415 1287 1526 1334 γῆρας
1545 1285 1697 1323 ἐλαύνων
1711 1286 1846 1333 λοιπὸν,
1863 1287 1924 1323 οὐκ
1948 1280 2025 1324 οἶδα
2042 1287 2115 1328 πῶς
2139 1285 2207 1323 ὑπὸ
2226 1299 2336 1323 σατα-

285 1340 376 1380 dans
390 1340 528 1379 aditum
543 1340 714 1392 maligno,
731 1341 766 1378 in
779 1341 1098 1392 concupiscentiam
1114 1340 1240 1378 mulie·
1312 1346 1410 1389 νικῆς
1428 1361 1519 1388 τινος
1538 1346 1777 1397 περιστάσεως
1797 1346 1855 1384 καὶ
1874 1350 1934 1384 τοῦ
1956 1346 2190 1390 ἀπονυστάξαι
2211 1344 2336 1397 μικρὸν

285 1416 365 1440 rum
382 1402 502 1454 lapsus
517 1410 569 1440 est
581 1433 592 1451 ‚
619 1401 680 1452 qui
703 1410 838 1450 tamen,
855 1416 900 1440 ex
919 1416 990 1452 quo
1009 1401 1240 1440 monasticam
1311 1405 1462 1456 πάροδον
1489 1405 1565 1450 δοὺς
1584 1409 1634 1458 τῷ
1651 1409 1807 1460 πονηρῷ,
1822 1409 1870 1450 εἷς
1891 1407 2076 1456 ἐπιθυμίαν
2095 1409 2157 1452 τῆς
2175 1406 2260 1459 πρὸς
2276 1422 2336 1458 γυ·

284 1466 399 1503 vitam
420 1463 564 1507 inierat,
587 1477 785 1514 numquam
808 1463 993 1502 mulierem
1020 1463 1170 1502 viderat.
1194 1463 1240 1501 Et
1310 1473 1435 1512 ναῐκας
1463 1468 1602 1519 ὁμιλίας
1632 1468 1806 1517 ἐνέπεσεν,
1837 1472 1855 1507 ὃ
1885 1469 2061 1519 μηδέποτε
2079 1474 2228 1519 γυναῖκα
2252 1466 2334 1506 ἰδὼν

283 1526 402 1579 primo
421 1525 570 1576 quidem
591 1524 881 1562 contubernalem
902 1524 1061 1576 rogabat,
1074 1524 1142 1562 sibi
1164 1538 1239 1562 car·
1265 1560 1297 1584 30
1312 1527 1346 1572 ἐξ
1373 1523 1411 1567 οὗ
1438 1530 1524 1580 πρὸς
1540 1530 1597 1568 τὸν
1616 1533 1685 1568 τῶν
1707 1532 1870 1583 μοναχῶν
1898 1531 1972 1583 βίον
1992 1530 2181 1581 μετέθηκεν
2201 1529 2335 1567 ἑαυτόν.

282 1600 363 1625 nem
373 1595 408 1624 et
419 1585 543 1624 vinum
555 1585 1191 1636 ministraret,adjectisminissemisi
1205 1585 1242 1623 id
1267 1599 1292 1627 A
1314 1590 1383 1627 Καὶ
1398 1594 1535 1642 πρῶτον
1551 1591 1614 1643 μὲν
1631 1591 1727 1638 ἠξίου
1745 1591 1803 1630 τὸν
1819 1592 1975 1630 σύνοικον
1995 1590 2080 1643 κρέα
2096 1591 2156 1629 καὶ
2174 1585 2264 1630 οἶνον
2279 1591 2336 1629 αὗ-

282 1647 680 1701 impetrat·et,insorum
693 1646 942 1685 descensurum
955 1647 1156 1694 esse.Quod
1172 1662 1241 1686 non
1312 1653 1362 1701 τῷ
1384 1659 1593 1704 παρασχεῖν,
1621 1653 1680 1691 καὶ
1707 1652 1858 1700 ἠπείλει,
1888 1655 1916 1690 εἰ
1947 1652 1996 1703 μὴ
2024 1651 2139 1699 Mem,
2169 1652 2336 1690 κατελεύ-

283 1723 326 1748 ex
342 1709 522 1748 desiderio
537 1709 697 1746 carnium
711 1708 867 1755 dicebat,
885 1708 946 1746 sed
964 1719 1000 1747 ut
1015 1709 1099 1747 binc
1118 1724 1239 1747 ansam
1313 1716 1436 1750 σεσθαι
1463 1716 1510 1757 εἰς
1538 1714 1601 1761 τὴν
1628 1714 1770 1767 ἀγοράν.
1790 1717 1914 1753 Ταῦτα
1935 1714 1970 1752 δὲ
1984 1720 1997 1736 “
2015 1716 2081 1766 οὐχ
2100 1713 2191 1752 οὕτω
2223 1716 2334 1766 κρεῶν

284 1771 456 1824 arriperet
474 1770 664 1808 descensus
681 1770 715 1807 in
730 1769 866 1808 urbem.
881 1770 946 1808 llle
962 1784 1045 1808 vero
1057 1771 1186 1808 anxius
1200 1785 1241 1809 ac
1312 1776 1491 1825 ἐπιθυμῶν
1509 1774 1636 1827 ἔλεγεν,
1655 1778 1731 1814 ἀλλ’
1748 1778 1794 1820 ὡς
1815 1776 1973 1828 ἀφορμήν
1989 1791 2067 1814 τινα
2085 1775 2144 1813 καὶ
2160 1775 2334 1828 πρόφασιν

283 1833 411 1871 timens
427 1847 482 1880 ne,
493 1832 521 1870 si
537 1831 574 1870 id
593 1832 795 1883 denegaret,
813 1832 847 1869 in
870 1832 986 1884 majus
1005 1831 1137 1871 crimen
1158 1847 1239 1871 eum
1314 1837 1522 1888 βουλόμενος
1546 1838 1666 1876 λαδεῖν
1688 1840 1750 1884 τῆς
1773 1840 1821 1882 εἷς
1848 1839 1910 1885 τὴν
1937 1839 2039 1877 πόλιν
2066 1838 2228 1876 καθόδου.
2250 1837 2338 1876 Ἐπὶ

282 1898 482 1951 conjiceret,
497 1900 576 1951 ejus
590 1898 727 1951 optatui
741 1897 881 1936 abunde
897 1897 1151 1938 satisfecit.llic
1171 1913 1237 1936 au-
1311 1898 1444 1943 τούτοις
1463 1901 1592 1944 ἐκεῖνος
1613 1899 1849 1952 ἀπορούμενος
1872 1899 1931 1938 καὶ
1950 1899 2129 1948 δεδοικὼς,
2159 1898 2208 1950 μὴ
2235 1902 2339 1938 τοῦτο

281 1967 352 1997 tem
369 1967 408 1996 ut
422 1957 514 1996 vidit
533 1958 664 1995 frustra
683 1957 827 1996 cessisse
844 1958 1017 1996 callidum
1029 1959 1218 1998 consilium
1225 1990 1236 2010 ‚
1312 1960 1472 2004 κωλύσας
1494 1961 1551 1999 ἐπὶ
1573 1962 1664 2014 μέγα
1690 1962 1790 2000 αὐτὸν
1810 1962 1885 2014 ὤσῃ
1908 1961 2015 2000 κακὸν
2029 1992 2038 2009 ,
2063 1961 2201 2000 δίδωσιν
2223 1964 2336 2014 ἐμφο-

282 2018 515 2072 impudenter
529 2018 675 2058 demum
689 2032 796 2070 agens
816 2020 1078 2058 simulationem
1091 2020 1238 2069 detexit,
1315 2025 1461 2075 ρηθῆναι
1481 2027 1543 2070 τῆς
1563 2024 1749 2075 ἐπιθυμίας
1769 2027 1877 2076 αὐτῷ.
1904 2022 1967 2067 Ὡς
1996 2023 2031 2062 δὲ
2059 2023 2147 2074 ἔγνω
2171 2023 2212 2063 τὸ
2232 2022 2336 2075 σοφὸν

283 2092 318 2121 et
335 2081 431 2120 dixit
450 2095 588 2119 necesse
604 2096 749 2134 prorsus
763 2096 834 2121 esse
847 2082 915 2120 sibi
936 2082 969 2120 in
991 2083 1114 2121 urbem
1128 2085 1239 2136 proli-
1311 2089 1412 2122 τοῦτο
1431 2083 1537 2122 ἕωλον
1555 2086 1707 2137 γεγονὸς,
1726 2089 1882 2139 φανερῶς
1903 2085 2185 2137 ἀναισχυντήσας
2201 2084 2336 2131 λοιπὸν,

284 2143 384 2183 cisci.
404 2143 479 2182 Ubi
499 2153 618 2181 autem
633 2142 887 2182 animadvertit
904 2144 964 2182 ille
979 2159 1016 2182 se
1029 2145 1160 2182 frustra
1176 2145 1238 2183 ob-
1313 2145 1515 2198 ἀπεκάλυψε
1536 2145 1599 2192 τὴν
1619 2147 1820 2199 ὑπόκρισιν,
1849 2146 1907 2184 καὶ
1926 2147 1995 2184 δεῖν
2012 2146 2110 2197 ἔλεγε
2129 2146 2269 2191 πάντως
2289 2147 2337 2190 εἷς

285 2206 367 2252 niti,
381 2205 523 2244 tandem
534 2204 685 2251 dimisit,
696 2214 728 2243 et
749 2205 872 2257 procul
892 2215 1063 2256 sequutus
1073 2206 1238 2244 observa·
1312 2206 1375 2253 τὴν
1396 2208 1497 2246 πόλιν
1529 2208 1632 2246 αὐτὸν
1653 2211 1843 2247 κατελθεῖν.
1873 2207 1935 2252 Ὡς
1962 2207 1997 2246 δὲ
2027 2206 2123 2247 οὐδὲν
2144 2207 2244 2259 ἴσχυε
2264 2223 2338 2246 κω-

285 2268 362 2315 bat,
382 2282 451 2319 qua
469 2266 514 2306 de
525 2281 629 2305 causa
647 2266 888 2305 descenderet.
908 2268 980 2306 L'bi
998 2268 1090 2306 vidit
1107 2268 1240 2319 ingres-
1311 2268 1402 2307 λύων
1426 2271 1572 2318 ἐκεῖνος,
1593 2271 1689 2313 τέλος
1713 2272 1839 2322 ἀφῆκε,
1860 2270 1920 2308 καὶ
1940 2269 2116 2323 πόρρωθεν
2139 2270 2335 2307 ἀκολουθῶν

286 2343 366 2368 sum
382 2329 417 2366 in
434 2329 600 2379 lupanar,
616 2342 747 2380 gnarus
758 2342 839 2366 eum
854 2342 934 2366 cum
954 2338 1069 2367 scorto
1083 2344 1156 2368 rem
1175 2330 1239 2368 lna·
1266 2339 1287 2369 B
1311 2331 1473 2384 ἐπετήρει
1493 2332 1526 2369 τί
1546 2347 1628 2370 ποτε
1645 2332 1714 2383 ἄρα
1734 2334 1826 2385 αὐτῷ
1849 2331 2008 2383 βούλεται
2027 2331 2114 2378 αὕτη
2135 2334 2156 2377 ἡ
2181 2331 2336 2374 κάθοδος.

286 2393 419 2442 buisse,
440 2392 660 2445 exspectavit
675 2407 684 2441 3
698 2401 734 2430 et
753 2401 940 2445 postquam
957 2392 985 2431 is
999 2392 1154 2431 absurdo
1173 2393 1239 2431 de-
1311 2391 1412 2430 Ἰδὼν
1439 2393 1474 2431 δὲ
1492 2395 1539 2436 εἷς
1563 2399 1819 2445 χαμαιτυπεῖον
1840 2393 2038 2432 εἰσελθόντα
2054 2423 2063 2440 ,
2086 2393 2144 2431 καὶ
2164 2391 2263 2445 γνοὺς
2281 2391 2336 2431 ὅτι

287 2457 420 2496 siderio
440 2456 573 2509 potitus
592 2471 752 2509 egressus
771 2466 841 2505 est,
861 2457 998 2509 supinis
1013 2472 1093 2496 eum
1118 2459 1237 2496 mani·
1311 2453 1421 2506 πόρνῃ
1445 2455 1630 2507 συγγέγονε
1656 2455 1808 2506 γυναικὶ,
1834 2455 2036 2508 περιμείνας
2064 2454 2154 2506 μετὰ
2182 2455 2220 2493 τὸ
2239 2456 2336 2502 πλη-

287 2519 355 2557 bus
380 2518 541 2571 excepit3
555 2527 588 2556 et
602 2519 827 2571 amplexatus
842 2528 1071 2570 amanterque
1085 2533 1240 2558 exoscu·
1314 2518 1423 2567 ρῶσαι
1453 2515 1516 2563 τὴν
1561 2517 1690 2555 ἄτοπον
1730 2517 1918 2566 ἐπιθυμίαν
1957 2516 2090 2562 ἐκείνην
2106 2547 2116 2564 ,
2154 2515 2337 2560 ἐξελθόντα

286 2579 696 2631 latus‚nihilobjurgans
709 2579 756 2617 ob
770 2579 1076 2632 facinus,rogabat
1089 2589 1240 2627 tantum,
1312 2576 1451 2620 ὑπτίαις
1492 2578 1631 2629 δέχεται
1670 2583 1746 2621 ταῖς
1782 2577 1904 2629 χερσὶ,
1942 2576 2000 2615 καὶ
2037 2575 2237 2628 περιχυθεὶς
2274 2575 2334 2614 καὶ

288 2651 327 2679 ut
344 2651 532 2694 postquam
551 2641 875 2692 concupiscentiam
895 2655 997 2679 suam
1013 2642 1237 2694 expleverat,
1314 2639 1583 2692 ι’καταφιλήσας
1611 2642 1759 2692 θερμῶς,
1789 2640 1849 2677 καὶ
1883 2639 1968 2689 ὑπὲρ
1995 2641 2064 2676 τῶν
2093 2637 2335 2689 γεγενημένων

289 2702 325 2740 in
346 2701 551 2740 solitudinis
569 2701 798 2740 domicilium
826 2701 971 2740 rediret.
1003 2702 1068 2740 Ille
1091 2717 1176 2741 vero
1195 2705 1241 2742 ob
1313 2701 1506 2752 ἐγκαλέσας
1545 2700 1666 2749 οὐδὲν,
1711 2700 1904 2752 παρεκάλει
1945 2701 2069 2750 μόνον,
2111 2698 2230 2745 ἐπειδὴ
2265 2698 2329 2746 τὴν

290 2771 422 2802 tantam
452 2762 758 2801 mansuetudinem
786 2763 924 2815 pudore
954 2764 1134 2812 suffusus,
1160 2765 1242 2803 ani·
1313 2762 1499 2813 ἐπιθυμίαν
1520 2762 1703 2814 ἐπλήρωσε
1734 2761 1796 2808 τὴν
1817 2764 1957 2809 ἑαυτοῦ,
1983 2761 2089 2799 πάλιν
2118 2760 2175 2798 ἐπὶ
2205 2759 2245 2798 τὸ
2274 2764 2335 2807 τῆς

291 2837 421 2875 moque
443 2823 626 2875 perculsus
640 2854 649 2872 ‚
673 2833 705 2862 ct
735 2823 780 2861 de
802 2824 957 2863 facinore
984 2835 1240 2877 compunctus,
1312 2823 1459 2876 ἐρημίας
1492 2824 1691 2874 οἰκητήριον
1724 2824 1931 2861 ἐπανελθεῖν.
1964 2822 2010 2860 ‘0
2041 2823 2075 2861 δὲ
2107 2822 2170 2870 τὴν
2202 2821 2335 2869 πολλὴν

292 2885 409 2938 ipsum
429 2885 464 2922 in
499 2893 651 2922 montem
677 2894 816 2924 euntem
838 2885 1019 2936 sequitur:
1043 2886 1103 2923 ubi
1122 2887 1241 2926 virum
1312 2885 1501 2924 ἐπιείκειαν
1529 2887 1633 2923 αὐτοῦ
1659 2885 1872 2937 αἰσίυνθεὶς,
1902 2884 2039 2934 ἐπλήγη
2067 2901 2103 2922 τε
2125 2883 2247 2928 εὐθέως
2271 2883 2336 2930 τὴν

291 2956 405 2998 rogat,
424 2960 461 2984 se
480 2946 515 2984 in
535 2946 644 2983 altera
666 2946 792 2983 cellula
811 2947 1012 2995 concludat,
1037 2957 1070 2986 et
1089 2949 1241 2987 occlusis
1310 2948 1450 3000 ψυχὴν,
1488 2947 1546 2986 καὶ
1575 2947 1778 2997 κατανυγεὶς
1812 2947 1868 2985 ἐπὶ
1905 2953 1976 2990 τοῖς
2005 2948 2229 2997 τολμηθεῖσιν
2243 2976 2253 2994 ,
2286 2945 2334 2984 εἴ·

291 3007 466 3046 domicilii
502 3006 663 3055 foribus,
684 3007 783 3045 statis
809 3007 936 3046 diebus
966 3008 1034 3046 sibi
1062 3024 1186 3061 panem
1208 3019 1241 3047 ct
1313 3024 1398 3046 πετο
1425 3008 1508 3059 πρὸς
1539 3008 1577 3046 τὸ
1598 3009 1673 3059 ὄρος
1701 3010 1813 3060 αὐτῷ·
1835 3007 1894 3045 καὶ
1921 3007 2102 3059 γενόμενος
2131 3009 2204 3046 ἐκεῖ
2224 3008 2334 3046 δεῖται

290 3083 419 3120 aquam
448 3068 619 3120 praebeat,
641 3082 681 3105 ac
707 3069 994 3120 perquirentibus
1030 3071 1241 3122 respendcnt
1265 3076 1289 3105 C
1313 3075 1372 3108 τοῦ
1389 3069 1521 3122 ἀνδρὸς,
1537 3070 1571 3107 ἐν
1596 3069 1741 3121 οἰκίσκῳ
1755 3085 1790 3107 τε
1817 3069 1919 3107 αὐτὸν
1941 3069 2118 3122 καθεῖρξαι
2133 3068 2254 3121 ἑτέρῳ,
2273 3068 2331 3106 καὶ

290 3143 327 3168 se
359 3129 634 3168 obdormivisse.
664 3129 855 3168 l’ostulatis
886 3131 1077 3169 assentitur
1095 3133 1237 3183 socius5
1313 3131 1397 3174 Γτὸις
1425 3131 1529 3183 θύρας
1548 3131 1805 3169 ἀποκλείσαντα
1825 3134 1885 3169 τοῦ
1912 3130 2089 3180 δωματίου
2109 3130 2212 3182 ἄρτον
2237 3131 2333 3181 αὐτῷ

333 3286 350 3312 d
375 3286 430 3319 Sic
459 3284 611 3318 8ω-ὶ1.οι
639 3295 694 3316 sex
728 3286 803 3317 Mas.
824 3294 924 3319 recte.
943 3288 1055 3322 Morti.
1073 3296 1105 3320 et
1131 3288 1186 3321 ulii
1211 3295 1289 3333 βίου.
1373 3290 1388 3313 ¹·
1410 3288 1541 3331 Aliquot
1561 3289 1635 3320 Mss.
1656 3293 1859 3334 καταφιλήσας
1879 3293 2020 3335 σροῧρῶς.
2036 3288 2138 3322 Paulo
2154 3295 2232 3331 post
2246 3287 2328 3321 defi-

287 3339 363 3372 Mox
380 3337 508 3381 aliquot
537 3338 611 3369 Mn
633 3340 714 3370 οὐδἰν
735 3341 805 3372 εἶναι
830 3341 933 3374 ῑοιιῑν.
950 3339 1040 3372 Infra
1066 3340 1193 3384 aliquot
1212 3342 1290 3374 Mss.
1326 3341 1373 3375 cit
1390 3343 1519 3385 penitus
1537 3340 1634 3373 (loth.
1663 3353 1756 3375 unus.

287 3394 448 3437 φροντίδων
463 3393 641 3430 ἀπαλλάξας
658 3392 762 3424 laura-1
775 3395 899 3424 Ιιιίνων.
1370 3405 1383 3419 t
1407 3393 1545 3437 Aliquot
1561 3395 1638 3426 Mssa
1661 3401 1711 3432 τά,·
1734 3397 1863 3439 oapi-325.

330 3455 342 3471 ·
366 3442 508 3479 Saviuua
525 3451 558 3476 et.
575 3442 703 3486 aliquot
719 3442 796 3475 mss.
813 3447 866 3486 ⁰31
884 3449 929 3478 δτι
948 3453 1052 3489 κριῶν,
1065 3445 1171 3479 minus
1191 3454 1290 3481 recte.
