2513 3871
374 239 467 283 (isit)
798 255 836 284 S.
875 255 1060 285 mmsis
1096 254 1337 284 CllRYSOST.
1380 255 1586 285 aucun-tv.
1625 255 1982 285 coxsTltNTtxot‘.

372 339 530 375 futuram
550 337 722 387 largietur
746 338 871 375 vitam.
898 337 988 384 Quae
1013 337 1185 375 nimirum
1204 337 1323 375 omnia
1336 335 1385 401 ⁶2⁰
1400 338 1460 376 καὶ
1481 339 1647 385 διηνεκῶς
1676 338 1914 380 ἀπολαύοντας
1931 340 2048 386 ἡμᾶς,
2069 338 2130 382 τῖ’-,ς
2150 335 2331 388 βασιλείας
2348 340 2418 376 τῶν

374 407 491 436 mente
512 406 704 446 versantes,
732 406 767 435 et
794 406 967 448 quantum
988 411 1032 435 ex
1057 411 1096 435 ea
1118 411 1155 435 re
1182 396 1323 435 lucrum
1400 400 1555 451 οὐρανῶν
1571 399 1747 450 ἐπιτυχεῖν
1763 427 1774 442 ,
1793 398 1915 450 χάριτι
1934 397 1992 435 καὶ
2010 397 2252 449 φιλανθρωπίᾳ
2266 400 2325 435 τοῦ
2342 399 2418 436 ttu-

373 457 576 510 dccerpturi
603 458 716 495 simus
742 458 862 496 animo
890 466 1106 510 reputantes,
1134 457 1226 495 nihil
1253 471 1322 496 non
1402 459 1474 510 ρίου
1502 461 1605 509 ἡμῶν
1623 457 1741 505 Ἰησοῦ
1763 459 1938 510 Χριστοῦ,
1957 452 1987 509 ᾧ
2011 460 2034 503 ἡ
2061 457 2141 502 δόξα
2160 458 2276 496 καὶτὸ
2293 456 2419 510 κράτος

372 532 518 569 agamus
536 528 643 569 atque
670 518 876 564 moliamur,
916 527 955 556 ut
979 527 1011 556 et
1037 532 1126 569 quos
1153 517 1324 556 habemus
1400 521 1447 562 εἷς
1470 518 1549 562 τοὺς
1563 521 1691 562 αἰῶνας
1705 522 1774 558 τῶν
1792 517 1948 556 αἰώνων.
1974 517 2095 567 Ἀμήν.

372 579 477 617 nobis
501 580 770 618 reconciliemus
794 579 970 626 inimicos,
1000 588 1033 617 et
1052 593 1142 630 quos
1160 578 1320 618 habituri

370 653 541 683 essemus,
571 640 826 693 impediamus,
854 654 984 691 eosque
1007 640 1068 691 qui
1095 639 1197 677 nobis
1215 640 1320 678 amici

372 709 454 737 sunt
469 700 644 739 firmiores
657 701 978 752 constantioresque
992 699 1202 739 reddamus:
1216 701 1323 752 siqui·

372 760 454 799 dem
475 762 615 800 initium
642 771 676 800 et
699 762 780 800 finis
796 762 912 801 omnis
930 761 1076 800 virtutis
1098 771 1149 800 est
1168 762 1294 800 caritas
1312 778 1319 798 :

373 836 441 872 qua
458 823 593 861 sincere
605 837 646 861 ac
662 833 832 876 perpetuo
853 824 1007 862 fruentes
1029 832 1067 861 ut
1087 837 1236 874 regnum
1250 838 1322 861 ca*-

373 883 489 922 lorum
515 883 770 936 adipiscamur,
802 884 895 922 faxit
922 884 1034 937 gratia
1060 893 1093 922 et
1122 884 1323 934 benignitas

378 945 520 982 Domini
542 945 651 983 nostri
668 946 751 984 Jesu
776 944 926 992 Christi,
941 945 999 982 cui
1023 944 1135 996 gloria
1151 953 1183 982 et
1208 944 1323 994 impc-

373 1006 467 1043 rium
484 1006 520 1043 in
540 1005 667 1044 saecula
687 1005 912 1044 saeculorum.
931 1009 1055 1044 Amen.

698 1336 766 1383 ΙΝ
804 1334 1152 1383 HOMILIAS
1186 1334 1372 1383 DUAS
1406 1334 1697 1382 CONTRA
1734 1334 2102 1383 ANOMOEOS

966 1523 1523 1562 CONSTANTINOPOLI
1567 1522 1821 1560 HABITAS

1105 1691 1681 1774 MONITUM.

420 1936 518 1974 Licet
532 1936 599 1986 *has
615 1945 736 1973 contra
759 1936 946 1972 Anomoeos
961 1934 1128 1972 homilias
1145 1932 1455 1985 Constantinopoli
1471 1932 1636 1971 habuerit
1655 1933 1948 1983 Cluysostomus,
1967 1933 2133 1973 undecim
2153 1935 2295 1973 circiter
2310 1935 2411 1975 annis

365 2006 552 2048 postquam
575 1997 655 2034 illas
671 1996 759 2033 alias
784 2005 903 2034 contra
923 1998 1110 2033 Anomoeos
1129 1994 1311 2034 conciones
1329 1994 1526 2032 Antiochiae
1547 1994 1761 2042 absolverat,
1779 1996 1979 2045 argumenti
2006 2004 2122 2034 tamen
2141 1996 2278 2034 ratione
2295 1996 2409 2044 ducti,

365 2071 423 2094 eas
441 2067 694 2108 consequenter
710 2057 907 2109 posuimuS,
923 2071 1024 2094 secus
1041 2071 1147 2107 quam
1165 2056 1298 2094 Fronto
1314 2057 1483 2102 Ducam,
1498 2055 1560 2106 qui
1578 2057 1730 2107 primam
1749 2056 1873 2108 procul
1890 2056 1969 2093 aliis
1986 2066 2106 2094 contra
2125 2061 2313 2095 Anomoeos
2328 2070 2412 2095 con·

364 2117 528 2155 cionibus
554 2117 718 2170 positam,
741 2131 823 2155 cum
851 2117 917 2155 hoc
938 2126 1054 2155 tamen
1076 2117 1194 2165 titulo,
1214 2118 1347 2155 Contra
1367 2119 1555 2155 Anomoeos
1574 2119 1640 2163 vl,
1660 2116 1834 2158 ediderat,
1863 2116 2064 2155 Secundam
2085 2132 2170 2155 vcro
2191 2117 2313 2170 paucis
2333 2126 2410 2170 post

367 2178 495 2216 (liebus
516 2178 676 2216 habitam
701 2192 768 2215 non
789 2177 978 2216 advertens
997 2187 1118 2216 contra
1141 2180 1330 2216 Anomoeos
1350 2191 1438 2226 esse,
1469 2178 1503 2215 in
1532 2178 1698 2228 quintum
1719 2187 1854 2216 tomum
1876 2178 2113 2230 ablegaverat.
2139 2178 2267 2216 llabita
2291 2187 2409 2217 autem

365 2247 416 2276 est
437 2248 586 2289 utraque
604 2252 696 2276 anno
716 2238 805 2277 598.
823 2238 926 2277 Prior
941 2247 992 2276 est
1011 2240 1162 2276 secunda
1180 2238 1277 2276 iltius
1291 2237 1337 2276 ad
1352 2239 1783 2291 Constantinopolitanum
1803 2239 1980 2291 populum
1999 2239 2136 2283 concio,
2155 2248 2193 2277 ut
2212 2239 2316 2278 initio
2334 2239 2410 2292 ipse

369 2301 602 2348 testificatur5
624 2313 748 2336 verum
768 2313 820 2345 ea,
841 2313 920 2350 quae
939 2299 1031 2337 hanc
1050 2299 1241 2352 praecessit‚
1261 2299 1437 2338 interiisse
1452 2300 1606 2339 videtur.
1623 2299 1661 2338 Si
1680 2299 1768 2338 tides
1783 2299 1925 2338 duobus
1942 2301 2089 2339 vetustis
2105 2300 2300 2345 codicibus,
2316 2301 2411 2353 prio-

367 2374 438 2397 rem
473 2360 599 2397 habuit
632 2360 910 2412 Chrysostomus
929 2360 964 2398 in
986 2361 1087 2398 Nova
1109 2360 1281 2408 Ecclesia,
1303 2363 1338 2399 ἐν
1365 2363 1408 2410 τῇ
1434 2364 1538 2413 καινῇ
1561 2361 1745 2414 ἐκκλησία.
1766 2364 1811 2399 At
1831 2360 2026 2400 verisimile
2043 2370 2094 2399 est
2113 2361 2149 2400 id
2166 2362 2205 2401 iu
2223 2361 2328 2400 titulo
2348 2375 2409 2415 po-

364 2422 475 2459 suisse
495 2421 674 2467 librarios,
691 2421 758 2459 hoc
777 2420 1026 2473 Chrysostomi
1044 2422 1119 2460 loco
1134 2421 1275 2468 ductos,
1293 2423 1355 2472 qui
1378 2422 1484 2474 paulo
1501 2431 1579 2474 post
1600 2421 1743 2459 initium
1762 2422 1892 2473 legitur
1908 2437 1916 2458 ε
1938 2424 2010 2460 Est
2030 2430 2066 2460 et
2085 2423 2159 2461 hoc
2174 2421 2407 2460 admirabile

363 2485 470 2535 quod
491 2484 669 2521 videmus
699 2486 742 2520 in
769 2484 844 2521 hac
860 2492 974 2535 parte
992 2486 1160 2522 civitatis
1182 2485 1399 2522 Ecclesiam
1420 2484 1522 2521 lianc
1539 2484 1780 2535 plantatam,
1802 2484 2079 2535 πεφυτευμένην,
2098 2491 2133 2522 et
2155 2482 2408 2521 nihilominus

363 2547 477 2595 qnasi
496 2547 537 2581 in
558 2545 680 2581 medio
695 2546 850 2581 camino
867 2545 992 2582 oleam
1010 2547 1307 2596 germinantem,
1321 2545 1518 2598 foliisque
1534 2553 1750 2582 comantem
1773 2552 1807 2581 et
1823 2545 1956 2594 fructu
1983 2558 2150 2596 gravem.
2169 2544 2230 2582 Sic
2249 2557 2332 2581 vero
2350 2542 2406 2581 Ιο-

363 2605 500 2655 quitur,
528 2614 566 2643 ut
592 2605 701 2655 liquet
730 2618 775 2641 ex
802 2604 845 2642 iis
863 2618 943 2654 qua·
964 2604 1180 2656 praecedunt,
1198 2605 1281 2656 quia
1302 2606 1362 2643 illa
1383 2605 1483 2644 urbis
1512 2620 1595 2657 pars
1620 2605 1666 2642 ab
1689 2605 1862 2643 haereticis
1881 2613 1918 2642 ut
1940 2604 2135 2656 plurimum
2157 2603 2402 2642 incolebatur:

367 2680 480 2717 neque
504 2675 619 2703 tamen
650 2665 738 2703 dicit
757 2679 905 2716 usquam
934 2665 1117 2703 ecclesiam
1139 2666 1237 2703 illam
1268 2680 1390 2704 recens
1414 2674 1583 2704 structam
1613 2666 1733 2703 fuisse.
1769 2664 2009 2709 Quamobrem
2031 2663 2142 2702 donec
2162 2663 2250 2715 quid
2276 2665 2405 2702 certius

365 2736 537 2776 emergat,
557 2726 639 2764 huic
657 2726 987 2778 Manuscriptorum
1006 2725 1160 2764 duorum
1180 2727 1286 2764 titulo
1302 2741 1370 2764 non
1391 2725 1588 2764 habendam
1608 2740 1684 2763 esse
1702 2724 1810 2763 sidem
1831 2738 1965 2762 censeo.

420 2787 527 2834 lluic,
556 2797 593 2824 ut
612 2787 786 2833 diximus,
810 2796 841 2824 et
859 2786 1029 2839 temporis
1044 2796 1078 2825 et
1096 2787 1295 2839 argumenti
1316 2788 1450 2825 ratione
1468 2786 1582 2830 ducti,
1609 2785 1860 2837 subjungimus
1881 2785 2065 2823 homiliam
2086 2785 2120 2823 in
2143 2786 2402 2839 paralyticum,

363 2857 394 2883 et
424 2848 468 2885 de
494 2848 686 2886 divinitate
712 2847 861 2892 Christi,
889 2847 1004 2897 deque
1027 2848 1104 2899 ejus
1123 2861 1204 2885 cum
1227 2848 1329 2885 Patre
1348 2847 1561 2898 aequalitate,
1581 2860 1686 2897 quam
1709 2846 1832 2898 paucis
1851 2855 1929 2898 post
1957 2846 2054 2883 illam
2074 2855 2197 2885 contra
2218 2850 2404 2887 Anomoeos

363 2907 490 2945 «liebus
515 2907 823 2960 Constantinopoli
843 2907 983 2946 habuit.
1008 2906 1048 2945 ld
1070 2922 1155 2945 vei-o
1173 2907 1267 2945 clare
1291 2907 1468 2957 significat
1488 2907 1778 2959 Chrysostomus,
1799 2920 1880 2945 cum
1900 2907 1947 2944 ait
1970 2923 1977 2943 :
2013 2909 2117 2945 Tunc
2137 2911 2270 2960 igitur,
2291 2908 2327 2947 id
2352 2919 2402 2948 est

363 2983 489 3020 nuper,
518 2979 553 3006 ut
571 2984 615 3007 ex
634 2969 917 3022 pra-cedentibus
944 2969 1069 3020 liquet,
1097 2984 1145 3006 cx
1170 2970 1305 3007 Vetere
1329 2971 1573 3007 Testamento
1592 2968 1893 3019 disputationem
1913 2968 2022 3005 illam
2044 2971 2223 3016 teximus,
2253 2983 2340 3023 (ματ
2358 2971 2405 3008 de

361 3031 484 3076 gloria
506 3033 701 3080 unigeniti
721 3030 821 3067 Filii
840 3030 914 3066 1)σὶ
937 3030 1168 3077 habebatur,
1189 3043 1293 3068 nunc
1313 3045 1361 3068 αι·
1379 3031 1510 3067 eodem
1532 3030 1604 3067 hoc
1623 3032 1745 3079 ipsum
1762 3030 1951 3079 jaciemus
1975 3044 1986 3064 .·
2011 3038 2102 3067 tunc
2121 3030 2225 3068 illud
2254 3032 2402 3084 affere-

363 3092 510 3137 bamus,
526 3092 632 3142 quod
657 3092 811 3128 dicebat
832 3091 1007 3128 Christus
1022 3106 1034 3130 .·
1054 3107 1071 3124 u
1092 3090 1132 3128 Si
1152 3091 1353 3128 crederetis
1373 3092 1522 3139 stloysi,
1545 3090 1749 3128 crederetis
1767 3092 1900 3142 utique
1914 3098 1950 3126 ‹·t
1972 3089 2066 3127 milei
2080 3106 2093 3127 .·
2113 3106 2131 3123 ι»
2153 3104 2252 3129 tium:
2270 3100 2401 3130 autem

361 3150 522 3187 divimus
550 3153 623 3188 lmc
648 3165 673 3188 a
693 3152 832 3198 Moyse
852 3150 994 3188 dictum
1013 3165 1093 3189 esse
1108 3166 1120 3190 .·
1141 3167 1158 3185 «ι
1182 3152 1419 3202 Prophetam
1444 3153 1555 3189 vobis
1575 3153 1776 3189 suscitabit
1797 3151 1990 3187 Dominus
2012 3152 2117 3189 Deus
2136 3165 2184 3189 ex
2199 3153 2399 3206 fratribus

363 3215 502 3247 vestris
532 3229 543 3249 .·
574 3214 670 3248 sicut
699 3226 758 3248 me
785 3216 906 3262 ipsum
933 3213 1114 3252 audietis,
1135 3228 1153 3246 ιι
1175 3213 1330 3249 Etenim
1354 3212 1675 3264 quemadmodum
1694 3220 1762 3249 etc.
1794 3211 1908 3249 Locus
1925 3220 2043 3249 autem
2066 3213 2141 3259 ille,
2167 3229 2185 3248 α
2206 3213 2247 3251 Si
2265 3214 2395 3251 crede·

365 3275 452 3304 retis
480 3273 609 3318 Moysi
638 3281 716 3317 ουκ,
745 3290 762 3307 n
790 3272 955 3323 pluribus
973 3272 1176 3324 explicatur
1205 3272 1239 3309 in
1263 3271 1408 3310 homilia
1430 3272 1657 3326 praeccdenti,
1679 3286 1757 3322 qua·
1777 3281 1828 3309 est
1849 3280 1970 3309 contra
2006 3276 2209 3319 ,amoma-os,
2232 3286 2333 3311 num.
2355 3276 2394 3312 2.

364 3331 416 3366 ῐῖι
438 3329 542 3367 ‹lictis›
560 3345 663 3381 porro
686 3333 931 3384 Chrysostomi
949 3333 1095 3384 jamjam
1113 3332 1244 3380 allatis,
1259 3333 1367 3384 liquet
1383 3348 1464 3372 eum
1482 3334 1571 3372 hanc
1593 3335 1796 3371 concionem
1821 3332 2003 3378 habuisse,
2031 3342 2066 3369 ut
2091 3342 2339 3383 argumentum
2361 3334 2395 3371 in

363 3389 568 3440 prsrmleuti
591 3391 734 3427 homilia
756 3393 978 3442 propositum
995 3393 1029 3430 in
1047 3393 1113 3431 hac
1128 3393 1234 3431 etiam
1253 3404 1537 3445 prosmueretur,
1555 3397 1649 3445 qumi
1667 3395 1771 3433 ctiam
1790 3394 1966 3446 praestitit.
1982 3395 2158 3438 Quamvis
2173 3394 2266 3433 enim
2285 3394 2394 3433 multa

358 3450 406 3486 du·
428 3449 622 3501 paralytico
646 3452 750 3487 ventu
772 3453 890 3494 saciat,
910 3453 1026 3491 omnia
1043 3463 1158 3491 tamen
1178 3468 1219 3492 eo
1240 3464 1413 3504 ‹pet-taut,
1434 3464 1469 3491 ut
1490 3469 1531 3492 ex
1553 3454 1755 3504 hujusmodi
1778 3454 1908 3492 Christi
1925 3454 2107 3505 operibus,
2124 3468 2203 3492 eum
2223 3464 2255 3491 et
2279 3456 2390 3493 Deum
