2513 3871
98 1366 184 1396 Nun:
206 1375 285 1393 eom-

99 1412 213 1446 pantio
244 1411 288 1434 in-

101 1458 145 1478 ter
199 1452 286 1477 vitam

97 1492 171 1519 tune
191 1500 218 1521 et
241 1492 287 1519 su-

98 1539 204 1562 tunm.

98 1591 187 1621 ΡΜΙ.
212 1592 264 1632 89.

103 1645 150 1665 ιο.

118 2839 154 2866 1³21
181 2839 226 2866 luc
248 2847 301 2874 pu·

296 273 389 321 836

296 373 427 424 probro
439 399 449 419 ,
479 379 514 408 et
543 367 699 422 pernicie
734 366 864 404 borum
883 364 1078 403 verborum
1115 361 1245 399 iibere-

297 432 398 471 mini.
431 430 516 469 Haec
542 428 647 468 multi
675 428 877 478 frequenter
905 424 1032 463 dicunt
1060 421 1242 462 ridentes:

297 506 422 530 verum
440 491 506 529 hoc
524 502 669 541 quoque
685 486 874 526 diabolicae
894 484 1063 524 versutiae
1083 492 1149 531 est,
1170 482 1248 521 loco

295 553 473 591 dictorum
491 550 655 589 civilium
684 558 718 587 et
745 548 963 586 urbanorum
991 545 1189 599 perniciosa
1212 544 1247 582 in

296 614 406 651 vitam
417 621 572 651 nostram
586 609 754 649 inducere
764 608 836 661 dog
842 617 948 647 mata.
957 609 1038 647 Haec
1048 607 1248 657 frequenter

294 684 327 713 et
353 675 388 712 in
415 673 571 712 officinis
591 671 680 711 etin
703 672 794 718 foro,
815 679 850 709 et
873 670 908 708 in
928 668 1067 707 aedibus
1088 666 1250 719 plerique
1272 672 1295 702 B

294 736 565 783 circumferunt,
583 747 662 785 quae
681 746 735 771 ΝΞ
755 741 923 771 extremae
941 739 993 768 est
1012 727 1251 767 incredulita-

295 799 340 836 tis
355 807 389 836 et
405 796 583 842 amentiae,
603 794 756 833 ridicula
773 793 955 843 animique
973 791 1137 843 puerilis.
1157 790 1250 828 Nam

294 859 424 906 dicere,
453 871 540 896 num
571 857 654 895 hinc
679 855 827 908 profecti
847 853 932 892 mali
955 852 1164 905 puniantur,
1187 864 1250 889 nec

296 922 363 960 hoc
374 920 598 959 vehementer
618 918 749 956 habere
767 912 1094 969 persuasum,quod
1104 913 1250 950 omnino

296 981 470 1034 puniendi
499 988 596 1025 sunt,
616 978 819 1017 infidelium
839 986 891 1015 est
912 990 953 1014 ac
974 973 1220 1013 dubitantium
1239 991 1246 1010 z

296 1042 390 1082 ittud
407 1056 515 1090 vero,
535 1040 702 1092 quamvis
728 1039 796 1077 hoc
821 1037 992 1085 evenerit,
1015 1035 1249 1087 quemadmo-

297 1104 384 1142 dum
403 1103 509 1141 etiam
529 1110 738 1140 eventurum
757 1109 822 1146 est,
844 1107 971 1152 putare
986 1097 1099 1135 malos
1117 1096 1252 1147 aequale

297 1163 484 1216 praemium
499 1176 581 1200 cum
594 1161 700 1213 justis
715 1169 909 1212 reportare,
925 1167 1092 1197 extrema!
1107 1158 1252 1196 dernen-

296 1225 354 1262 u'ae
365 1232 430 1265 est.
443 1222 543 1272 Quid
555 1235 676 1273 quaeso
691 1220 806 1259 dicis?
822 1220 850 1258 si
863 1219 966 1258 dives
976 1218 1063 1257 illuc
1074 1219 1254 1270 profectus

297 1285 463 1338 punitur,
484 1297 595 1321 unum
615 1283 748 1321 facium
768 1289 820 1320 est
841 1280 982 1319 unum?
1003 1289 1036 1317 et
1070 1278 1253 1330 quomodo

301 1346 390 1384 istuc
419 1345 530 1398 possit
557 1342 782 1383 consistere?
812 1342 911 1389 Quot
941 1341 1035 1379 enim
1067 1339 1170 1377 annis
1198 1338 1255 1378 vis

721 285 758 314 S.
796 281 983 314 mmsis
1018 277 1259 311 cunYSOST.
1300 275 1510 307 Ancntm‘.
1548 273 1909 305 CONSTANTtNot‘.

1316 374 1374 403 τος
1402 359 1462 396 καὶ
1486 360 1549 405 τῆς
1568 357 1738 410 αἰσχύνης
1761 356 1823 396 καὶ
1842 358 1906 402 τῆς
1926 354 2061 407 βλάὸης
2087 356 2150 402 τ’ἧς
2183 353 2255 394 ἀπὸ
2270 354 2340 392 τῶν

1319 419 1485 473 ῥημάτων
1517 418 1663 457 τούτων.
1690 419 1816 457 Ταῦτα
1834 417 1959 456 πολλοὶ
1981 416 2148 459 πολλάκις
2174 416 2343 466 γελῶντες

1316 480 1477 532 λέγουσιν
1493 492 1502 501 ·
1540 478 1631 518 ἀλλὰ
1665 479 1726 517 καὶ
1764 482 1867 517 τοῦτο
1896 477 2100 523 ὃιαὸολικῆς
2133 474 2344 528 κακουργίας

1317 542 1411 580 ἐστὶν
1425 570 1435 588 ,
1448 542 1484 579 ἐν
1515 539 1612 584 τάξει
1635 539 1803 592 ῥημάτων
1822 539 1970 578 ἀστείων
1989 536 2224 591 διεφθαρμένα
2246 535 2346 575 εἰσά-

1317 617 1391 653 γειν
1410 603 1457 646 εἰς
1476 601 1533 640 τὸν
1555 600 1628 652 βίον
1649 603 1753 651 ἡμῶν
1774 600 1946 651 δόγματα.
1960 601 1994 639 T
1996 603 2086 638 αῦτα
2103 598 2172 650 γὰρ
2193 598 2347 649 συνεχῶς

1319 663 1378 700 καὶ
1409 665 1445 701 ἐν
1480 661 1744 715 ἐργαστηρίοις,
1768 661 1827 700 καὶ
1858 661 1915 700 ἐπὶ
1944 663 2007 707 τῆς
2036 661 2188 711 ἀγορᾶς,
2220 656 2281 696 καὶ
2310 658 2346 696 ἂν

1319 729 1395 766 ταῖς
1411 723 1536 766 οἰκίαις
1551 723 1674 761 πολλοὶ
1705 722 1947 775 περιφέρουσιν
1959 735 1966 743 ·
1987 721 2074 773 ὅπερ
2094 719 2248 771 ἐσχάτης
2263 720 2346 757 ἁπι-

1320 785 1420 828 στίας
1440 784 1515 823 ἐστὶ
1535 785 1595 823 καὶ
1608 785 1798 835 παρανοίας
1819 783 1879 822 καὶ
1893 784 2044 835 γέλωτος
2060 783 2168 826 ὄντως
2190 779 2250 819 καὶ
2267 794 2350 818 παι-

1319 848 1420 892 δικῆς
1450 845 1616 890 διανοίας.
1647 846 1701 885 Τὸ
1732 846 1795 896 μὲν
1825 846 1892 897 γὰρ
1917 845 2044 896 λέγειν,
2073 844 2128 883 ὅτι
2155 843 2214 883 ἐὰν
2232 843 2347 880 ἀπελ-

1320 908 1434 952 θόντες
1453 911 1485 947 οἱ
1505 908 1651 959 πονηροὶ
1670 909 1868 947 κολασθῶσι
1884 936 1893 950 ,
1914 907 1974 945 καὶ
1995 907 2045 958 μὴ
2072 905 2205 959 σφόδρα
2222 917 2348 942 πεπει-

1319 970 1418 1008 κέναι
1436 969 1597 1016 ἑαυτοὺς,
1617 968 1671 1007 ὅτι
1690 968 1971 1015 κολασθήσονται
1989 967 2149 1014 πάντως,
2164 963 2350 1005 ἀπιστούν·

1320 1047 1388 1069 των
1406 1031 1480 1070 ἐστὶ
1501 1031 1560 1069 καὶ
1581 1030 1932 1082 διαμφισΕητούντων
1946 1043 1953 1050 ·
1974 1028 2014 1067 τὸ
2034 1029 2069 1067 δὲ
2083 1057 2093 1075 ,
2115 1029 2144 1066 εἰ
2170 1027 2232 1065 καὶ
2246 1027 2349 1063 τοῦτο

1322 1092 1501 1142 συμ6αίη,
1530 1092 1618 1143 ὅπερ
1644 1087 1702 1130 οὖν
1739 1093 1799 1130 καὶ
1832 1091 2071 1140 συμὸήσεται,
2102 1088 2254 1140 νομίζειν
2286 1089 2349 1132 ri<

1323 1153 1400 1199 ἴσης
1430 1152 1553 1196 αὐτοὺς
1589 1159 1661 1196 τοῖς
1693 1154 1842 1196 δικαίοις
1869 1151 2134 1194 ἀνταποδόσεως
2153 1149 2350 1188 ἀπολελαυ-

1324 1215 1443 1261 κέναι,
1462 1218 1566 1252 τοῦτο
1589 1214 1743 1266 ἐσχάτης
1770 1214 1900 1257 ἀνοίας.
1928 1213 1977 1252 Τί
2008 1212 2144 1263 λέγεις,
2162 1210 2238 1249 εἶπέ
2267 1224 2351 1260 μοι,

1325 1275 1384 1313 ἐὰν
1438 1273 1599 1313 ἀπελθὼν
1630 1278 1648 1312 ὁ
1682 1274 1846 1318 πλούσιος
1880 1277 1951 1313 ἐκεῖ
1987 1273 2180 1319 κολάζηται
2201 1300 2212 1320 ,
2239 1271 2275 1310 tv
2315 1270 2350 1308 ἓν

1325 1336 1468 1387 γέγονε;
1500 1336 1560 1374 καὶ
1591 1339 1666 1379 πῶς
1696 1336 1737 1374 ἂν
1762 1336 1837 1388 ἔχοι
1867 1336 1990 1387 λόγον;
2020 1335 2122 1373 Πόσα
2150 1333 2220 1386 γὰρ
2250 1332 2354 1371 αὐτὸν

302 1407 404 1445 illum
420 1407 479 1445 hic
497 1405 656 1459 pecuniis
674 1404 783 1442 fuisse
813 1401 993 1441 fruitam?
1011 1401 1067 1439 vis
1082 1414 1256 1454 ponamus
1278 1409 1303 1440 C
1327 1399 1475 1436 ἐνταῦθα
1505 1396 1624 1448 βούλει
1653 1401 1762 1436 θεῖναι
1800 1395 2079 1436 ἀπολελαυκέναι
2108 1397 2178 1433 τῶν
2207 1392 2354 1447 χρημά-

301 1469 468 1507 centum?
498 1467 574 1518 Ego
593 1480 677 1505 voro
697 1465 804 1503 etiam
823 1463 997 1502 ducentos
1021 1476 1131 1515 pono,
1162 1475 1256 1514 pono

300 1539 488 1577 trecentos,
506 1542 599 1581 pono
615 1527 672 1566 bis
691 1536 844 1573 tantum,
860 1534 893 1564 et
912 1524 941 1563 si
960 1527 1014 1563 vis
1030 1523 1143 1572 mille,
1160 1522 1257 1574 quod

299 1606 383 1631 sane
401 1591 476 1630 fieri
498 1603 566 1629 non
587 1587 704 1641 potuit
727 1603 736 1624 ε
758 1588 854 1625 Dies
873 1590 993 1635 enim,
1016 1585 1148 1636 inquit,
1179 1598 1256 1622 an-

301 1667 438 1692 norum
466 1660 685 1691 nostrorum
716 1650 911 1701 octoginta
938 1649 1036 1685 anni
1057 1662 1068 1687 .·
1101 1654 1258 1685 attamen

300 1723 477 1769 ponantur
497 1713 623 1751 mille:
646 1725 732 1750 num
760 1719 875 1763 potes,
908 1722 1030 1760 quaeso
1060 1716 1108 1756 te,
1142 1707 1257 1746 vitam

299 1775 484 1816 ostendere
508 1788 588 1826 quae
608 1774 715 1812 finem
740 1786 808 1810 non
829 1771 974 1817 habeat,
1001 1784 1042 1808 ac
1064 1770 1259 1809 terminum

300 1838 447 1885 nesciat,
473 1836 590 1888 qualis
617 1844 669 1874 est
697 1833 774 1872 iltic
796 1831 1008 1885 justorum?
1039 1833 1114 1882 Age
1136 1831 1260 1882 igitur,

300 1899 401 1948 cedo,
421 1899 451 1937 si
470 1898 551 1950 quis
568 1897 602 1935 in
618 1896 721 1935 annis
742 1903 886 1934 centum
907 1893 1057 1932 vidisset
1074 1906 1136 1945 per
1151 1906 1260 1930 unam

302 1970 440 2001 noctem
468 1973 577 1998 suave
596 1957 790 2005 somnium,
813 1954 1009 2006 multisque
1035 1953 1176 1993 deliciis
1199 1968 1261 2006 per

302 2023 480 2062 somnium
501 2020 631 2058 fruitus
647 2027 748 2065 esset,
764 2032 805 2056 ae
824 2026 966 2055 centum
985 2016 1086 2054 annis
1108 2015 1258 2068 punire·

303 2094 481 2122 tur:num
496 2081 526 2119 is
536 2080 582 2119 de
595 2080 661 2118 hoc
676 2079 793 2118 dicere
810 2078 1071 2131 posset,Unum
1086 2085 1120 2116 et
1133 2090 1259 2124 unum,

303 2153 337 2183 et
352 2144 493 2182 unicam
515 2151 651 2180 noctem
673 2154 742 2191 qua
764 2138 970 2186 somniavit,
998 2146 1140 2176 centum
1157 2137 1260 2176 annis

305 2204 549 2258 aequiparare?
562 2203 667 2242 Dictu
679 2201 888 2240 absurdum.
903 2199 1058 2250 Hocjam
1069 2198 1155 2237 etde
1167 2199 1258 2237 sutu-
1283 2209 1308 2239 Ι)

306 2282 345 2306 ra
361 2267 433 2306 vita
451 2266 581 2317 cogita.
597 2265 689 2302 Nam
705 2261 803 2314 qnod
818 2271 870 2300 est
889 2260 1068 2299 somnium
1084 2274 1196 2298 unum
1213 2260 1259 2298 ad

305 2342 416 2367 annos
443 2336 600 2372 centum,
619 2325 687 2363 boc
713 2333 766 2362 est
790 2337 945 2375 praesens
970 2322 1042 2360 viia
1071 2321 1119 2360 ad
1147 2322 1258 2360 vitam

305 2390 460 2428 suturam
477 2419 487 2437 ‚
513 2388 586 2426 imo
616 2385 735 2439 potius
767 2383 882 2422 multo
912 2384 1059 2421 minus:
1085 2382 1182 2434 quod
1208 2392 1261 2421 est

307 2451 436 2501 exigua
456 2458 554 2500 gutta
580 2448 624 2486 ad
655 2447 801 2500 pelagus
829 2446 1056 2493 immensum,
1083 2445 1151 2483 hoc
1179 2453 1262 2483 sunt

308 2513 391 2551 enni
416 2511 514 2549 mille
533 2510 578 2548 ad
599 2511 754 2547 suturam
773 2507 872 2545 illam
895 2505 1048 2557 gloriam
1066 2514 1100 2543 et
1120 2505 1262 2544 fruitio-

311 2586 405 2611 nem.
436 2572 483 2610 Et
510 2570 598 2623 quid
631 2568 776 2608 tandem
805 2576 911 2618 queat
943 2566 1078 2617 aliquis
1105 2566 1265 2618 amplius

311 2633 442 2678 dicere,
459 2634 526 2672 nisi
546 2631 642 2683 quod
664 2630 855 2668 terminum
875 2641 946 2666 non
966 2627 1089 2672 habet,
1105 2635 1140 2665 et
1156 2626 1262 2665 finem

314 2696 443 2734 nescit:
467 2703 710 2746 quantumque
730 2690 872 2729 interest
892 2690 982 2728 inter
1003 2688 1139 2726 somnia
1158 2697 1192 2726 et
1210 2701 1265 2726 res

315 2770 427 2803 veras,
447 2765 584 2794 tantum
600 2754 744 2792 interest
758 2751 847 2790 inter
865 2750 973 2802 hujus
989 2749 1071 2787 vitm
1087 2756 1218 2786 statum
1232 2756 1266 2785 et

316 2817 438 2855 iltius?
457 2816 556 2865 Quin
583 2825 616 2853 et
645 2814 778 2863 alioqui
798 2821 987 2862 antequam
1015 2809 1090 2847 illic
1110 2808 1264 2861 punian-

119 2887 238 2908 ...u-‚mr
252 2890 304 2908 um·
318 2877 474 2927 tur‚jam
490 2889 583 2913 nunc
599 2874 659 2925 qui
681 2872 845 2924 improbe
859 2880 969 2921 agunt
996 2880 1101 2921 atque
1124 2869 1158 2907 in
1180 2882 1267 2921 pec-

318 2938 405 2976 enus
420 2938 558 2985 vivunt,
580 2935 790 2989 puniuntur.
814 2935 886 2972 Nec
901 2933 997 2971 cuitu
1019 2931 1108 2969 mihi
1131 2930 1269 2969 dixeris
1292 2943 1315 2974 Γ,

320 2999 421 3036 ilium
438 3012 553 3036 mensa
572 3005 753 3034 sumtuosa
773 2994 859 3042 frui,
880 2993 1037 3032 vestibus
1052 2990 1267 3030 circumdari

319 3060 452 3107 sericis,
477 3058 736 3110 mancipiorum
759 3070 881 3106 greges
906 3055 1148 3103 circumferre,
1180 3052 1270 3091 alios

321 3120 575 3158 submovcrein
590 3120 688 3156 suro:
711 3117 771 3156 sed
784 3117 924 3170 explica
946 3116 1035 3154 mihi
1059 3116 1163 3154 istius
1183 3129 1270 3155 cou-

325 3180 518 3229 scientiam,
542 3189 577 3218 et
599 3178 739 3217 videbis
759 3179 855 3218 intus
874 3192 1019 3227 gravem
1044 3186 1268 3229 peccatorum

326 3242 530 3286 tumultum,
549 3242 667 3290 jugem
689 3249 837 3286 metum,
870 3248 1125 3291 tempestatem,
1148 3238 1268 3277 turba·

327 3303 455 3338 tionem
481 3317 486 3336 τ
526 3301 661 3338 »idi-bis
697 3301 789 3338 vetut
825 3300 859 3338 in
890 3299 1027 3351 judicio
1050 3309 1201 3340 meulent
1224 3300 1267 3339 ad

372 3451 381 3464 ·
408 3438 469 3471 Ain
487 3443 545 3471 ι’ἶ“’
564 3460 569 3469 ,ι
586 3453 678 3471 -10122

1326 1475 1394 1497 των
1410 1458 1497 1506 ἔτη;
1520 1458 1637 1510 βούλει
1655 1460 1771 1510 Θῶμεν
1800 1458 1948 1506 ἑκατόν;
1970 1456 2067 1509 Ἐγὼ
2097 1456 2133 1495 δὲ
2158 1455 2219 1494 καὶ
2236 1456 2354 1494 διακό·

1327 1536 1388 1558 σια
1403 1520 1549 1570 τίθημι,
1570 1519 1630 1558 καὶ
1652 1519 1839 1572 τριακόσια
1869 1520 1930 1558 καὶ
1950 1519 2000 1562 δὶς
2027 1520 2203 1565 τοσαῦτα,
2224 1516 2306 1565 καὶ,
2325 1518 2355 1555 εί

1329 1581 1469 1632 βούλει,
1496 1581 1557 1620 καὶ
1575 1581 1675 1634 χίλια
1688 1611 1698 1629 ,
1720 1582 1806 1634 ὅπερ
1828 1581 1996 1619 ἀδύνατον
2014 1594 2021 1602 ·
2041 1582 2085 1618 Αἱ
2105 1578 2238 1631 ἡμέραι
2267 1576 2355 1631 γὰρ,

1328 1643 1431 1695 φησὶ,
1455 1644 1526 1680 τῶν
1554 1644 1641 1681 ἐτῶν
1660 1645 1775 1692 ἡμῶν,
1801 1642 2042 1694 ’ὀγδοήκοντα
2068 1641 2148 1687 ἔτη·
2172 1638 2266 1687 πλὴν
2292 1640 2356 1678 ἄλ·

1328 1703 1374 1742 λὰ
1403 1703 1532 1742 κείσθω
1561 1703 1621 1742 καὶ
1653 1704 1763 1756 χίλια.
1797 1703 1860 1749 Μὴ
1895 1702 1988 1749 ζωὴν
2017 1702 2129 1755 ἔχεις,
2163 1699 2240 1740 εἰπέ
2273 1715 2354 1751 μοι,

1328 1766 1476 1803 ἐνταῦθα
1503 1764 1611 1809 δεῖξαι
1630 1765 1726 1808 τέλος
1754 1765 1815 1802 οὒκ
1834 1764 1982 1817 ἔχουσαν
1994 1794 2004 1812 ,
2023 1762 2100 1802 οὐδὲ
2122 1762 2232 1815 πέρας
2251 1764 2354 1801 ἐπι--

1329 1826 1521 1877 σταμένην,
1542 1825 1667 1879 οἵαπέρ
1694 1828 1786 1865 ἐστιν
1816 1829 1838 1872 ἡ
1858 1828 1927 1864 τῶν
1946 1825 2090 1863 δικαίων
2115 1825 2210 1871 ἐκεῑ;
2240 1823 2286 1863 Εἴ
2303 1839 2355 1866 τις

1329 1882 1403 1935 οὖν,
1424 1887 1500 1926 εἶπέ
1514 1903 1589 1939 μοι,
1613 1890 1648 1926 ἐν
1668 1887 1779 1926 ἔτεσιν
1798 1887 1921 1925 ἑκατὸν
1943 1886 2025 1937 μίαν
2041 1885 2150 1924 νύκτα
2168 1885 2252 1938 ὄναρ
2273 1883 2354 1923 ἰδὼν

1328 1950 1498 2002 χρηστὸν,
1517 1949 1577 1987 καὶ
1590 1951 1722 1996 πολλῆς
1739 1950 1814 1987 καθ’
1835 1948 1961 1992 ὕπνους
1987 1947 2190 1990 ἀπολαύσας
2202 1948 2355 1999 τρυφῆς,

1329 2011 1373 2049 τὰ
1407 2010 1531 2049 ἑκατὸν
1565 2010 1626 2058 ἔτη
1661 2011 1866 2057 κολάζοιτο,
1894 2005 1962 2061 ἆρα
1995 2009 2127 2061 δυνήσῃ
2156 2007 2270 2059 λέγειν
2299 2006 2357 2046 ἐπὶ

1328 2071 1464 2124 τούτῳ,
1496 2071 1532 2110 ἓν
1565 2071 1625 2110 καὶ
1657 2072 1712 2120 ἓν,
1732 2072 1792 2110 καὶ
1819 2070 1883 2119 τὴν
1919 2070 2002 2121 μίαν
2034 2071 2141 2109 νύκτα
2169 2071 2239 2107 τῶν
2266 2071 2356 2107 ὀνει-

1329 2133 1442 2186 ράτων
1462 2133 1603 2172 ἐκείνων
1622 2138 1694 2176 τοῖς
1720 2133 1843 2172 ἑκατὸν
1869 2132 1982 2171 ἔτεσιν
2005 2131 2211 2184 ἀντίῤῥοπον
2241 2135 2356 2168 ποιεῖ-

1329 2198 1429 2241 σθαι;
1466 2197 1544 2233 Οὐκ
1581 2193 1675 2233 ἔστιν
1707 2195 1828 2233 εἰπεῖν.
1862 2195 1978 2233 Τοῦτο
2015 2192 2057 2240 δὴ
2091 2192 2151 2231 καὶ
2185 2191 2267 2244 περὶ
2294 2192 2357 2236 τῆς

1330 2256 1525 2308 μελλούσης
1550 2258 1641 2303 ζωῆς
1670 2255 1820 2306 λογίζου.
1840 2255 1956 2307 Ὅπερ
1988 2254 2055 2307 γάρ
2086 2255 2180 2293 ἐστιν
2207 2253 2290 2306 ὄναρ
2320 2252 2357 2291 ἓν

1329 2318 1417 2370 πρὸς
1442 2318 1566 2356 ἑκατὸν
1592 2317 1676 2364 ἔτη,
1703 2316 1806 2355 τοῦτό
1838 2318 1931 2355 ἐστιν
1960 2318 1978 2353 ὁ
2010 2314 2133 2366 παρὼν
2170 2315 2246 2366 βίος
2273 2314 2359 2366 πρὸς

1328 2378 1392 2425 τὴν
1424 2378 1618 2429 μέλλουσαν
1651 2378 1743 2424 ζωήν
1757 2391 1766 2398 ·
1791 2379 1923 2428 μᾶλλον
1951 2376 1986 2416 δὲ
2009 2377 2069 2415 καὶ
2088 2377 2208 2428 πολλῷ
2231 2375 2336 2414 πλέον
2351 2391 2358 2398 ·

1329 2443 1407 2480 ὅσον
1438 2442 1512 2480 ἐστὶ
1536 2441 1672 2494 σταγὼν
1695 2442 1804 2493 μικρὰ
1833 2441 1919 2493 πρὸς
1942 2440 2094 2489 πέλαγος
2114 2439 2280 2493 ἄπειρον,
2298 2453 2360 2478 το-

1331 2503 1452 2542 σοῦτόν
1484 2505 1559 2541 ἐστι
1589 2504 1687 2554 χίλια
1721 2502 1782 2549 ἔτη
1818 2503 1903 2554 πρὸς
1936 2502 1999 2549 τὴν
2031 2501 2227 2551 μέλλουσαν
2260 2499 2358 2545 δόξαν

1331 2564 1467 2612 ἐκείνην
1486 2565 1546 2603 καὶ
1568 2564 1774 2602 ἀπόλαυσιν.
1791 2563 1860 2602 Καὶ
1881 2563 1915 2601 τί
1935 2563 2004 2616 γὰρ
2025 2563 2065 2600 ἂν
2086 2562 2162 2615 ἔχοι
2181 2577 2234 2605 τις
2254 2560 2358 2600 πλέον

1334 2628 1461 2672 εἰπεῖν,
1482 2626 1504 2671 ἢ
1525 2625 1579 2664 ὅτι
1611 2625 1720 2677 πέρας
1746 2625 1809 2662 οὐκ
1845 2625 1918 2676 ἔχει
1941 2623 2002 2661 καὶ
2038 2623 2135 2666 τέλος
2169 2624 2231 2661 οὐκ
2259 2615 2330 2660 οἶδε
2347 2651 2358 2666 ,

1334 2687 1394 2726 καὶ
1420 2686 1500 2726 ὅσον
1521 2686 1596 2724 ἐστὶ
1626 2687 1666 2725 τὸ
1691 2686 1797 2736 μέσον
1829 2686 1970 2736 ὀνείρων
2001 2684 2059 2722 καὶ
2091 2686 2153 2729 τῆς
2181 2685 2249 2721 τῶν
2269 2698 2358 2735 πρα-

1335 2749 1478 2800 γμάτων
1516 2747 1701 2794 ἀληθείας,
1721 2746 1883 2784 τοσοῦτόν
1918 2747 1991 2782 ἐστι
2019 2748 2081 2791 τῆς
2112 2745 2360 2786 καταστάσεως

1335 2810 1463 2856 ταύτης
1495 2808 1555 2846 καὶ
1588 2810 1661 2854 τῆς·
1681 2810 1752 2845 ἐκεῖ
1783 2808 1822 2845 τὸ
1851 2807 2012 2858 διάφορον
2032 2821 2041 2849 ς
2063 2806 2194 2850 Ἄλλως
2228 2806 2263 2844 δὲ
2301 2806 2361 2844 καὶ

1336 2871 1405 2923 πρὸ
1428 2874 1490 2917 τῆς
1520 2871 1593 2908 ἐκεῖ
1623 2869 1817 2915 κολάσεως,
1847 2870 2000 2906 ἐντεῦθεν
2024 2869 2055 2905 οἱ
2088 2867 2361 2919 πονηρευόμενοι

1342 2933 1402 2970 καὶ
1433 2933 1467 2969 ἓν
1498 2930 1687 2983 ἁμαρτίαις
1719 2932 1842 2974 ζῶντες
1877 2930 2094 2973 κολάζονται.
2129 2929 2189 2975 Μὴ
2215 2929 2284 2982 γάρ
2303 2945 2361 2980 μοι

1342 2994 1399 3032 τὸν
1420 2994 1595 3046 τραπέζης
1616 2992 1834 3032 ἀπολαύοντα
1855 2992 2064 3034 πολυτελοῦς
2098 2990 2218 3035 ἁπλῶς
2238 2991 2337 3043 εἴπῃς
2352 3021 2361 3036 ,

1343 3055 1402 3092 καὶ
1428 3054 1486 3093 τὸν
1505 3054 1631 3105 ἱμάτια
1650 3053 1947 3107 περιίεὸλημένον
1978 3051 2108 3103 σηρικὰ
2124 3080 2133 3098 ,
2153 3052 2212 3090 καὶ
2229 3053 2361 3106 ἀνδρα-

1344 3115 1458 3155 πόδων
1492 3116 1619 3167 ἀγέλας
1646 3115 1902 3169 περιφέροντα,
1931 3114 1989 3152 καὶ
2016 3114 2185 3153 mco-'svm
2218 3114 2276 3153 ἐπὶ
2302 3117 2364 3162 τῆς

1345 3181 1473 3229 ἀγορᾶς
1491 3193 1498 3201 ·
1532 3177 1609 3216 ἀλλ’
1647 3176 1840 3221 ἀνάπτυξόν
1872 3192 1929 3226 μοι
1967 3175 2087 3214 τούτου
2115 3175 2156 3213 τὸ
2188 3176 2362 3220 συνειδὸς,

1345 3239 1404 3278 καὶ
1435 3240 1512 3291 ὄψει
1547 3237 1654 3277 πολὺν
1680 3239 1812 3277 ἔνδοθεν
1832 3237 1974 3288 θόρυὸον
1994 3240 2062 3275 τῶν
2082 3236 2366 3288 ἁμαρτημάτων,

1346 3301 1450 3352 φόίῖον
1473 3302 1632 3347 διηνεκῆ,
1655 3302 1832 3352 χειμῶνα,
1863 3298 2023 3351 ταραχὴν
2039 3329 2048 3346 ,
2067 3298 2224 3349 καθάπερ
2246 3299 2284 3335 ἲν
2310 3298 2362 3334 δι-

2504 3050 2513 3060 ·
2503 2997 2513 3019 f
