2513 3871
361 191 452 236 218

357 287 413 326 bis
430 295 633 326 ornamenta
653 285 856 323 concilians·
878 287 1043 336 Namque
1060 294 1094 324 et
1120 286 1157 324 in
1185 286 1310 325 castris

357 349 418 386 ille
435 357 601 400 praestare
618 346 753 385 caeteris
774 355 934 398 putatur,
955 349 1016 398 qui
1038 347 1143 400 plura
1158 347 1310 386 vulnera

357 423 429 461 prae
447 422 484 446 se
502 408 593 446 serre
614 416 743 459 potest,
765 422 806 446 ac
824 408 1019 458 singularia
1039 409 1231 447 certamina
1247 408 1313 446 ad·

356 482 480 507 versus
502 467 681 519 quoslibet
707 468 861 506 bostium
888 468 1100 507 fortissimos
1119 470 1309 522 suscipere.

357 532 428 569 Eos
444 529 568 568 itidem
588 529 739 567 athletas
754 531 911 568 maxime
931 531 1106 569 miramur
1119 561 1128 576 ,
1149 532 1212 582 qui
1229 545 1311 570 cum

357 590 701 643 inexpugnabilibus
715 595 726 638 (
739 591 791 629 sie
805 591 900 629 enim
914 591 1097 643 appellant
1115 592 1310 630 contentio—

355 651 466 690 siores
495 666 656 703 quosque
687 653 950 703 antagonistas)
978 653 1133 691 viriliter
1160 666 1315 702 congre·-

775 205 815 234 S.
851 204 1038 235 JOANMS
1073 204 1315 235 CllRYSOS'I'.

1357 207 1380 235 A
1391 205 1565 236 nctttsst’.
1602 205 1960 237 CONSTANTINOP-

1386 286 1637 338 ἀναδεξάμενος
1652 304 1661 312 ·
1680 289 1740 328 καὶ
1761 291 1830 327 τῶν
1860 291 2022 335 ἀθλητῶν
2041 288 2076 326 δὲ
2096 287 2175 332 τοὺς
2202 295 2273 331 τοῖς
2292 287 2410 327 Ιἰὶιια-

1387 349 1556 402 θαιρέτοις
1583 350 1892 402 συμπλεκομένους
1920 349 2035 402 (οὕτω
2065 349 2134 403 γὰρ
2159 350 2239 394 τοὺς
2260 353 2412 402 φιλονει-

1386 411 1547 464 κοτέρως
1570 414 1820 452 καλοῦσι-,ῶν
1851 411 2145 463 ἀνταγωνιστῶν)
2166 412 2409 463 θαυμάζομεν·

1385 473 1445 511 καὶ
1464 473 1657 525 κυνηγέτης
1690 467 1788 516 οὗτος
1809 472 1965 522 μάλιστά
1993 475 2087 512 ἐστιν
2112 475 2131 511 ὁ
2157 473 2411 525 κρατούμενος,

1384 535 1403 571 ὁ
1420 533 1465 571 τὰ
1483 535 1668 572 δυσάλωτα
1696 535 1765 571 τῶν
1795 534 1924 584 θηρίων
1944 533 2236 586 καταδεχόμενος.
2251 532 2412 580 Ἀναιδής

1384 596 1459 633 ἐστι
1491 596 1550 633 καὶ
1580 595 1851 642 ἀκατάπληκτος
1876 588 1974 638 οὗτος
1993 596 2011 632 ὁ
2042 594 2279 644 δαίμων;διὰ
2308 594 2413 633 τοῦτό

1386 670 1425 694 σε
1468 655 1751 707 ἐκπληττόμενος
1770 658 1829 694 καὶ
1862 656 2052 706 θαυμάζων
2080 656 2119 693 οὗ
2147 654 2331 706 παύομαι,
2357 655 2413 695 ὅτι

355 710 520 749 diuntur.
549 711 620 749 Sed
644 720 679 749 et
706 720 852 749 venator
871 711 933 750 ille
952 712 1110 750 maxime
1129 712 1313 765 precellit,
1337 727 1362 758 g
1386 717 1471 770 πρὸς
1499 721 1653 756 τοιοῦτον
1682 718 1876 770 χληρωθεὶς
1901 717 2185 769 ἀνταγωνιστὴν,
2205 720 2243 756 οὐ
2261 716 2415 757 κατέπι-

354 771 418 823 qui
438 771 676 810 ferocissimas
698 771 835 810 belluas
859 772 1007 826 excipit.
1038 772 1233 825 lmpudens
1260 782 1312 811 est

354 840 459 884 atque
488 832 748 885 imperterritus
771 832 829 870 hic
855 831 996 871 daemon
1013 834 1031 871 '2’
1046 842 1231 886 propterea
1247 847 1314 882 ego

354 903 388 932 te
410 893 533 932 mirari
556 908 598 931 ac
625 902 769 947 stupere
790 907 858 932 non
883 894 1030 939 desino,
1056 894 1155 946 quod
1183 894 1314 947 hujus-

354 953 451 993 modi
468 953 717 993 adversarium
738 963 863 993 nactus
882 963 954 993 tam
974 955 1170 994 violentum
1191 956 1314 1008 lapsus

353 1029 425 1054 non
442 1030 494 1065 es,
513 1029 627 1067 neque
642 1016 677 1054 in
694 1015 913 1055 deditionem
930 1018 1052 1055 venire
1067 1017 1237 1062 tolerasti,
1251 1016 1312 1054 sed

354 1078 480 1116 firmus
497 1077 699 1130 perstitisti,
723 1077 821 1116 nulla
839 1091 885 1116 ex
905 1087 1006 1130 parte
1020 1078 1118 1116 illius
1132 1076 1313 1129 improbi-

354 1138 418 1177 tati
438 1138 580 1179 eniens.

409 1201 473 1238 10.
498 1201 609 1237 Porro
630 1197 727 1249 quod
753 1211 822 1236 non
849 1196 1051 1236 assentandi
1076 1196 1196 1234 studio
1219 1211 1315 1234 nunc

355 1260 420 1297 ista
441 1259 580 1309 loquar,
595 1259 656 1295 sed
668 1258 765 1308 quod
782 1271 865 1294 vere
879 1257 1033 1295 maxima
1045 1271 1090 1295 ex
1105 1256 1312 1309 hujusmodi

352 1319 548 1357 afflictione
565 1317 700 1370 ceperis
719 1317 954 1354 emolumenta
968 1346 977 1362 ,
1000 1326 1121 1368 patere
1135 1345 1144 1362 ,
1169 1330 1311 1367 quaeso,

354 1394 417 1419 nos
430 1379 563 1418 fiducia
577 1378 748 1430 tantisper
759 1378 794 1415 in
809 1377 988 1428 loquendo
1001 1377 1052 1414 uti
1069 1391 1205 1428 :neque
1217 1377 1312 1415 enim

354 1442 459 1480 aliter
477 1441 586 1492 liujus
600 1439 650 1477 rei
669 1439 880 1477 documenta
895 1439 1022 1477 afferre
1043 1452 1196 1491 possem.
1211 1439 1314 1477 Nosti

355 1516 438 1541 sane
452 1515 493 1540 ae
514 1500 684 1539 memoria
709 1510 804 1538 tenes
824 1499 980 1551 priorem
1003 1509 1099 1538 tuam
1123 1513 1315 1538 conversa-

1326 1531 1378 1556 17⁸

1386 794 1456 823 σες,
1472 778 1548 817 οὐδὲ
1569 778 1739 822 ἐξέδωκας
1761 779 1921 828 σεαυτὸν,
1934 780 2011 817 ἀλλ’
2027 778 2166 829 ἔμεινας
2181 777 2326 826 ἀκλινὴς
2339 793 2413 830 μη·

1388 840 1535 889 δαμόθεν
1558 839 1863 891 περιτρεπόμενος.

1444 1196 1514 1233 Καὶ
1532 1196 1586 1233 ὅτι
1614 1210 1652 1233 σε
1675 1197 1714 1232 οὗ
1734 1195 1934 1233 κολακεύων
1964 1200 2074 1234 ταῦτα
2109 1194 2200 1242 λέγω
2230 1193 2415 1242 νῦν,ἀλλὰ

1390 1256 1528 1299 ἀληθῶς
1547 1256 1590 1293 τὰ
1611 1255 1762 1305 μέγιστα
1782 1255 1852 1293 ἀπὸ
1884 1258 1947 1301 τῆς
1978 1255 2126 1307 θλίψεως
2145 1255 2276 1302 ταύτης
2308 1257 2417 1307 lmp-

1388 1314 1498 1354 πώσω
1517 1345 1528 1363 ,
1560 1316 1716 1367 ἀνάσχου
1747 1315 1838 1365 μετὰ
1863 1316 2064 1369 παῤῥησίας
2093 1316 2265 1368 λεγόντων
2289 1319 2391 1367 ἡμόν
2406 1331 2416 1340 ·

1387 1375 1463 1414 οὐδὲ
1493 1376 1560 1428 γὰρ
1590 1378 1630 1414 ἂν
1653 1377 1768 1421 ἄλλως
1795 1377 1964 1427 δυναίμην
1989 1377 2110 1417 τούτου
2130 1381 2330 1430 παρασχεῖν
2351 1375 2418 1425 τὴν

1390 1437 1578 1481 ἀπόδειξιν.
1600 1431 1717 1477 Οἷσθά
1746 1453 1813 1476 που
1848 1437 1908 1477 καὶ
1945 1437 2127 1488 μέμνησαι
2150 1438 2215 1486 τὴν
2243 1436 2417 1492 προτίραν

1392 1513 1453 1537 σου
1466 1498 1664 1550 διαγωγὴν,
1683 1498 1747 1546 τὴν
1765 1499 1836 1551 πρὸ
1855 1498 1977 1538 τούτου
2008 1500 2100 1552 λέγω
2118 1503 2180 1539 τοῦ
2197 1502 2416 1553 πειρασμοῦ·

355 1564 506 1610 tionem,
526 1576 594 1613 qua
618 1571 698 1599 ante
718 1560 926 1613 hujusmodi
952 1561 1183 1600 tentationem
1200 1560 1315 1613 dege-
1342 1569 1367 1598 Α
1392 1560 1513 1598 οὐκοῦν
1532 1559 1691 1604 ἐξέτασον
1722 1560 1858 1607 ἐκείνην
1878 1562 2013 1608 καλῶς,
2034 1560 2095 1599 καὶ
2121 1560 2255 1605 ἀντίθες
2280 1563 2326 1613 τῇ
2349 1575 2419 1600 πα·

357 1623 434 1663 bas.
456 1624 555 1662 llanc
576 1624 696 1674 itaque
718 1622 826 1661 velim
845 1621 1036 1675 diligenter
1051 1623 1255 1668 examines,
1274 1637 1316 1661 ac-

355 1685 519 1739 praesenti
537 1699 607 1736 qua
624 1699 719 1723 nunc
736 1684 830 1723 vivis
845 1698 1038 1736 componas
1056 1701 1066 1723 t
1082 1683 1223 1722 videbis
1235 1699 1317 1735 pro-

355 1748 444 1786 fecto
457 1755 631 1798 quantum
647 1745 738 1784 lucri
751 1760 796 1783 ex
811 1745 878 1783 isto
891 1745 1061 1783 conflictu
1079 1755 1317 1796 consequutus

356 1808 419 1849 sis.
438 1809 544 1847 Nunc
557 1808 651 1848 enim
667 1807 831 1859 jejuniis,
845 1806 993 1858 vigitiis,
1007 1806 1167 1854 lectioni,
1182 1808 1318 1845 oratio-

357 1870 533 1920 nibusque
552 1869 734 1921 perpetuis
758 1867 995 1906 intentissime
1015 1868 1209 1916 incumbis,
1233 1883 1318 1918 gra-

357 1929 576 1981 vitatemque
587 1938 621 1967 et
635 1928 875 1967 bumilitatem
889 1928 1103 1967 excellenter
1117 1943 1318 1979 consequu-

359 2000 416 2028 tus
434 2004 471 2028 es
491 2006 500 2027 ε
517 1999 619 2028 antea
634 1990 733 2028 nulla
753 1989 816 2027 tibi
834 1990 1009 2027 libroruin
1029 1990 1137 2037 ratio,
1160 1990 1222 2028 sed
1242 1999 1320 2028 stu·

358 2050 459 2088 dium
472 2064 578 2088 omne
594 2059 627 2089 et
637 2050 793 2088 t.·b0rem
807 2050 958 2102 pomarii
970 2050 1161 2089 arboribus
1171 2050 1320 2091 devove-

362 2125 429 2149 ras.
448 2111 582 2149 Audivi
605 2125 668 2163 ego
690 2120 775 2149 tunc
797 2111 986 2163 plurimos,
1003 2111 1064 2162 qui
1081 2120 1114 2149 te
1128 2111 1321 2163 objurgan-

362 2182 424 2220 tes,
439 2182 667 2224 arrogantem
687 2186 727 2210 ac
748 2172 945 2224 superbum
965 2171 1141 2218 dicerent,
1163 2182 1268 2224 atque
1285 2174 1320 2211 in

362 2234 427 2272 bac
440 2243 540 2286 parte
553 2233 773 2271 nobilitatem
786 2233 934 2284 generis,
949 2233 1131 2286 patrisque
1141 2235 1324 2273 claritudi-

363 2308 458 2341 nem,
471 2304 503 2333 et
517 2295 611 2346 quod
625 2295 658 2332 in
673 2295 802 2347 opibus
815 2295 982 2347 plurimis
995 2295 1122 2334 fuisses
1131 2296 1302 2335 educatus
1313 2327 1322 2344 ‚

363 2366 611 2394 causarentur:
627 2356 660 2393 in
677 2355 812 2406 vigiliis
825 2369 910 2394 vero
924 2369 1033 2406 quam
1044 2365 1129 2394 tunc
1141 2357 1323 2408 negligens

364 2418 492 2465 fueris,
512 2417 586 2470 ipse
606 2417 735 2455 melius
753 2417 862 2458 nosti.
885 2418 989 2470 Saepe
1009 2418 1104 2456 enim
1131 2418 1212 2457 aliis
1236 2433 1323 2471 pro-

363 2478 473 2516 sunda
510 2487 610 2516 nocte
647 2478 767 2516 statim
799 2479 1076 2530 exsurgentibus
1115 2480 1191 2531 ipse
1221 2480 1323 2531 gravi

364 2555 487 2578 somno
504 2554 642 2578 mersus
658 2539 873 2586 dormiebas,
892 2549 926 2577 et
946 2554 1027 2577 cum
1046 2550 1079 2578 te
1098 2540 1160 2578 alii
1183 2540 1322 2579 exeita·

368 2611 442 2639 rent
465 2600 723 2652 indignabar-is.
746 2604 790 2638 At
815 2614 908 2639 nunc
927 2615 972 2639 ex
1004 2615 1074 2652 quo
1095 2602 1231 2640 bellum
1258 2603 1323 2640 lioc

367 2672 399 2701 et
420 2677 577 2715 pugnam
597 2662 760 2706 subiisti,
783 2662 843 2700 illa
875 2663 994 2700 omnia
1013 2663 1127 2701 soluta
1153 2672 1249 2709 sunt,
1272 2673 1325 2701 at-

367 2739 436 2776 que
466 2726 500 2763 in
529 2724 655 2762 melius
681 2733 830 2761 mutata.
856 2723 961 2770 Quod
989 2724 1017 2762 si
1043 2739 1183 2776 quaeras
1205 2739 1249 2763 ex
1270 2739 1325 2763 me

369 2786 616 2836 quamobrem,
629 2799 711 2823 cuin
725 2785 758 2822 in
770 2784 912 2823 deliciis
924 2799 1060 2835 ageres,
1079 2800 1120 2824 ac
1132 2786 1258 2824 mundi
1274 2800 1326 2824 re.-

371 2847 438 2884 bus
456 2847 602 2884 omnino
624 2846 778 2883 intentus
798 2860 902 2890 esses,
923 2860 989 2884 non
1008 2856 1092 2884 tune
1108 2847 1173 2885 tibi
1187 2846 1325 2885 daemo-

372 2922 450 2945 nem
466 2908 571 2946 istum
586 2906 774 2945 immiserit
790 2908 898 2951 Deus,
915 2906 1004 2944 illud
1017 2921 1082 2958 ego
1093 2907 1328 2960 respondebo,

374 2969 440 3005 lioc
452 2981 594 3019 quoque
608 2967 706 3005 illius
719 2976 838 3005 actum
850 2981 924 3004 esse
935 2967 1172 3019 providentia.
1186 2968 1330 3006 Sciebat

374 3029 466 3066 enim
487 3038 571 3066 tunc
590 3038 623 3066 te
643 3027 879 3074 imbecillum,
899 3028 1140 3079 superandum
1157 3028 1330 3075 facile,.‘ic

378 3099 516 3126 mature
542 3089 756 3141 periturum.
790 3092 906 3140 Atque
931 3089 1010 3127 ideo
1040 3104 1108 3128 non
1139 3089 1257 3128 statim
1283 3090 1330 3128 nd

379 3149 468 3186 hanc
484 3150 614 3187 luctam
629 3149 781 3195 vocavit,
794 3163 876 3187 cum
890 3150 935 3188 ad
951 3150 1205 3188 monachorum
1222 3151 1331 3189 vitam

380 3212 604 3256 accessisses,
630 3209 688 3246 scd
719 3210 874 3248 exerceri
903 3211 1003 3262 prius
1031 3221 1063 3250 te
1097 3211 1331 3263 permisit,ac

423 3362 438 3383 ι’
464 3359 578 3393 word.
601 3366 728 3404 ἀιιῧνγ,
738 3378 742 3392 z
754 3377 764 3394 τ

378 3419 506 3459 θυρτοις,

769 3376 820 3398 οη,
838 3363 939 3394 smil.
961 3366 991 3395 iu
1013 3375 1115 3405 tuing.
1141 3372 1172 3395 ct
1189 3364 1287 3397 Coti».
1306 3372 1384 3398 daa—
1418 3374 1448 3397 rt
1464 3366 1565 3397 san-it.
1586 3366 1617 3396 iu
1637 3376 1739 3404 uiurg.
1759 3368 1916 3398 andam:
1935 3381 1991 3399 rw
2010 3371 2076 3410 Φημ’

535 3412 630 3445 uitale.
649 3414 749 3446 Sivnl.
782 3415 812 3445 iu
842 3422 931 3445 tutu
955 3421 1101 3450 ‘umato
1117 3434 1137 3455 ‚·.
1161 3416 1250 3449 Infra
1270 3416 1383 3450 Motel-
1419 3415 1560 3450 citlottn.
1581 3420 1592 3449 ἶ,

1394 1621 1502 1672 ρούσῃ
1543 1624 1587 1673 τῇ
1615 1621 1705 1672 μετὰ
1737 1622 1795 1660 τὸν
1826 1622 2049 1675 πειρασμὸν,
2069 1621 2129 1660 καὶ
2159 1621 2238 1661 τότε
2269 1621 2347 1674 ὄψει
2379 1621 2421 1661 τὸ

1392 1682 1512 1734 κέρδος
1529 1682 1610 1722 ὅσον
1636 1683 1707 1721 ἀπὸ
1726 1682 1856 1729 ταύτης
1877 1698 1932 1721 σοι
1958 1683 2079 1734 γέγονε
2106 1687 2168 1730 τῆς
2196 1684 2417 1734 συμπλοκῆς.

1393 1745 1464 1782 Νῦν
1487 1744 1548 1794 μὲν
1569 1744 1638 1795 γὰρ
1661 1743 1720 1782 καὶ
1741 1745 1776 1781 ἐν
1794 1744 1970 1790 νηστείαις
1985 1745 2046 1782 καὶ
2068 1744 2277 1797 παννυχίσι,
2297 1744 2358 1783 καὶ
2373 1746 2417 1795 τῇ

1392 1805 1474 1858 περὶ
1493 1805 1557 1851 τὴν
1578 1805 1774 1856 ἀνάγνωσιν
1802 1806 1959 1857 σπουδῇ,
1974 1806 2034 1844 καὶ
2061 1808 2105 1857 τῇ
2125 1806 2207 1858 περὶ
2224 1806 2286 1850 τὰς
2314 1804 2420 1858 εὐχὰς

1392 1866 1578 1918 καρτερίᾳ,
1596 1866 1710 1911 πολλὴ
1731 1866 1870 1916 γέγονεν
1886 1870 1908 1913 ἡ
1923 1867 2083 1910 ἐπίτασις
2096 1897 2106 1915 ,
2129 1866 2190 1905 καὶ
2216 1866 2257 1905 τὸ
2270 1865 2420 1919 ἀδιάχυ-

1393 1943 1450 1966 τον
1471 1926 1506 1966 δὲ
1525 1928 1585 1965 καὶ
1602 1928 1765 1966 ταπεινὸν
1787 1929 1863 1975 μεθ’
1887 1928 2082 1979 ὓπερὸολῆς
2097 1943 2152 1966 σοι
2168 1927 2421 1981 κατώρθωσαι·

1393 1989 1562 2040 πρότερον
1591 1988 1628 2027 δέ
1648 2003 1702 2026 σοι
1727 1988 1872 2040 βιὸλίων
1903 1989 2003 2040 λόγος
2028 1983 2071 2036 ἦν
2098 1988 2228 2036 οὐδεὶς,
2253 1995 2354 2028 πᾶσα
2382 1989 2420 2028 δέ

1395 2064 1450 2088 σοι
1470 2050 1610 2101 φροντὶς
1624 2050 1684 2088 καὶ
1705 2049 1807 2092 πόνος
1823 2051 1870 2092 εἰς
1894 2051 1958 2096 τὴν
1983 2051 2190 2100 ἐπιμέλειαν
2210 2050 2420 2097 ἀνηλίσκετο

1394 2114 1464 2149 τῶν
1486 2114 1520 2150 ἐν
1535 2115 1586 2164 τῷ
1615 2112 1820 2164 παραδείσῳ
1840 2115 1967 2164 φυτῶν.
1997 2114 2147 2151 Πολλῶν
2166 2112 2203 2151 δέ
2225 2129 2264 2152 σε
2295 2112 2356 2152 καὶ
2372 2114 2421 2157 εἶς

1396 2173 1563 2211 ἀπόνοιαν
1592 2175 1826 2212 σκωπτόντων
1855 2172 1981 2218 ἤκουον
2012 2174 2111 2218 τότε,
2131 2174 2192 2212 καὶ
2217 2173 2330 2226 ταύτῃ
2357 2173 2421 2221 τὴν

1395 2238 1454 2273 τοῦ
1488 2234 1606 2310 γένους
1635 2234 1852 2285 αἰτιωμένων
1885 2234 2145 2288 λαμπρότητα,
2170 2235 2231 2274 καὶ
2263 2235 2330 2282 τὴν
2360 2238 2422 2275 τοῦ

1397 2296 1527 2348 πατρὸς
1546 2296 1667 2342 δόξαν,
1697 2296 1756 2334 καὶ
1781 2296 1821 2334 τὸ
1839 2297 1876 2334 ἐν
1893 2296 2034 2349 πλούτῳ
2063 2297 2251 2350 τετράφθαι
2276 2298 2399 2350 πολλῷ
2412 2312 2421 2321 ·

1397 2357 1500 2404 τὴν
1482 2357 1517 2396 οὲ
1548 2358 1584 2395 ἐν
1610 2363 1687 2401 ταῖς
1714 2356 1900 2408 παννυχίσι
1921 2357 2094 2409 ῥαθυμίαν
2122 2358 2183 2397 καὶ
2209 2358 2313 2402 αὐτὸς
2329 2351 2424 2402 οἶδας

1398 2434 1528 2469 σαφως.
1551 2417 1730 2461 Πολλάκις
1748 2433 1816 2470 γαρ
1835 2418 1952 2456 ἄλλων
1970 2419 2061 2468 μετὰ
2079 2418 2143 2466 τὴν
2163 2422 2305 2472 βαθεῖαν
2322 2418 2425 2459 ἐσπί-

1401 2495 1462 2531 ραν
1491 2481 1734 2529 ἀνισταμένων
1754 2478 1898 2526 εὐθέως,
1925 2480 2026 2523 αὐτὸς
2049 2480 2167 2531 ἔμενες
2199 2479 2298 2534 ὕπνῳ
2314 2495 2424 2519 κατι-

1398 2539 1546 2591 χόμενος
1583 2543 1681 2590 βαθεῖ
1696 2567 1704 2579 .
1725 2541 1785 2578 καὶ
1815 2540 1900 2592 πρὸς
1932 2540 2010 2583 τοὺς
2031 2540 2261 2592 διεγείροντας
2279 2539 2424 2593 ἐδυσχέ-

1401 2616 1527 2652 ραινες.
1547 2600 1653 2639 Ἀλλὰ
1673 2605 1730 2639 νῦν
1759 2601 1875 2639 πάντα
1906 2602 2050 2639 λέλυται
2082 2602 2222 2648 ἐκεῖνα,
2249 2600 2311 2640 καὶ
2339 2602 2425 2654 πρὸς

1399 2663 1438 2700 τὸ
1464 2661 1601 2713 βέλτιον
1636 2661 1900 2712 μεταὸἑέἷληται
1913 2691 1922 2707 ,
1944 2661 1979 2706 ἐξ
1998 2656 2037 2699 οὗ
2056 2662 2120 2708 τὴν
2147 2662 2267 2714 μάχην
2286 2662 2346 2701 καὶ
2365 2662 2424 2701 τὸν

1399 2722 1553 2772 πόλεμον
1581 2721 1728 2766 ἀνεδέξω
1748 2726 1884 2760 τοῦτον.
1910 2724 1952 2760 lii
1972 2721 2007 2760 δὲ
2030 2723 2122 2774 (ροιό
2152 2738 2196 2773 μι
2228 2724 2263 2762 τί
2293 2724 2425 2771 δήποτέ

1401 2798 1456 2822 σοι
1482 2785 1657 2835 τρυφῶντι
1689 2783 1748 2820 καὶ
1781 2783 1866 2834 πρὸς
1900 2783 1944 2821 τὰ
1979 2787 2040 2821 τοῦ
2070 2784 2202 2833 κόσμου
2229 2785 2425 2836 πράγματα

1401 2843 1608 2896 ἐπτοημένῳ
1626 2845 1664 2881 οὐ
1688 2844 1931 2894 συνεχώρησεν
1954 2845 2157 2891 ἀντιστῆναι
2188 2846 2247 2884 τὸν
2277 2846 2426 2898 δαίμονα

1402 2911 1521 2944 τοῦτον
1541 2909 1560 2944 ὁ
1586 2906 1693 2951 θεὸς,
1716 2907 1828 2943 ἐκεῖνο
1850 2905 1889 2943 ἂν
1911 2906 2166 2956 ἀποκρινοίμην
2187 2906 2272 2958 ἐγὼ,
2294 2906 2348 2946 ὅτι
2366 2906 2428 2946 καὶ

1402 2970 1505 3006 τοῦτο
1525 2970 1587 3013 τῆς
1621 2967 1727 3005 αὐτοῦ
1760 2967 1969 3016 κηδεμονίας
1997 2961 2038 3012 ἧν
2061 2983 2069 2991 ·
2089 2968 2165 3020 ᾔδει
2194 2968 2264 3021 γὰρ
2299 2968 2356 3008 ὅτι
2386 2984 2426 3008 σι

1366 3066 1379 3078 2
1404 3029 1481 3067 τότε
1502 3027 1801 3079 εὐκαταγώνιστον
1818 3027 1928 3078 εὑρὼν
1949 3029 2083 3079 ταχέως
2097 3032 2232 3069 ἀπολεῖ.
2244 3029 2313 3069 Διὰ
2328 3033 2429 3071 τοῦτο

1405 3090 1483 3129 οὐδὲ
1503 3089 1629 3132 εὐθέως
1647 3089 1707 3127 ι’πὶ
1727 3089 1784 3127 τὸν
1804 3090 1873 3126 τῶν
1894 3091 2057 3140 μοναχῶν
2075 3090 2219 3129 ἐλθόντα
2241 3089 2317 3142 βίον
2342 3090 2429 3142 πρὸς

1406 3152 1468 3197 τὴν
1497 3151 1614 3196 πάλην
1640 3149 1771 3196 ταύτην
1800 3150 1982 3197 ἐκάλεσεν,
2000 3151 2077 3188 ἀλλ’
2100 3152 2234 3205 ἀφῆκεν
2253 3153 2432 3203 δγγυμνα·

1409 3215 1536 3258 σθῆναι
1555 3211 1613 3250 καὶ
1630 3212 1753 3262 χρόνον
1779 3213 1962 3259 ἀναμεῖναι
1981 3212 2135 3262 μακρὸν,
2149 3206 2209 3251 εἶθ’
2230 3212 2287 3251 ὅτε
2305 3227 2428 3264 καρτε-

2079 3382 2126 3404 am,
2145 3363 2246 3397 sant.
2273 3363 2304 3396 iu
2333 3371 2425 3396 textu

1599 3423 1745 3450 astutam
1769 3428 1824 3449 τ”.υ
1843 3423 1959 3462 Οιιςτω..
