2549 3825
20 3397 29 3468 :t

14 3491 27 3620 J

685 253 745 284 AD
782 254 1020 285 STAGtmtJM
1071 255 1096 283 A
1148 254 1344 284 DAEMONE
1381 252 1617 284 VEXATUM.
1656 255 1742 286 1.113.
1781 256 1812 285 1.
2180 241 2268 304 189

224 338 402 375 instituta
428 345 728 387 computaverunt
742 353 756 381 ,·
777 335 878 384 haec,
896 336 1013 385 inquit
1036 336 1116 381 ille,
1138 350 1207 373 non
1235 345 1315 373 sunt
1344 335 1440 374 dicta
1471 336 1627 375 hominis
1662 337 1784 376 eadem
1816 338 1852 375 in
1884 337 1972 376 urbe
2003 341 2267 377 commorantis.

223 397 328 435 Unde
345 397 449 435 infert
467 396 663 448 Stagirium
679 395 825 447 quidem
845 395 1040 433 Antiochiae
1056 396 1177 442 fuisse,
1198 396 1494 447 Chrysostomum
1515 411 1598 436 vero
1617 398 1654 435 in
1670 399 1844 437 montium
1864 413 2014 448 secessu,
2032 398 2126 438 unde
2141 400 2271 452 paulo-

221 466 314 509 post,
336 457 579 509 prementibus
599 457 778 508 corporeis
800 456 1090 503 infirmitatibus,
1111 457 1147 493 in
1167 456 1294 493 urbem
1311 456 1428 494 redire
1446 458 1652 510 compulsus
1671 468 1735 499 est.

272 517 360 556 Haec
377 532 483 570 porro
506 527 714 569 argumenta
739 530 809 555 non
835 518 923 554 tanti
944 517 1113 555 momenti
1138 530 1211 554 esse
1234 517 1417 563 videntur,
1441 527 1479 555 ut
1499 532 1563 556 nos
1579 534 1596 556 a
1620 519 1739 571 priore
1759 521 1928 558 sententia
1949 521 2128 560 abducant
2155 537 2164 559 :
2187 536 2271 560 nam

221 592 302 628 quae
327 579 490 630 superius
519 593 564 616 ex
591 578 847 630 Chrysostomo
870 577 1079 626 afferuntur,
1093 578 1227 629 optime
1245 587 1392 628 possunt
1410 578 1587 628 quadrare
1613 579 1660 617 ad
1683 580 1865 618 hominem
1885 582 1922 618 in
1943 582 2065 620 eadem
2084 582 2270 634 degentem

222 638 333 689 urbe,
355 640 551 692 prcesertim
571 648 677 677 tantae
696 637 947 690 amplitudinis
962 668 971 683 ‚
994 647 1135 688 quantas²
1155 646 1229 675 erat
1249 638 1440 675 Antiochia
1462 653 1543 676 cum
1565 641 1762 679 suburbiis.
1784 641 1841 679 Ad
1862 642 1936 680 liaec
1956 644 2057 681 annis
2083 646 2271 696 postremis

220 699 361 739 duobus
387 715 540 739 secessus
566 701 638 748 sui,
664 699 830 738 videlicet
851 700 929 738 579
948 709 981 737 et
1003 701 1104 747 580,
1135 699 1265 749 quibus
1288 699 1484 737 secundum
1503 701 1723 740 Tillemontii
1756 703 1934 742 calculum
1962 703 2027 742 hos
2047 705 2158 743 libros
2179 706 2271 743 scri-

220 761 292 812 psit
307 762 596 814 Chrysostomus,
621 761 656 798 in
678 761 844 812 spelunca
867 760 927 798 ille
944 760 1040 798 solus
1060 759 1226 812 degebat,
1245 760 1318 810 τρὶς
1338 759 1431 798 ὀκτὼ
1457 764 1580 811 μῆνας,
1598 771 1656 800 ter
1673 772 1756 801 octo
1780 766 1988 812 mensibus,
2016 775 2055 802 ut
2079 766 2128 802 ait
2154 767 2272 804 Palla-

221 821 317 867 dius,
344 822 383 860 id
412 831 476 871 est,
503 822 646 860 duobus
675 822 797 864 annis,
828 835 873 859 ex
899 835 968 872 qua
999 821 1167 872 spelunca
1190 821 1237 858 ob
1262 821 1449 859 adversam
1477 824 1636 874 corporis
1664 825 1908 864 valetudinem
1934 825 1970 863 in
1998 826 2127 863 urbem
2156 827 2271 865 redire

220 882 426 934 compulsus
446 892 496 920 cst
519 883 587 920 sub
606 883 713 920 finem
735 882 818 920 anui
837 883 926 922 580.
949 885 1002 919 An
1025 896 1110 919 vero
1129 881 1164 918 in
1195 882 1360 932 spelunca
1392 883 1487 920 solus
1517 883 1648 935 degens
1673 885 1804 924 diceret
1830 901 1866 924 se
1885 887 2044 939 corporis
2064 888 2272 926 infirmitate

219 941 332 989 domi,
353 943 456 992 οἴκοι,
477 943 660 981 detentum
680 957 748 980 non
765 957 872 995 posse*
885 942 1081 994 Stagirium
1102 942 1201 980 adire
1218 943 1235 980 Ρ
1254 946 1326 989 An,
1349 943 1472 981 eadem
1487 945 1524 981 in
1545 945 1711 996 spelunca
1733 946 1905 994 inclusus,
1922 956 2057 985 tantam
2072 948 2269 987 adventan-

219 1002 309 1041 tium
329 1003 560 1054 frequentiam
581 1004 772 1056 exciperet,
795 1013 963 1053 quantam
984 1002 1143 1040 indicant
1163 1003 1239 1041 loca
1256 1005 1333 1056 ipsa
1353 1019 1372 1042 a
1393 1005 1625 1044 Tillemontio
1643 1007 1781 1045 allata?
1799 1008 1883 1046 Haec
1903 1011 2098 1061 praesertim
2120 1025 2177 1048 me
2197 1025 2273 1049 mo-

218 1074 302 1102 vent
321 1074 357 1102 ut
371 1066 552 1103 Socratem
568 1079 715 1115 sequar,
743 1074 776 1103 et
794 1064 900 1101 hosce
918 1064 1030 1102 libros
1048 1065 1198 1102 referam
1219 1064 1254 1103 in
1275 1080 1408 1104 annum
1426 1068 1499 1106 581
1515 1098 1524 1110 ,
1541 1082 1612 1118 quo
1632 1068 1775 1107 ineunte
1789 1100 1798 1116 ‚
1820 1079 1857 1107 ut
1877 1080 2047 1122 putamus
2065 1101 2074 1118 ‚
2087 1086 2107 1109 a
2128 1072 2272 1111 Meletio

220 1125 392 1164 diaconus
412 1126 596 1164 ordinatus
614 1135 666 1163 cst
684 1125 977 1178 Chrysostomus.
1004 1125 1088 1162 Haee
1104 1125 1148 1163 de
1166 1135 1347 1178 tempore:
1366 1139 1614 1179 argumentum
1637 1141 1756 1169 autem
1772 1131 1978 1184 hujusmodi
1994 1142 2055 1171 est.

271 1187 471 1240 &agit-ius,
489 1187 599 1225 nobili
619 1187 697 1225 loco
717 1196 834 1234 natus,
852 1201 870 1224 a
889 1186 1018 1224 teneris
1037 1187 1073 1225 in
1095 1187 1299 1225 Christiana
1321 1188 1393 1226 fide
1413 1190 1606 1237 educatus,
1626 1192 1806 1245 principio
1834 1193 1981 1244 quidem
2000 1194 2148 1232 terrenis
2166 1194 2273 1234 rebus

218 1247 383 1285 addictus
402 1257 493 1297 erat3
513 1248 574 1286 sed
597 1247 701 1285 brevi
726 1257 848 1300 postea
872 1247 1046 1285 abdicatis
1072 1248 1303 1288 facultatibus
1330 1250 1529 1302 mundique
1557 1252 1715 1300 deliciis,
1742 1254 1853 1291 vitam
1880 1255 2129 1303 monasticam,
2157 1256 2273 1294 invito

218 1309 300 1347 licet
319 1309 582 1360 reluctanteque
598 1319 716 1361 patre,
739 1308 926 1361 amplexus
946 1318 1010 1347 est.
1032 1310 1139 1347 Initio
1159 1319 1274 1348 tamen
1297 1325 1363 1348 non
1382 1313 1430 1349 ita
1453 1313 1665 1365 diligenter,
1683 1324 1722 1352 ut
1741 1329 1808 1366 par
1826 1325 1919 1361 erat,
1943 1316 2005 1354 sed
2025 1317 2214 1355 oscitanter
2240 1327 2274 1356 et

220 1371 459 1422 perfunctorie
486 1385 541 1408 res
568 1371 734 1408 asceticas
760 1371 947 1418 tractabat,
976 1370 1185 1421 generisque
1209 1371 1346 1409 fiducia
1366 1373 1478 1411 fretus
1492 1404 1502 1421 ‚
1523 1385 1702 1412 monentes
1725 1390 1760 1413 se
1782 1389 1875 1427 aegre
1893 1376 2115 1415 admittebat.
2137 1379 2271 1416 Verum

220 1431 456 1483 prospiciente
471 1432 629 1474 numine,
645 1446 688 1468 ne
707 1440 785 1483 post
802 1440 984 1482 peractum
999 1439 1177 1468 tantarum
1197 1445 1307 1483 opum
1327 1435 1545 1473 sacrificium
1566 1436 1679 1474 levius
1699 1439 1889 1489 praemium
1909 1439 2086 1490 Stagirius
2106 1441 2272 1483 referret,

217 1507 238 1530 a
258 1492 420 1530 daetuone
439 1493 634 1545 corripitur
653 1503 685 1531 et
706 1495 908 1544 exagitatur
921 1523 930 1541 ,
954 1507 994 1530 ac
1014 1493 1175 1545 repetitis
1197 1493 1398 1544 frequenter
1418 1497 1560 1534 vicibus
1582 1511 1695 1548 usque
1713 1498 1800 1536 adeo
1818 1509 1972 1537 vexatur
1985 1530 1994 1544 ‚
2015 1510 2055 1538 ut
2081 1502 2118 1538 in
2139 1502 2271 1554 despe—

218 1563 310 1591 ratas
327 1555 396 1592 sibi
429 1563 578 1591 mortem
601 1554 848 1593 consciscendi
868 1554 1097 1604 cogitationes
1124 1553 1304 1592 interdum
1331 1558 1478 1595 veniret.
1515 1558 1607 1596 Hinc
1633 1573 1763 1596 moeror
1789 1569 1821 1597 et
1853 1560 1998 1598 tristitia
2025 1561 2150 1612 ingens
2174 1577 2184 1599 ε
2206 1564 2274 1600 viae

216 1628 337 1652 omnes
360 1613 526 1665 placandi
554 1615 621 1651 Dei
649 1623 844 1659 tentantur,
873 1614 971 1651 nulla
999 1615 1140 1666 proficit
1159 1630 1166 1650 ε
1185 1626 1385 1656 sanctorum
1418 1633 1538 1670 preces
1568 1619 1806 1668 adhibentur,
1840 1635 1904 1658 nec
1933 1623 2135 1660 vexationis
2163 1623 2272 1661 finem

215 1677 418 1727 impetrant.
438 1675 504 1712 Hic
523 1683 638 1712 tamen
658 1689 703 1712 ex
719 1689 877 1712 {erumna
898 1675 1108 1726 hujusmodi
1127 1676 1265 1714 fructus
1282 1679 1467 1729 provenit,
1489 1689 1528 1718 ut
1552 1682 1614 1732 qui
1633 1682 1718 1719 olim
1739 1683 1947 1721 oscitantius
1965 1698 2001 1721 se
2020 1684 2179 1734 gerebat,
2197 1685 2272 1736 jam

215 1736 410 1775 ferventius
428 1737 488 1789 pia
504 1737 672 1775 exercitia
686 1737 814 1775 adiret.
835 1739 1017 1776 Evocatur
1036 1738 1083 1776 ad
1103 1748 1207 1776 tantae
1223 1737 1435 1777 calamitatis
1449 1740 1617 1778 solatium
1637 1741 1915 1794 Chrysostomus
1931 1744 2078 1786 amicus.
2094 1744 2171 1795 qui,
2188 1759 2271 1783 cum

216 1796 342 1835 morbo
369 1796 531 1835 detentus
551 1797 658 1836 domo
679 1797 847 1836 excedere
867 1812 938 1836 non
957 1798 1093 1837 valeret
1106 1829 1115 1846 ,
1135 1809 1206 1837 tres
1223 1799 1331 1837 hosce
1358 1800 1470 1839 libros
1494 1802 1590 1840 misit
1616 1803 1781 1840 leniendo
1806 1803 1921 1841 dolori
1941 1815 2162 1856 opportunos
2176 1837 2185 1851 ,
2208 1807 2272 1844 ubi

220 1857 384 1910 exemplo
398 1868 601 1896 sanctorum
618 1859 801 1910 utriusque
811 1861 1028 1898 Testamenti
1048 1861 1176 1912 probat
1192 1862 1309 1898 Deum
1327 1860 1383 1898 vel
1403 1861 1596 1899 carissimis
1612 1862 1682 1900 sibi
1697 1863 1786 1901 viris
1801 1864 1972 1901 atrociora
1988 1866 2066 1902 ideo
2082 1866 2273 1904 immisisse

222 1919 331 1966 mala,
353 1928 392 1957 ut
410 1920 544 1972 majora
560 1921 708 1972 praemia
727 1921 1058 1973 splendidioresque
1077 1936 1226 1960 coronas
1245 1922 1430 1960 tribueret.
1453 1923 1622 1961 Animum
1641 1924 1690 1961 ait
1708 1924 1974 1963 calamitatibus
1989 1927 2157 1965 affectum
2169 1957 2178 1975 ,
2196 1928 2272 1966 fer-

223 1980 364 2018 ventius
388 1981 466 2019 Deo
491 1980 696 2031 divinisque
716 1983 822 2020 rebus
845 1983 992 2031 haerere,
1014 1985 1172 2022 maculas
1198 1998 1319 2022 omnes
1340 1993 1372 2021 et
1396 1984 1485 2021 vitia
1507 1984 1573 2022 hac
1601 1988 1738 2023 ratione
1758 1986 1863 2023 citius
1886 1986 2042 2039 abstergi
2065 2005 2072 2024 :
2097 1997 2136 2026 ut
2164 1989 2276 2042 ipsius

226 2041 372 2094 Stagirii
389 2042 553 2095 exemplo
573 2044 795 2096 comprobari
813 2053 967 2096 poterat,
989 2045 1051 2095 qni
1071 2046 1273 2093 oscitantia,
1295 2055 1447 2096 torpore,
1464 2054 1603 2083 tumore
1622 2046 1827 2093 eliminatis,
1844 2048 1919 2098 jam
1939 2048 2031 2087 inter
2049 2049 2278 2088 ferventiores

226 2104 360 2142 Christi
379 2104 530 2143 athletas
551 2106 686 2157 primas
709 2115 852 2144 teneret.
882 2106 965 2144 Haec
990 2106 1051 2144 ille
1074 2108 1152 2145 fuse
1175 2116 1209 2145 et
1227 2108 1432 2153 παθητικῶς
1450 2120 1516 2159 pro
1535 2121 1633 2146 more
1652 2121 1715 2145 suo
1734 2109 1979 2160 prosequitur,
1999 2123 2040 2147 ac
2059 2110 2206 2149 cuilibet
2225 2111 2280 2150 le-

226 2164 356 2203 niendo
371 2167 512 2203 moerori
533 2165 731 2205 remedium
752 2167 854 2205 ofl'ert
867 2166 1010 2218 legenti.

278 2226 607 2278 Interpretationem
624 2241 709 2266 vero
726 2227 852 2265 incerti
869 2229 1056 2280 cujusdam
1076 2228 1157 2274 viri,
1178 2243 1258 2280 quae
1280 2229 1316 2267 iu
1339 2229 1551 2268 Morelliana
1569 2231 1738 2270 Editione
1752 2231 1866 2284 posita
1886 2232 2012 2281 suerat,
2035 2233 2278 2273 innumerisin

225 2287 313 2326 toeis
330 2287 554 2326 emendatam
571 2302 590 2326 e
607 2289 752 2341 regione
768 2289 888 2328 Graeci
908 2299 1025 2328 textus
1041 2291 1240 2342 posuimus.

248 2435 1651 2444 —-——————————————-——

277 2578 397 2617 3ΤΟΥ
427 2578 595 2617 ΑΥΤΟΥ
623 2580 789 2618 ΛΟΓΟΣ
817 2579 1197 2619 ΠΑΡΑΙΝΕΤΙΚΟΣ
1326 2582 1591 2620 EJL‘SDEJI
1604 2585 1715 2622 ORA
1724 2586 1811 2622 TIO
1827 2586 2024 2623 ADHOR
2034 2587 2103 2624 TA
2113 2587 2278 2625 TORIA

358 2720 443 2773 πρὸς
464 2720 668 2773 Σταγείρων
690 2722 848 2768 gertr—..hv
876 2722 1108 2760 δαωονῶντα,
1432 2708 1486 2745 ml
1503 2708 1714 2757 Stagirium
1738 2718 1909 2747 ast-emm
1930 2724 1953 2747 ιι
1975 2710 2166 2747 doenwnio

936 2761 942 2772 .

1706 2787 1798 2810 vexa
1804 2783 1844 2811 tu
1850 2788 1882 2811 m
1890 2804 1898 2812 .

585 2873 701 2899 ΛΟΙὈΣ
730 2873 884 2899 ΠΡΩΤΟΣ*
1640 2889 1747 2913 muru
1774 2889 1932 2913 ruiut‘s.

276 2992 375 3030 Ἔδει
396 2990 458 3043 μὲν
478 2994 594 3043 ἡμᾶς,
622 2985 651 3030 ὦ
667 2992 811 3046 φίλτατε
831 2993 970 3032 πάντων
993 2994 1071 3044 ἐμοὶ
1098 2994 1248 3046 Σταγεί-
1352 2995 1386 3029 1.
1413 2993 1626 3044 Oportuerat
1660 2990 1804 3042 quidem
1823 3022 1831 3031 .
1859 3006 1880 3027 o
1913 2990 2092 3029 carissime
2118 2993 2277 3030 unuuiuiu

226 3069 276 3105 ριε
289 3083 298 3099 ,
318 3054 376 3091 καὶ
396 3053 558 3103 παρεῖναί
578 3069 632 3092 σοι
652 3058 712 3092 νῦν
730 3054 789 3092 καὶ
810 3055 1247 3106 συνδιαταλαιπιιῳεῖσθαι,
1325 3054 1472 3104 Stagiri,
1498 3068 1559 3090 uus·
1579 3053 1642 3090 tibi
1667 3066 1759 3089 nuuc
1776 3051 1908 3095 adesso,
1926 3061 1959 3089 ct
1982 3052 2016 3090 iu
2036 3068 2277 3092 arruuiuaruut

224 3114 284 3153 καὶ
308 3115 401 3166 λόγῳ
424 3116 710 3166 παρακαλοῦντα,
735 3115 794 3153 καὶ
832 3115 923 3168 ἔργῳ
953 3115 1219 3167 διακονούμενον
1235 3147 1244 3161 ,
1326 3124 1466 3152 tuarmu
1488 3113 1703 3151 consortium
1728 3113 1878 3151 transire
1892 3143 1901 3154 .
1919 3122 1951 3150 ct
1971 3128 2077 3165 opere
2091 3114 2276 3166 jurando,

223 3176 282 3214 καὶ
306 3175 350 3214 τὰ
372 3176 461 3213 ἅλλα
489 3174 605 3213 πάντα
633 3176 926 3227 συλλαμὸάνοντα
944 3207 954 3224 ,
987 3178 1090 3229 μέρος
1126 3195 1159 3216 τι
1185 3182 1247 3225 τῆς
1325 3176 1444 3214 xci-bis
1461 3174 1703 3219 exhort-nula,
1724 3185 1921 3224 cunctaque
1941 3173 2075 3226 reliqua
2098 3190 2161 3227 pru
2179 3176 2277 3213 vit-ili

225 3237 373 3288 ἀθυμίας
392 3236 644 3289 ἐπικουφίζειν,
662 3237 743 3277 ὅσον
762 3241 847 3287 ἡμῖν
876 3238 1017 3277 δυνατὸν
1039 3233 1081 3286 ἦν
1099 3256 1104 3263 ·
1124 3239 1244 3286 ἐπειδὴ
1275 3246 1295 3275 B
1323 3247 1440 3276 nostru
1457 3246 1554 3290 parte
1572 3235 1752 3274 iniit-remla
1766 3234 1948 3286 obsequia,
1970 3246 2103 3289 partein
2122 3236 2278 3287 aliquam

262 3359 355 3391 Notm
381 3368 413 3392 et
443 3361 540 3393 vni-'ue
565 3359 722 3393 lectiones
739 3363 770 3394 iu
787 3372 853 3397 tres
868 3363 970 3397 libros
986 3361 1027 3394 ιιιΙ
1047 3360 1226 3405 Stagiriuui
1261 3376 1324 3407 μου
1348 3364 1535 3402 fixius-,arsum
1568 3363 1650 3401 λεγος
1677 3364 1924 3403 πιραμ-Ληωιὸς
1955 3359 1995 3390 1¹.
2018 3359 2055 3389 lu
2085 3357 2198 3389 Mon-l.
2228 3373 2277 3391 ῃ.

218 3423 254 3443 ex
273 3412 375 3447 Snvil.
392 3421 425 3446 et.
441 3425 479 3445 ex
501 3426 566 3446 nuo
582 3413 776 3447 Collwrtino
791 3416 916 3448 Codice
934 3423 1103 3458 petuntur.
1266 3419 1354 3446 ³3:0⁷,
1380 3418 1462 3453 .'1·.s:.·
1490 3428 1507 3446 π
1521 3429 1547 3453 (ρ
1561 3427 1694 3448 ωιτη,
1725 3417 1794 3454 πρὸ,
1811 3417 1979 3455 ειν-μέθιεν
2007 3418 2133 3447 ἀπο-τέ.»
2171 3413 2186 3441 G

261 3477 274 3490 ¹
299 3464 430 3498 Titulus
444 3468 489 3498 sit·
505 3466 604 3499 habet
619 3467 650 3499 iu
668 3467 770 3502 Savil.
791 3478 1004 3514 ,xpnovrzpm
1025 3475 1092 3514 vilja,-
1112 3477 1145 3501 ὶτ
1160 3487 1181 3508 ι,
1195 3485 1229 3491 -·-
1267 3481 1334 3499 ,αντ
1349 3483 1358 3497 <
1381 3470 1458 3505 λῃ,
1488 3466 1506 3496 ι’
