2513 3871
243 190 304 248 78
679 202 718 232 s.

239 297 329 328 rent.
360 289 406 327 Et
423 286 511 338 quid
532 299 598 338 ego
616 285 713 337 dico,
735 288 1025 324 commutarent?
1048 297 1092 322 ne
1113 296 1197 323 cum

236 348 311 386 illis
322 347 467 399 quidem
480 347 543 384 bas
555 346 686 384 habere
697 345 840 385 vellent.
853 345 956 384 Certe
965 345 994 384 si
1003 345 1084 398 quis
1093 346 1199 386 vobis

236 423 317 448 cum
335 408 492 461 pecuniis
506 408 651 447 virtutis
668 408 844 448 conferret
860 422 960 461 opes,
981 408 1123 461 supinis
1139 423 1197 448 eas

234 472 400 510 manibus
414 471 659 524 susciperetis:
681 470 770 510 adeo
787 471 855 524 ipsi
871 485 1014 524 quoque
1028 486 1086 510 cas
1100 471 1196 511 divi-

233 533 300 571 tias
312 542 345 571 et
363 546 509 585 magnas
521 542 554 572 et
566 533 799 571 admirabiles
810 547 884 572 esse
899 533 1134 572 confitemini.
1152 536 1197 573 At

232 594 272 632 hi
285 608 328 633 nc
341 609 422 633 cum
433 596 506 633 suis
516 594 666 646 quidem
681 609 765 647 opes
778 604 912 634 vestras
924 595 1057 634 habere
1074 597 1195 635 volue-

231 655 322 703 rint,
340 656 388 694 ita
403 669 477 695 rem
493 670 567 695 esse
577 656 814 709 spernendam
830 666 976 697 norunt.
997 660 1114 708 Atque
1129 658 1195 696 hoc

233 717 352 769 ipsum
360 732 485 756 rursus
493 718 667 771 exemplis
675 719 1043 771 vestrisperspicuum
1051 720 1195 758 faciam.

232 778 419 825 Quantum
428 779 522 817 enim
535 779 766 832 pecuniarum
780 779 1028 819 Alexandrum
1041 781 1195 833 Diogeni

231 839 403 878 daturum
432 841 542 879 fuisse
562 850 666 893 putas
683 871 693 887 ‚
725 841 755 879 si
773 840 921 893 quidem
942 842 1003 880 ille
1022 842 1196 882 voluisset

230 901 419 955 accipere?
438 902 503 940 Ille
518 917 602 942 vero
625 903 751 943 noluit.
766 905 812 940 At
834 903 1038 942 Alexander
1054 905 1195 944 viribus

231 963 317 1002 totis
345 964 595 1010 contendebat,
618 975 815 1017 cunctaque
831 965 1126 1016 moliebatur‚’ut
1147 967 1195 1006 ad

236 1024 348 1077 hujus
366 1025 514 1064 divitias
534 1027 682 1079 propius
702 1026 895 1066 accederet.

285 1089 322 1126 5.
342 1087 456 1126 Visne
471 1087 618 1126 aliunde
638 1103 778 1140 quoquc
797 1099 831 1127 et
847 1098 944 1127 tuam
962 1090 1138 1143 inopiam,
1161 1100 1195 1129 et

230 1147 297 1185 filii
316 1148 367 1186 tui
384 1163 468 1201 opes
483 1150 721 1200 cognoscere?
738 1149 844 1188 lllum
858 1150 932 1196 adi,
953 1152 1101 1203 ejusque
1117 1152 1195 1204 pal-

227 1209 331 1256 lium,
348 1210 446 1261 quod
458 1212 573 1249 solum
591 1211 711 1257 habet,
731 1212 783 1250 illi
801 1213 925 1253 auser:
944 1213 1036 1251 educ
1052 1214 1136 1252 item
1150 1228 1194 1253 ex

228 1270 399 1318 latibulo,
422 1272 572 1323 ejusque
588 1273 775 1324 tugurium
793 1272 938 1311 destrue
953 1289 961 1310 :
979 1288 1022 1311 ne
1041 1275 1092 1312 sic
1112 1275 1194 1325 qui-

225 1333 308 1371 dem
329 1348 409 1371 eum
427 1333 742 1385 indignantemaut
753 1347 847 1383 aegre
861 1335 1031 1373 serentem
1042 1335 1192 1383 videbis;

227 1408 352 1432 verum
377 1395 442 1433 tibi
464 1395 590 1433 borum
613 1395 746 1446 gratias
767 1396 910 1441 reddet,
930 1406 1099 1449 tantoque
1120 1413 1194 1437 ma-

224 1456 332 1507 j0res‚
346 1466 479 1507 quanto
499 1456 613 1509 magis
629 1471 711 1494 eum
726 1456 768 1494 ad
786 1457 1053 1510 philosophiam
1070 1459 1193 1513 impel-

226 1517 289 1555 lis:
303 1517 368 1555 tibi
387 1519 509 1556 verosi
523 1519 603 1569 quis
621 1519 678 1557 vel
695 1518 817 1557 decem
834 1519 1024 1558 drachmas
1038 1522 1193 1561 abstule-

23 1592 85 1629 Qui
116 1593 214 1620 omnia
229 1579 289 1628 rit,
300 1579 448 1631 lugendi
461 1580 751 1632 lamentandique
763 1581 870 1620 finem
885 1597 953 1621 non
972 1583 1089 1623 facies.
1104 1586 1192 1623 Uter

21 1635 149 1670 despicit
165 1646 214 1662 vc-

22 1686 54 1703 τι·
75 1676 170 1705 dives.

230 1656 313 1694 ergo
326 1642 428 1681 dives
447 1643 711 1681 existimandus
726 1652 776 1682 est
793 1644 810 1681 Ρ
829 1644 902 1683 isne
915 1646 976 1695 qui
998 1645 1054 1684 vel
1068 1645 1113 1684 de
1128 1647 1194 1685 mi-

228 1703 336 1742 nimis
352 1705 593 1753 excruciatur,
606 1719 648 1742 an
661 1706 723 1756 qui
740 1705 860 1743 omnia
879 1706 986 1744 simul
1002 1707 1191 1760 despicit?

226 1766 351 1816 Neque
372 1765 410 1804 id
430 1776 569 1805 tantum
594 1767 718 1817 facias,
741 1781 868 1805 verum
888 1782 933 1806 ex
951 1777 1024 1806 tota
1049 1770 1193 1821 regione

224 1827 379 1866 exturba
396 1827 501 1866 illum
519 1837 576 1866 :et
594 1827 770 1866 ridentem
789 1828 932 1867 videbis
950 1831 1052 1880 quasi
1070 1830 1114 1869 dc
1135 1831 1193 1869 lu-

223 1888 330 1927 dente
362 1903 488 1941 puero.
521 1891 574 1928 Te
605 1904 688 1928 vero
708 1890 735 1928 si
757 1891 837 1941 quis
867 1905 912 1929 ex
934 1892 1052 1944 patria
1073 1894 1192 1933 solum

224 1951 408 1998 exturbet,
425 1951 654 1989 acerbissima
672 1952 832 2004 patieris,
853 1967 966 2004 neque
982 1954 1081 1992 illam
1097 1956 1191 1994 cala-

225 2012 386 2050 mitatem
406 2013 499 2050 serre
516 2014 649 2065 poteris
669 2029 678 2049 :
699 2013 758 2051 illc
775 2023 911 2061 aulem,
934 2015 1068 2069 quippe
1087 2027 1190 2055 terrae

224 2074 406 2124 marisque
427 2073 611 2119 dominus,
635 2076 682 2112 ita
703 2075 808 2113 facile
827 2085 860 2114 et
879 2077 954 2114 sine
974 2091 1126 2117 moerore
1145 2093 1190 2117 ex

225 2135 282 2173 his
311 2135 399 2173 locis
418 2135 463 2174 ad
485 2136 555 2173 alia
577 2136 771 2187 migrabit,
802 2146 840 2175 ut
859 2147 895 2175 tu
918 2139 1003 2177 sacis
1024 2153 1105 2177 cum
1129 2155 1192 2192 per

224 2210 329 2248 agros
347 2207 427 2235 tuos
447 2197 597 2242 incedis,
618 2198 689 2235 imo
708 2198 814 2236 etiam
834 2199 987 2238 facilius.
1010 2201 1102 2238 Nam
1124 2201 1191 2239 tibi

224 2257 288 2296 etsi
306 2273 368 2311 per
386 2267 444 2296 tua
462 2259 624 2297 incedere
642 2259 761 2306 liceat,
783 2275 846 2311 per
862 2261 976 2299 aliena
995 2271 1110 2300 tamen
1130 2277 1192 2301 ne-

225 2321 375 2358 cessario
409 2319 647 2359 incedendum
680 2330 731 2358 est
756 2337 764 2357 :
785 2331 820 2359 at
844 2337 929 2360 vero
960 2332 1091 2361 terram
1128 2324 1191 2363 ille

223 2395 364 2419 omnem
381 2396 483 2421 suam
503 2382 734 2431 obambulat,
754 2384 858 2434 eique
878 2394 1003 2437 potum
1026 2386 1190 2438 undique

222 2442 465 2495 largissimum
482 2443 714 2496 suppeditant
733 2454 874 2496 stagna,
892 2461 1027 2495 amnes,
1048 2448 1187 2486 sontes:

223 2504 325 2542 cibus
340 2505 409 2557 ipsi
422 2506 623 2551 suntolera,
638 2505 768 2552 herbae,
784 2521 891 2559 panes
907 2509 1032 2547 multis
1044 2524 1088 2548 ex
1101 2510 1189 2549 locis

221 2565 374 2604 advecti.
391 2566 560 2605 Nondum
577 2569 672 2605 enim
687 2568 724 2606 id
739 2567 836 2618 dico,
855 2570 953 2620 quod
967 2580 1098 2610 terram
1114 2572 1190 2626 ipse

221 2641 362 2666 omnem
397 2639 605 2681 aspernetur
620 2660 630 2679 ,
659 2630 792 2669 habens
822 2631 1004 2670 civitatem
1040 2634 1184 2674 caelum.

222 2688 330 2734 Quod
352 2690 379 2727 si
404 2690 627 2729 moriendum
648 2692 778 2740 fuerit,
800 2693 916 2731 hotius
936 2695 1025 2733 feret
1044 2697 1187 2734 obitum

222 2763 332 2799 quam
356 2750 504 2790 delicias
527 2762 676 2799 vestram,
697 2768 737 2791 ac
759 2756 972 2808 pramptabit
994 2756 1041 2794 ita
1063 2758 1153 2796 mori
1175 2789 1184 2806 ,

221 2825 330 2861 quain
357 2826 420 2851 vos
442 2813 475 2851 in
498 2814 611 2865 patria
640 2825 674 2853 et
694 2815 784 2854 lecto
804 2817 875 2855 :ita
897 2827 936 2856 ut
957 2818 1018 2856 illc
1039 2833 1120 2858 vere
1141 2820 1186 2858 sit

223 2886 350 2923 vagus,
362 2873 535 2923 fugitivus
551 2885 584 2913 ct
600 2877 911 2930 palabuudus‚qui
926 2879 1048 2918 urbem
1063 2881 1186 2921 incolit

223 2943 256 2972 et
275 2934 308 2971 in
329 2934 436 2973 domo
457 2936 615 2986 habitat,
633 2953 701 2977 non
722 2949 841 2978 autem
861 2942 923 2992 qui
944 2943 998 2981 bis
1016 2944 1184 2983 omnibus

222 2995 314 3033 liber
332 2998 456 3037 evasit.
472 3000 676 3050 Numquam
695 3002 790 3040 enim
809 3003 912 3041 illum
928 3003 973 3042 de
990 3005 1102 3057 patria
1123 3020 1184 3057 po·

223 3058 305 3095 teris
318 3059 481 3108 educere,
492 3061 556 3099 nisi
569 3077 649 3101 eum
663 3078 706 3102 cx
720 3064 885 3104 universa
899 3075 987 3104 terra
1001 3066 1183 3118 dejeceris.

225 3126 276 3163 lta
293 3127 386 3164 enim
404 3127 545 3166 iuterim
562 3128 752 3180 loquamur
769 3146 776 3167 :
793 3145 873 3169 nam
892 3133 921 3170 si
939 3147 1022 3171 vere
1037 3133 1185 3185 loquen-

225 3191 313 3229 dum
332 3193 397 3239 sit,
418 3203 502 3233 tunc
515 3209 595 3232 cum
615 3195 770 3233 maxime
787 3197 818 3234 in
835 3198 988 3251 patriam
1007 3199 1186 3245 remittes,

229 3272 310 3296 cum
336 3273 379 3297 ex
401 3269 492 3298 terra
512 3260 718 3299 deduxeris.
746 3264 885 3302 Verum
906 3264 942 3303 id
963 3266 1122 3305 nondum
1142 3266 1187 3306 ad

268 3392 280 3405 «-
311 3383 383 3416 Duo
404 3384 481 3415 Mes.
502 3389 592 3429 ν’ἶμλε
618 3390 717 3420 ambri-2.

273 3445 285 3459 ·
310 3442 370 3470 ἀπὸ
389 3439 501 3471 τούτων
516 3438 546 3469 in
565 3437 678 3472 voret.
698 3446 826 3471 tuntum
847 3439 952 3476 (locst.

1216 1563 1229 1584 6
1234 1562 1247 1587 J.

1219 1600 1245 1628 A

757 200 945 232 JOANMS
980 199 1226 231 CHRYSOST.
1266 202 1478 235 ARCIUEP.
1517 203 1879 236 CONSTANTINOP-

1276 289 1347 326 τῶν
1361 288 1538 340 ὑμετέρων
1557 289 1854 341 παραδειγμάτων
1871 287 2011 335 ποιήσω
2029 287 2188 340 φανερόν.
2207 287 2310 328 Πόσα

1276 348 1345 402 γὰρ
1364 349 1428 388 οἴει
1443 349 1612 402 χρήματα
1633 351 1692 389 τὸν
1707 350 1929 402 Ἀλέξανδρον
1953 352 2004 402 τῷ
2025 351 2198 402 Διογένει,
2221 350 2253 388 εἴ
2270 366 2311 402 γε

1275 412 1376 460 ἤθελε
1401 411 1583 461 δέξασθαι,
1603 414 1721 452 δοῦναι
1739 414 1802 460 ἄν,
1823 413 1913 452 Ἀλλ’
1931 413 1992 450 οὐκ
2011 413 2193 459 ἠθέλησεν·
2217 414 2308 452 ἐκεῖ·

1275 491 1329 519 νος
1350 475 1386 513 δὲ
1407 474 1612 527 ἐφιλονείκει
1633 475 1692 513 καὶ
1711 475 1827 513 πάντα
1855 473 2026 527 ἔπραττε,
2049 473 2142 513 ὥστε
2161 475 2308 522 δυνηθῆ·

1273 537 1330 575 ναί
1349 553 1435 576 ποτε
1454 535 1512 574 ἐπὶ
1528 537 1585 576 τὸν
1606 540 1754 576 πλοῦτον
1773 538 1886 575 ἐλθεῖν
1902 535 1960 574 τὸν
1979 535 2114 574 τούτου.

1326 1095 1453 1134 Βούλει
1474 1095 1510 1134 δὲ
1530 1095 1589 1135 καὶ
1617 1094 1784 1149 ἑτέρωΟέν
1813 1111 1873 1134 σου
1898 1094 1961 1143 τὴν
1980 1095 2102 1134 πενίαν
2125 1093 2225 1145 ἰδεῖν,
2246 1095 2307 1135 καὶ

1272 1160 1333 1194 τοῦ
1359 1158 1483 1201 παιδὸς
1508 1157 1572 1204 τὴν
1601 1157 1765 1211 εὐπορίαν
1792 1161 1852 1197 τοῧ
1878 1162 1963 1204 σοῦ,
1983 1159 2120 1197 Οὐκοῦν
2151 1158 2305 1206 ἄπελθε,

1272 1218 1498 1271 καὶθάφελοῧ
1521 1221 1627 1258 αὐτοῦ
1645 1219 1685 1257 τὸ
1701 1218 1841 1270 ἱμάτιον
1857 1249 1866 1267 ,
1888 1219 1975 1271 ὅπερ
1995 1218 2069 1271 ἔχει
2097 1220 2226 1271 μόνον,
2247 1220 2308 1259 καὶ

1272 1282 1334 1325 τῆς
1353 1280 1509 1327 καλύὸης
1530 1279 1694 1332 ἐξάγαγε,
1714 1281 1774 1318 καὶ
1789 1279 1913 1319 κάθελε
1929 1281 1969 1319 τὸ
1988 1282 2206 1334 καταγώγιον
2221 1312 2231 1329 ,
2248 1283 2309 1320 καὶ

1271 1340 1349 1378 οὐδὲ
1371 1338 1478 1384 οὕτως
1496 1340 1575 1394 ὄψει
1595 1341 1869 1394 δυσχεραίνοντα
1897 1341 1975 1380 οὐδὲ
2003 1344 2198 1394 ἀλγοῦντα,
2216 1343 2308 1381 ἀλλά

1272 1418 1326 1441 σοι
1349 1403 1409 1441 καὶ
1427 1404 1532 1456 χάριν
1557 1402 1689 1442 εἴσεται
1718 1402 1874 1451 τούτων,
1891 1402 1972 1442 ὅσον
1992 1403 2079 1456 πρὸς
2102 1403 2308 1457 φιλοσοφίαν

1270 1463 1380 1503 πλέον
1397 1467 1498 1508 ὠθεῖς
1517 1466 1620 1504 αὐτόν
1635 1481 1642 1489 ·
1663 1469 1724 1504 σοῦ
1744 1465 1780 1504 δὲ
1801 1466 1842 1504 ἄν
1861 1481 1914 1508 τις
1934 1465 2018 1504 δέκα
2039 1465 2202 1519 δραχμὰς
2222 1466 2307 1519 ἀφέ-

1271 1527 1378 1574 ληται
1414 1528 1540 1578 μόνον,
1567 1531 1702 1580 θρηνῶν
1725 1528 1786 1567 καὶ
1813 1526 2018 1579 ὀδυρόμενος
2049 1531 2086 1566 οὔ
2116 1529 2306 1583 διαλείψεις

1271 1589 1371 1627 ποτέ.
1390 1589 1455 1634 Τίς
1474 1583 1530 1628 οὔν
1551 1590 1709 1643 εὔπορος,
1725 1594 1742 1630 ὃ
1758 1599 1831 1636 τοῖς
1851 1601 1988 1647 μικροῖς
2005 1595 2229 1643 δακνόμενος,
2246 1593 2268 1638 ἢ
2288 1595 2306 1631 ὃ

1271 1650 1411 1689 πάντων
1427 1653 1496 1689 τῶν
1514 1652 1622 1690 ὄντων
1641 1658 1893 1706 καταφρονῶν,
1915 1657 1985 1695 Καὶ
2010 1656 2057 1706 μὴ
2078 1658 2181 1694 τοῦτο
2205 1654 2306 1702 ποιή-

1272 1729 1335 1764 σῃς
1355 1714 1481 1764 μόνον’
1504 1714 1595 1753 ἀλλὰ
1624 1714 1683 1752 καὶ
1705 1717 1769 1761 τῆς
1793 1718 1911 1770 χώρας
1936 1718 2077 1767 ἁπάσης
2104 1717 2304 1763 ἀπέλασον,

1272 1775 1331 1813 καὶ
1359 1775 1436 1827 ὄψει
1455 1778 1611 1827 γελῶντα
1641 1775 1700 1813 ἐπὶ
1720 1776 1874 1823 τούτοις,
1897 1776 2056 1829 καθάπερ
2083 1778 2141 1815 ἐπὶ
2162 1778 2303 1816 παιδίου

1271 1837 1466 1882 παίζοντος.
1483 1837 1531 1875 Σὲ
1549 1838 1585 1875 δὲ
1605 1837 1644 1875 ἂν
1662 1840 1724 1883 τῆς
1743 1839 1911 1890 πατρίδος
1931 1838 2092 1890 ἀπελάσῃ
2111 1855 2164 1884 τις
2181 1838 2303 1890 μόνον,

1269 1899 1314 1936 τὰ
1335 1898 1517 1937 δεινότατα
1545 1901 1672 1951 πείσῃ,
1694 1899 1754 1937 καὶ
1783 1900 1859 1938 οὐδὲ
1879 1900 1985 1944 οἴσεις
2012 1900 2075 1948 τὴν
2107 1900 2302 1953 συμφοράν·

1270 1962 1397 2004 ἐκεῖνος
1424 1961 1477 2009 δὲ,
1510 1961 1569 1999 ἅτε
1591 1960 1706 2006 πάσης
1733 1964 1796 2007 τ’ἧς
1815 1965 1880 2014 γῆς
1905 1962 2010 2009 οὔσης
2031 1964 2137 2002 αὐτοῦ
2161 1963 2221 2001 καὶ
2240 1967 2304 2010 τῆς

1271 2024 1472 2072 θαλάσσης,
1499 2023 1608 2067 οὕτως
1635 2023 1785 2066 εὐκόλως
1812 2025 1872 2061 καὶ
1901 2025 2043 2068 ἀλύπως
2059 2026 2152 2064 ῧάπὸ
2172 2025 2302 2064 ‘redte-w

1270 2087 1322 2138 ἐφ’
1343 2085 1443 2137 ἕτερα
1461 2085 1741 2136 μεταστήσεται,
1757 2086 1920 2138 καθάπερ
1937 2085 1978 2124 σὺ
1999 2086 2056 2124 διὰ
2077 2090 2146 2125 τῶν
2165 2087 2302 2126 οἰκείων

1270 2147 1398 2186 ὁδεύων
1416 2150 1544 2200 ἀγρῶν·
1572 2149 1705 2198 μᾶλλον
1731 2147 1767 2186 δὲ
1799 2148 1858 2186 καὶ
1878 2149 2126 2197 εὐκολώτερον.
2151 2150 2216 2188 Σοὶ
2239 2148 2302 2199 μὲν

1269 2208 1338 2262 γὰρ
1365 2211 1394 2247 εἰ
1413 2210 1473 2248 καὶ
1493 2210 1550 2248 διὰ
1567 2214 1636 2249 τῶν
1663 2213 1733 2250 σῶν
1765 2211 1917 2263 βαδίζειν
1943 2211 2088 2259 ἔξεστιν,
2108 2213 2185 2249 ἀλλ’
2206 2210 2303 2262 ὅμως

1269 2271 1329 2309 καὶ
1357 2272 1401 2310 δι’
1421 2272 1613 2324 ἀλλοτρίων
1643 2272 1796 2324 ἀνάγκη·
1818 2274 1949 2317 ἐκεῖνος
1968 2272 2004 2311 δὲ
2029 2273 2086 2312 διὰ
2104 2272 2221 2320 πάσης
2240 2275 2304 2320 τῆς

1269 2335 1373 2372 αὐτοῦ
1398 2334 1606 2386 πορεύσεται
1625 2339 1690 2387 γῆς
1702 2351 1710 2359 ·
1729 2336 1789 2374 καὶ
1807 2336 1913 2374 ποτὸν
1935 2334 2000 2386 μὲν
2021 2337 2114 2388 αὐτῷ
2132 2334 2303 2374 πάντοθεν

1269 2396 1424 2448 δαψιλῶς
1445 2396 1641 2449 παρέχουσι
1669 2397 1793 2448 λίμναι
1821 2396 1882 2436 καὶ
1910 2397 2065 2448 ποταμοὶ
2083 2396 2144 2436 καὶ
2167 2396 2302 2449 πηγαὶ,

1266 2457 1378 2510 τροφὴ
1410 2457 1446 2497 δὲ
1478 2461 1572 2512 αὐτῷ
1591 2459 1732 2513 λάχανα
1761 2459 1821 2498 καὶ
1851 2459 2018 2511 βοτάναι,
2044 2459 2104 2497 καὶ
2142 2459 2242 2510 ἄρτοι
2265 2457 2302 2497 δὲ

1266 2520 1497 2571 πολλαχόθεν.
1516 2521 1629 2560 Οὔπω
1656 2521 1724 2574 γάρ
1753 2537 1807 2560 σοι
1833 2521 1948 2571 λέγω,
1970 2520 2023 2558 ὅτι
2053 2520 2114 2558 καὶ
2141 2523 2204 2567 τῆς
2237 2523 2302 2571 γῆς

1267 2581 1407 2629 ἁπάσης
1431 2589 1659 2634 καταφρονεῖ,
1687 2582 1788 2621 πόλιν
1817 2581 1908 2633 ἔχων
1933 2580 2017 2620 ι’τὸν
2046 2579 2203 2633 οὐρανόν.
2225 2581 2300 2619 Κᾶν

1266 2645 1475 2690 τελευτῆσαι
1510 2645 1664 2696 δέῃ,τ’ῆς
1695 2647 1827 2695 τρυφῆς
1857 2645 1953 2693 ὑμῶν
1981 2643 2079 2690 ἥδιον
2117 2642 2203 2681 οἴσει
2235 2641 2300 2688 τὴν

1266 2705 1456 2751 τελευτὴν,
1479 2705 1538 2743 καὶ
1575 2704 1709 2749 εὔξεται
1743 2704 1851 2747 οὕτως
1886 2706 2072 2743 ἀποθανεῖν
2095 2705 2242 2755 μᾶλλον,
2272 2703 2295 2750 ἢ

1265 2769 1363 2816 ὑμεῖς
1391 2766 1449 2804 ἐπὶ
1479 2770 1542 2813 τῆς
1569 2766 1735 2816 πατρίδος
1766 2766 1825 2803 καὶ
1853 2769 1918 2812 τῆς
1946 2767 2068 2812 εὐνῆς·
2107 2765 2198 2805 ὥστε
2231 2780 2277 2803 κα

1265 2828 1396 2867 πλάνον
1423 2828 1483 2867 καὶ
1512 2827 1650 2880 φυγάδα
1677 2827 1736 2865 καὶ
1768 2826 1902 2874 ἀλήτην
1929 2827 2022 2874 ‘'r->y
2044 2826 2145 2865 πόλιν
2174 2827 2300 2878 ἔχοντα

1264 2892 1324 2930 καὶ
1353 2890 1466 2929 οἰκίαν
1497 2892 1682 2937 οἰκοῦντα,
1710 2890 1785 2926 ἀλλ’
1809 2890 1871 2927 οὐκ
1905 2891 2033 2927 ἐκεῖνον
2061 2890 2152 2928 εἴποι
2183 2905 2236 2933 τις
2257 2889 2298 2928 ἂν

1265 2954 1322 2992 τὸν
1355 2953 1497 2990 πάντων
1530 2950 1661 2989 τούτων
1697 2950 1982 3000 ἀπηλλαγμένον.
2014 2950 2108 2989 Οὔτε
2138 2949 2205 3002 γὰρ
2236 2953 2300 2997 τῆς

1265 3015 1432 3066 πατρίδος
1452 3013 1555 3052 αὐτὸν
1576 3014 1755 3065 ἐξαγαγεῖν
1781 3015 1911 3066 δυνήσῃ
1927 3045 1937 3062 ,
1957 3014 2021 3058 ἕως
2042 3015 2081 3052 ἂν
2104 3014 2154 3065 μὴ
2174 3013 2299 3066 ἐξαγά-

1265 3095 1328 3132 γῃς
1355 3082 1416 3125 τῆς
1435 3082 1499 3130 γῆς
1520 3076 1678 3124 ἁπάσης·
1702 3077 1788 3120 τέως
1814 3077 1883 3128 γὰρ
1907 3076 2015 3120 οὕτως
2037 3077 2201 3129 εἰρήσθω,
2222 3075 2298 3114 ἐπεὶ

1265 3141 1356 3179 κατὰ
1377 3140 1434 3178 τὸν
1455 3142 1568 3186 ἀληθῆ
1597 3139 1696 3189 λόγον
1730 3138 1808 3176 τότε
1842 3138 1996 3189 μάλιστα
2027 3137 2130 3176 αὐτὸν
2162 3140 2210 3181 εἰς
2233 3136 2298 3184 τὴν

1266 3202 1419 3255 πατρίδα
1452 3201 1694 3253 ἀποπέμψεις,
1723 3199 1806 3238 ὅταν
1833 3200 1902 3238 ἀπὸ
1927 3204 1988 3247 τῆς
2018 3202 2082 3252 γῆς
2108 3199 2292 3251 ἐξαγάγῃς.

1267 3263 1358 3302 Ἀλλ’
1379 3264 1476 3303 οὔπω
1498 3266 1600 3301 τοῦτο
1623 3261 1708 3315 πρὸς
1733 3261 1772 3300 σὲ
1798 3262 1856 3300 τὸν
1878 3261 1973 3299 οὐδὲν
1994 3261 2099 3300 πλέον
2120 3263 2188 3299 τῶν
2208 3262 2298 3313 ὁρω-

1327 3391 1342 3414 Ι·
1370 3390 1442 3420 Duo
1459 3388 1536 3419 Mis.
1557 3393 1585 3421 lu
1603 3392 1730 3432 οᾶῥανῷ.

1326 3452 1339 3466 ‘³
1366 3443 1527 3475 forbrih
