2549 3825
846 280 902 309 DE
938 280 1116 311 LAzAno
1153 280 1318 310 CONCIO
1355 277 1419 310 IV.
2059 282 2153 328 929

106 362 300 413 ἁμάρτημα
320 360 394 400 εἰπὲ
427 359 522 412 μόνῳ
541 362 617 399 κατ’
647 361 756 409 ἰδίαν,
773 362 831 400 ἵνα
857 364 1060 414 θεραπεύσω
1093 363 1131 400 τὸ

104 423 222 470 ἕλκος,
240 422 300 460 καὶ
315 421 505 466 ἀπαλλάξω
524 424 586 468 τῆς
605 421 738 469 ὀδύνης.
759 423 827 460 Διὰ
848 428 950 462 τοῦτο
965 423 1004 461 τὸ
1021 439 1131 462 συνει-

106 483 161 526 δὸς
183 487 268 533 ἠμῖν
297 481 511 534 ἐγκατέθηκε
546 482 607 520 καὶ
645 484 778 534 πατρὸς
809 485 1128 536 φιλοστοργότερον.

103 544 234 593 Πατὴρ
253 542 316 593 μὲν
330 543 399 594 γὰρ
420 541 512 586 ἅπαξ
524 541 569 589 ,ἢ
591 543 765 594 δεύτερον,
781 543 803 590 ἢ
819 545 876 582 καὶ
893 544 1055 595 τρίτον,ἢ
1071 545 1130 583 καὶ

104 605 243 647 δεκάκις
271 603 482 652 ἐπιτιμήσας
511 606 558 655 τῷ
593 604 704 652 παιδὶ,
728 606 868 643 ἐπειδὰν
889 605 944 656 ἴδῃ
981 606 1130 655 μένοντα
1152 618 1175 646 Β

104 663 325 716 ἀδιόρθωτον,
342 663 584 715 ἀπαγορεύσας
600 665 847 717 ἀποκηρύττει,
864 665 924 703 καὶ
940 667 1001 710 τῆς
1019 665 1128 708 οἰκίας

104 724 291 772 ἐκὸάλλει,
307 724 366 763 καὶ
399 727 461 771 τῆς
491 725 690 775 συγγενείας
725 725 931 764 διακόπτει·
957 724 973 744 ¹'
989 726 1066 762 ἀλλ’
1088 728 1127 763 οὐ

103 785 143 823 τὸ
173 785 349 829 συνειδός·
372 785 482 833 ἀλλὰ,
509 785 572 822 κᾶν
607 785 721 832 ἅπαξ,
752 786 817 823 κᾶν
849 785 1007 836 δεύτερον
1023 812 1033 830 ,
1060 785 1126 822 κᾶν

102 846 237 898 τρίτον,
256 847 320 885 κᾶν
348 847 510 899 μυριάκις
543 846 644 898 εἴπῃ,
668 847 728 884 καὶ
755 846 1000 898 παρακούσῃς,
1019 845 1124 884 πάλιν

103 910 192 960 ἐρεῖ,
213 909 272 947 καὶ
292 911 353 946 οὐκ
377 908 566 960 ἀφίσταται
585 907 650 950 ἕως
669 907 821 958 ἐσχάτης
850 908 1043 952 ἀναπνοῆς·
1065 907 1126 944 καὶ

103 972 138 1007 ἐν
167 969 280 1021 οἰκίᾳ,
300 969 359 1007 καὶ
392 972 426 1007 ἐν
464 968 653 1019 ἀμφόδοις,
675 968 786 1005 καὶέν
802 967 980 1018 τραπέζῃ,
1000 967 1060 1004 καὶ
1089 969 1124 1005 ἐν

103 1033 238 1082 ἀγορᾷ,
260 1030 320 1068 καὶ
353 1031 389 1067 ἐν
420 1030 529 1074 ὁδοῖς,
569 1027 738 1070 πολλάκις
766 1027 802 1066 δὲ
830 1028 889 1065 καὶ
918 1029 952 1065 ἐν
982 1027 1125 1079 ὀνείροις

103 1093 216 1134 αὐτοῖς
247 1093 315 1128 τῶν
337 1089 596 1142 ἡμαρτημένων
623 1092 708 1139 ἡμῖν
742 1089 785 1127 τὰ
818 1089 946 1127 εἴδωλα
976 1090 1035 1127 καὶ
1065 1090 1126 1134 τὰς

102 1152 295 1204 φαντασίας
318 1151 524 1203 παρίστησι.

156 1389 227 1428 Καὶ
253 1389 317 1442 ὅρα
344 1389 466 1441 σοφίαν
496 1390 601 1428 Θεοῦ.
620 1389 714 1427 Οὔτε
749 1391 891 1435 διηνεκῆ
921 1388 985 1435 τὴν
1017 1405 1126 1436 κατη-

104 1449 222 1502 γορίαν
268 1449 428 1496 ἐποίησεν
467 1443 557 1488 εἶναι
585 1455 644 1488 τοῦ
675 1449 866 1493 συνειδότος
892 1452 954 1497 (οὗ
984 1449 1052 1502 γὰρ
1086 1450 1125 1487 ἂν

103 1510 299 1563 ἠνέγκαμεν
319 1511 358 1548 τὸ
379 1510 516 1562 φορτίον
533 1540 542 1557 ,
562 1512 715 1562 συνεχῶς
746 1512 1033 1561 ἐγκαλούμενοι),
1049 1510 1127 1549 οὔτε

103 1572 210 1616 οὕτως
228 1574 367 1620 ἀσθενῆ,
387 1575 434 1615 ὡς
453 1575 492 1610 ἐκ
510 1572 652 1623 πρώτης
673 1571 732 1610 καὶ
751 1571 914 1623 δευτέρας
932 1574 1128 1623 ἀπαγορεῦ-

102 1648 160 1670 σαι
189 1632 440 1684 παραινέσεως.
466 1633 510 1670 Εἰ
533 1631 594 1682 μὲν
624 1632 691 1684 γὰρ
723 1635 800 1670 καθ’
823 1633 974 1678 ἑκάστην
992 1633 1127 1685 ἡμέραν

102 1693 162 1730 καὶ
192 1693 286 1746 ὥραν
316 1693 460 1742 ἔμελλεν
489 1695 585 1742 ἡμᾶς
620 1699 770 1741 κεντεῖν,
792 1693 856 1731 κᾶν
885 1693 1129 1744 ἀπεπνίγημεν

102 1754 172 1793 ἀπὸ
190 1757 251 1800 τῆς
265 1754 433 1804 ἀθυμίας·
453 1755 484 1791 εἰ
503 1753 539 1791 δὲ
562 1753 654 1798 ἅπαξ
684 1753 745 1791 καὶ
764 1752 922 1805 δεύτερον
942 1756 1128 1803 εἱιπομνῆ-

103 1830 166 1853 σαν
195 1814 330 1862 ἀπέστη
353 1816 416 1860 τῆς
435 1814 690 1865 ἐπιτιμήσεως,
719 1816 782 1853 οὐκ
812 1814 851 1852 ἂν
871 1813 1004 1861 πολλὴν
1024 1816 1128 1866 ἐκαρ-

102 1875 298 1927 πωσάμεθα
340 1875 403 1922 τὴν
437 1875 620 1928 ὠφέλειαν.
648 1875 717 1913 Διὰ
753 1879 854 1914 τοῦτο
885 1876 1026 1922 διηνεκῆ
1064 1876 1126 1926 μὲν

101 1936 232 1983 ταύτην
247 1936 407 1984 ἐποίησεν
421 1930 510 1975 εἶναι
527 1936 590 1983 τὴν
606 1936 822 1986 ἐπιτίμησιν,
836 1939 873 1975 οὐ
891 1935 959 1987 μὴν
978 1941 1124 1987 συνεχῆ·

103 1999 244 2044 διηνεκῆ
266 1997 343 2048 μὲν,
359 1997 416 2036 ἵνα
435 1996 484 2048 μὴ
505 2001 553 2041 εἷς
575 1998 744 2050 ρᾳθυμίαν
772 1997 1023 2047 ἐμπίπτωμεν,
1046 1998 1124 2034 ἀλλ’

104 2058 156 2096 ἀεὶ
172 2059 231 2097 καὶ
265 2058 371 2111 μέχρι
396 2060 557 2104 τελευτῆς
576 2058 926 2109 ὑπομιμνησκόμενοι
940 2058 1124 2109 νήφωμεν·

103 2121 141 2158 οὐ
159 2122 285 2171 συνεχῆ
306 2119 341 2158 δὲ
356 2119 433 2157 οὐδὲ
449 2120 661 2167 ἐπάλληλον,
678 2118 735 2156 ἵνα
753 2119 801 2169 μὴ
827 2118 1122 2169 καταπίπτωμεν,

103 2180 193 2219 ἀλλὰ
213 2180 345 2224 ἀνέσεις
360 2180 458 2224 τινὰς
473 2181 709 2231 λαμὸάνοντες
728 2181 786 2218 καὶ
805 2179 1028 2232 παραμυθίας
1047 2182 1126 2218 ἀνα-

102 2242 274 2292 πνέωμεν.
311 2241 452 2294 “Ώσπερ
488 2243 556 2292 γὰρ
593 2242 632 2280 τὸ
674 2243 755 2293 μηδ’
784 2241 873 2284 ὅλως
909 2243 1026 2292 ἀλγεῖν
1066 2241 1124 2279 ἐπὶ

102 2308 172 2346 τοῖς
199 2303 449 2354 ἁμαρτήμασιν
485 2302 660 2354 ὀλέθριον,
679 2302 739 2340 καὶ
768 2302 832 2348 τὴν
852 2302 1003 2353 ἐσχάτην
1025 2305 1123 2340 ἀναι-

103 2363 249 2410 σθησίαν
280 2363 432 2402 ἐντίκτον
464 2366 574 2412 ἡμῖν,
592 2362 680 2401 οὕτω
713 2364 752 2402 τὸ
781 2366 934 2415 συνεχῶς
967 2363 1026 2401 καὶ
1057 2364 1123 2402 πέ-

104 2440 147 2476 ρα
184 2428 243 2463 τοῦ
278 2424 404 2476 με’τρου
442 2428 543 2463 τοῦτο
571 2424 720 2477 πάσχειν
755 2423 1020 2466 ἐπιὸλαὸές.(Η
1054 2425 1122 2477 γὰρ

103 2484 275 2538 ὓπερῧολὴ
301 2488 363 2532 τῆς
381 2484 559 2535 ᾱάθυμίας
590 2485 690 2537 ἴσχυε
723 2486 782 2522 καὶ
811 2487 879 2522 τῶν
910 2485 999 2523 κατὰ
1021 2486 1121 2536 φύσιν

102 2546 269 2590 πολλάκις
304 2545 499 2585 ἐκὸαλοῦσα
547 2550 692 2598 φρενῶν,
725 2545 935 2597 ὑποὸρύχιον
976 2550 1121 2592 ποιῆσαι

100 2606 164 2653 τὴν
178 2606 293 2659 ψυχὴν
307 2636 317 2654 ,
334 2607 394 2645 καὶ
412 2607 498 2658 πρὸς
529 2607 667 2645 ἅπαντα
700 2607 875 2658 ἄχρηστον
908 2606 1121 2659 ἐργάσασθαι

101 2667 145 2707 τὰ
166 2668 269 2706 καλά.
289 2667 358 2706 Διὰ
380 2672 482 2706 τοῦτο
508 2669 568 2707 καὶ
597 2670 635 2706 ἐκ
656 2668 918 2718 διαλειμμάτων
946 2672 1030 2719 ἡμῖν
1063 2669 1121 2707 τὸν

102 2734 162 2768 τοῦ
196 2730 389 2774 συνειδότος
421 2729 564 2783 ἔλεγχον
599 2730 860 2782 παρεσκεύασεν
890 2732 1118 2778 ἐπιτίθεσθαι,

101 2790 222 2837 ἐπειδὴ
243 2790 376 2843 σφόδρα
396 2790 487 2830 ἐστὶν
518 2790 693 2841 ἀπότομος
711 2821 719 2837 ,
739 2791 798 2828 καὶ
826 2791 955 2834 παντὸς
980 2791 1120 2843 κέντρου

102 2851 328 2904 σφοδρότερον
358 2851 415 2890 τὸν
441 2852 672 2904 ἡμαρτηκότα
703 2853 837 2890 νύττειν
866 2852 997 2891 εἴωθεν.
1029 2853 1120 2891 ooo&

102 2911 169 2964 γὰρ
189 2912 293 2960 ἡνίκα
320 2912 359 2950 ἂν
383 2914 640 2966 ἁμαρτάνοιμεν
665 2913 781 2960 αὐτοὶ,
802 2915 892 2952 ἀλλὰ
926 2915 985 2952 καὶ
1016 2915 1119 2960 ἡνίκα

103 2972 142 3011 ἂν
177 2972 288 3026 ἕτεροι
310 2973 353 3012 τὰ
381 2974 470 3012 αὐτὰ
498 2977 752 3025 πλημμελῶσιν
782 2979 892 3024 ἡμῖν,
916 2975 1120 3026 διεγείρεται

102 3034 256 3086 σφοδρῶς
285 3035 344 3073 καὶ
367 3034 456 3084 μετὰ
479 3037 610 3081 πολλῆς
638 3037 737 3085 ἡμῶν
767 3036 924 3087 naratio&
944 3040 1004 3082 τῆς
1024 3038 1119 3074 εὐτο-

102 3094 187 3138 νίας.
210 3095 278 3133 Καὶ
306 3094 374 3147 γὰρ
396 3099 413 3134 ὁ
442 3095 564 3148 πόρνος
580 3126 589 3142 ,
612 3096 669 3133 καὶ
694 3099 711 3133 ὃ
739 3096 885 3146 μοιχὸς,
913 3097 970 3134 καὶ
996 3100 1013 3134 ὁ
1043 3098 1119 3135 κλέ-

102 3171 192 3202 πτης
223 3157 260 3194 οὗ
297 3156 398 3207 μόνον
427 3156 508 3195 ὅταν
541 3157 641 3199 αὐτὸς
662 3159 922 3208 κατηγορῆται,
943 3158 1020 3195 ἀλλ’
1040 3158 1120 3195 ὅταν

104 3215 162 3253 καὶ
182 3215 306 3266 ἑτέρων
326 3221 468 3254 τοιαῦτα
487 3216 738 3266 τολμησάντων
767 3216 875 3268 ἀκούῃ
903 3233 1120 3270 κατηγορου-

105 3274 232 3325 μένων,
249 3276 347 3318 αὐτὸς
365 3280 501 3327 ἡγεῖται
514 3278 753 3327 μαστίζεσθαι,
770 3280 802 3315 ἐν
818 3284 890 3320 ταῖς
908 3278 1032 3330 {tipum
1049 3282 1119 3318 ἐπι-

159 3400 174 3422 θ·
201 3398 263 3430 Atii
282 3397 411 3430 ndduut
428 3404 461 3432 τὸ
479 3403 599 3438 συνειδὸς
615 3403 644 3433 ὑὶ
655 3404 707 3443 οὐχ
726 3403 824 3438 οὑτως.

289 3508 384 3533 ΤΗΝ.
414 3510 438 3535 Ι.

1202 362 1314 400 debiti
1332 362 1628 414 magnitudinem,
1649 376 1717 400 non
1738 375 1906 414 agnosces
1925 362 2048 414 gratiae
2068 364 2154 401 emi-

1203 424 1373 464 nentiam.
1388 424 1468 461 Non
1480 453 1493 470 ‚
1516 423 1654 475 inquit,
1674 436 1760 474 cogo
1786 432 1820 461 te
1838 423 1874 461 in
1893 423 2053 462 medium
2071 438 2154 475 pro-

1202 482 1279 520 dire
1299 483 1490 532 theatrum,
1506 498 1547 522 ac
1567 484 1699 522 multos
1719 484 1890 522 adhibere
1909 492 2013 522 testes
2031 499 2040 521 ι
2062 485 2153 522 mihi

1204 543 1268 580 soli
1284 543 1343 581 dic
1363 553 1547 596 peccatum
1567 545 1749 596 privatim,
1771 554 1811 583 ut
1830 559 1950 582 sanem
1966 545 2082 591 ulcus,
2101 555 2155 583 te·

1203 616 1272 652 que
1291 603 1414 642 dolore
1428 604 1590 642 liberem.
1607 604 1690 642 ideo
1704 605 1807 643 nobis
1826 604 1960 642 indidit
1975 606 2154 643 conscien-

1202 662 1304 709 tiam,
1324 663 1433 714 idque
1451 664 1579 714 quovis
1603 673 1703 716 patre
1725 666 1918 703 amantius.
1936 666 2026 703 Nam
2053 676 2154 718 pater

1202 723 1264 760 ubi
1292 725 1424 770 semel,
1453 724 1596 771 iterum,
1616 739 1656 762 ac
1686 725 1814 774 tertio,
1847 725 2007 763 deciesve
2034 726 2153 764 filium

1202 783 1438 835 increpaverit
1450 814 1460 829 ‚
1481 785 1511 822 si
1534 784 1665 822 viderit
1684 786 1965 836 incorrigibilem
1991 801 2132 825 manere
2146 817 2156 834 ,

1199 842 1389 895 desperans
1420 843 1577 890 abdicat,
1595 845 1745 896 expellit
1763 860 1782 883 e
1799 846 1950 891 familia,
1972 861 1991 883 a
2021 860 2152 898 cogna-

1202 903 1296 940 tione
1315 912 1458 953 resecat.
1481 906 1526 940 At
1542 917 1611 940 non
1632 904 1756 941 eodem
1783 905 1893 942 modo
1918 907 2130 944 conscientia
2143 937 2152 953 ‚

1200 963 1261 1001 sed
1279 963 1362 1001 licet
1381 964 1500 1012 semel,
1521 965 1605 1002 licet
1625 964 1770 1014 iterum,
1788 964 1873 1002 licet
1887 974 1957 1012 ter,
1976 966 2059 1004 licet
2077 967 2156 1004 mil-

1200 1024 1264 1062 lies
1280 1024 1520 1071 admonuerit,
1537 1034 1646 1075 tuque
1660 1039 1731 1063 non
1748 1025 1981 1078 obtemperes,
1999 1028 2158 1065 monebit

1200 1086 1345 1133 iterum,
1374 1100 1438 1124 nec
1457 1085 1602 1125 desistet
1628 1101 1738 1137 usque
1764 1086 1809 1124 ad
1838 1101 2046 1139 supremum
2064 1088 2158 1127 hali-

1199 1155 1276 1184 tum
1303 1147 1379 1185 sive
1401 1145 1520 1195 domi,
1540 1148 1615 1186 sive
1641 1148 1679 1185 in
1704 1147 1833 1195 biviis,
1854 1148 1930 1186 sive
1948 1148 1983 1186 in
2008 1163 2129 1188 mensa
2143 1180 2153 1195 ‚

1200 1208 1275 1245 sive
1298 1208 1334 1245 in
1363 1209 1439 1246 foro
1455 1238 1466 1254 ‚
1489 1209 1566 1246 sive
1594 1208 1630 1246 in
1656 1208 1806 1247 itinere:
1830 1209 2031 1259 frequenter
2058 1219 2092 1248 et
2119 1211 2156 1248 in

1199 1270 1345 1307 somniis
1364 1270 1451 1322 ipsis
1476 1278 1703 1322 peccatorum
1723 1269 1825 1308 nobis
1853 1271 2044 1309 simulacra
2070 1286 2154 1324 spe-

1200 1340 1344 1381 ctraque
1363 1339 1606 1383 repraesentat.

1256 1393 1291 1430 5.
1305 1391 1402 1431 Vide
1415 1401 1531 1430 autem
1548 1393 1615 1430 Dei
1632 1393 1854 1445 sapientiam.
1876 1393 1956 1431 Non
1970 1394 2053 1432 fecit
2073 1409 2153 1447 per·
2201 1411 2364 1441 Conscien-

1201 1462 1346 1503 petuam
1366 1453 1592 1491 conscientiae
1612 1455 1896 1492 accusationem:
1919 1469 2032 1505 neque
2058 1456 2154 1493 enim
2170 1456 2215 1521 {³ae
2256 1456 2362 1482 sumu-

1201 1513 1268 1552 hoc
1286 1528 1378 1553 onus
1397 1514 1550 1566 perferre
1565 1524 1782 1566 poteramus,
1797 1515 1825 1553 si
1838 1516 1973 1566 jugiter
1993 1531 2154 1556 accusas·
2172 1505 2228 1564 nug„
2241 1506 2364 1575 εςῗῑίἱῗ

1202 1583 1251 1612 set
1271 1591 1278 1611 :
1302 1588 1415 1625 neque
1429 1589 1550 1613 rursus
1570 1575 1656 1613 adeo
1676 1577 1791 1614 levem
1811 1585 1843 1613 et
1863 1577 2093 1623 imbecillem,
2116 1587 2155 1616 ut
2170 1584 2286 1616 peiuus.

1202 1645 1281 1687 post
1298 1649 1405 1673 unam
1431 1645 1493 1673 aut
1511 1637 1658 1675 alteram
1678 1637 1957 1675 admonitionem
1978 1637 2155 1691 despera-

1202 1705 1267 1734 ret.
1297 1698 1388 1734 Nam
1407 1697 1434 1734 si
1455 1697 1606 1748 singulis
1623 1697 1752 1735 diebus
1771 1708 1804 1736 et
1832 1698 1931 1736 horis
1950 1699 2072 1737 fuisset
2092 1714 2155 1738 nos

1202 1757 1427 1795 stimulatura
1443 1787 1452 1805 ,
1480 1772 1632 1796 moerore
1665 1759 1822 1810 profecto
1857 1759 2114 1798 suffocaremur
2146 1778 2153 1797 :

1202 1832 1326 1856 rursus
1342 1818 1370 1855 si
1384 1827 1463 1870 post
1479 1833 1585 1857 unam
1596 1828 1702 1870 atque
1716 1819 1862 1858 alteram
1875 1820 2155 1873 increpationem

1201 1879 1398 1927 desisteret,
1413 1879 1511 1917 haud
1530 1880 1684 1918 multum
1705 1881 1842 1919 fructus
1869 1881 1971 1920 nobis
1998 1883 2151 1924 afferret.

1201 1941 1327 1991 quue
1346 1941 1427 1979 fecit
1448 1941 1733 1993 objurgationem
1766 1951 1972 1994 perpetuam
1987 1973 1996 1990 ,
2016 1954 2051 1982 at
2083 1959 2154 1984 nou

1200 2001 1417 2052 frequentem
1434 2018 1440 2038 :
1457 2011 1662 2054 perpetuam
1675 2002 1837 2053 quidem,
1850 2004 1937 2040 uein
1955 2004 2154 2044 socordiam

1200 2061 1440 2101 incideremus
1456 2093 1468 2109 ,
1491 2063 1553 2101 sed
1569 2077 1708 2115 semper
1725 2072 1756 2100 et
1778 2078 1890 2114 usque
1924 2063 1970 2101 ad
2003 2075 2153 2104 mortem

1199 2122 1372 2162 admoniti
1392 2125 1645 2175 vigilaremus;
1667 2139 1736 2162 non
1765 2125 1984 2175 frequentem
2012 2140 2095 2164 vero
2113 2141 2155 2165 ac

1199 2183 1328 2235 saepius
1347 2184 1533 2236 repetitam
1550 2214 1559 2231 ,
1576 2198 1620 2222 nc
1645 2185 1766 2223 animo
1786 2185 2071 2232 mucida-emus,
2091 2188 2154 2226 sed

1199 2253 1238 2282 ut
1254 2244 1406 2283 subinde
1421 2245 1636 2283 relaxatione
1650 2246 1848 2296 solatioque
1868 2247 2037 2299 quopiam
2055 2263 2152 2287 acce-

1198 2314 1259 2356 pto
1273 2305 1546 2356 respiraremus,
1561 2305 1882 2351 Quemadmodum
1899 2309 1990 2345 enim
2007 2310 2152 2347 omnino

1198 2379 1266 2403 non
1287 2366 1407 2404 dolere
1430 2366 1475 2404 de
1490 2366 1644 2418 peccatis
1663 2367 1807 2405 exitiale
1826 2378 1876 2405 est
1889 2398 1898 2413 ,
1920 2378 2024 2419 atque
2043 2371 2149 2408 etiam

1199 2428 1281 2464 mali
1298 2441 1438 2466 sensum
1454 2428 1555 2465 nobis
1575 2442 1719 2479 prorsus
1734 2428 1860 2466 adimit
1878 2444 1887 2466 :
1904 2430 1954 2466 sic
1969 2439 2001 2467 ct
2014 2431 2149 2482 jugiter

1197 2502 1374 2540 supraque
1394 2488 1539 2526 [nodum
1567 2488 1604 2526 id
1634 2490 1746 2526 facere
1765 2490 1912 2527 noxium
1935 2500 1997 2529 cst.
2029 2491 2146 2531 Potest
2165 2515 2256 2544 noh„
2292 2519 2351 2544 im,

1196 2549 1289 2586 enim
1309 2558 1341 2587 et.
1361 2548 1495 2587 doloris
1518 2549 1707 2587 immodica
1725 2550 1931 2600 magnitudo
1945 2552 2148 2602 frequenter
2219 2559 2352 2604 mod-gu-

1196 2610 1376 2648 hominem
1394 2624 1413 2647 a
1432 2610 1654 2648 naturalibus
1672 2611 1854 2648 excutiens
1874 2612 2050 2660 sensibus,
2069 2615 2146 2652 aui-
2160 2600 2282 2668 ζῇυὶιῖἱζι
2307 2610 2356 2626 ”“”

1198 2685 1295 2709 mum
1317 2671 1532 2721 demergere,
1551 2681 1582 2709 ct
1603 2671 1646 2709 ad
1670 2671 1814 2709 honesta
1841 2673 1959 2710 onmia
1985 2673 2146 2714 inutilem

1198 2733 1355 2771 reddere.
1376 2733 1576 2784 Eupropter
1595 2742 1626 2770 et
1649 2733 1739 2770 illud
1763 2732 1921 2785 providit
1937 2764 1945 2775 ,
1968 2743 2005 2771 ut
2029 2748 2073 2773 ex
2088 2735 2146 2774 in-

1198 2794 1357 2831 tervallis
1373 2794 1474 2830 nobis
1486 2793 1682 2831 immineret
1697 2793 1916 2831 conscicntia*
1928 2793 2147 2845 redargutio,

1200 2864 1382 2907 propterea
1402 2853 1497 2904 quod
1517 2863 1569 2891 est
1585 2854 1781 2891 admodum
1802 2868 1921 2891 smera
1939 2884 1947 2896 ,
1969 2864 2001 2892 et
2021 2858 2148 2906 quovis

1198 2915 1342 2953 stimulo
1372 2915 1488 2951 acrius
1522 2929 1676 2966 pungere
1703 2915 1882 2952 consumi
1915 2925 2144 2966 peccatorem.

1159 2974 1169 3002 ’ἕ
1199 2978 1274 3013 Non
1292 2976 1383 3013 enim
1407 2985 1488 3013 unn-
1515 2975 1645 3020 solum,
1665 2990 1746 3012 cuni
1770 2975 1836 3026 ipsi
1861 2990 2058 3026 perc-tunm,
2079 2991 2144 3016 ve·-

1198 3037 1382 3074 rnnn·ti;un
1395 3050 1475 3073 cum
1487 3036 1547 3072 ulii
1565 3037 1790 3072 cuunnittunt
1805 3036 1941 3079 eadem.
1956 3037 2144 3077 vehemen-

1197 3108 1248 3135 ter
1267 3097 1433 3146 'tiis-urgit,
1452 3110 1649 3146 nntgnaque
1668 3096 1890 3134 contentione
1910 3097 2011 3135 uubis
2024 3099 2143 3138 occla-

1197 3168 1280 3196 nnit.
1302 3160 1389 3195 Num
1410 3166 1598 3201 ‚si-ortatur,
1615 3157 1754 3194 adulter
1769 3187 1778 3199 ,
1794 3166 1854 3195 aut
1875 3158 1931 3195 Ιίιι·
1951 3172 2018 3196 uon
2039 3159 2147 3199 nuato

1197 3234 1277 3256 rum
1296 3227 1481 3255 urrusntnr
1495 3218 1583 3268 ipse,
1598 3218 1826 3255 wruuwtiauu
1845 3232 1926 3256 rutu
1945 3220 2148 3260 mutin-dios

1197 3280 1318 3318 rudi-tu
1344 3295 1447 3316 ausos
1473 3280 1629 3316 :ni-usuri
1646 3309 1654 3323 ‚
1676 3280 1750 3331 ipse
1770 3280 1837 3317 sibi
1859 3279 1999 3320 ridetur
2026 3282 2146 3333 lla-gns

1211 3412 1222 3423 ⁶
1247 3403 1340 3435 Unus
1353 3403 1412 3435 Ms.
1431 3406 1612 3443 smum-q.

1205 3457 1218 3478 ·¹
1247 3456 1336 3487 Unus
1349 3456 1394 3486 Μή
1427 3464 1458 3487 rt
1473 3454 1573 3487 sinit.
1594 3454 1627 3488 in
1643 3466 1746 3497 marg.
1765 3461 1893 3500 Mania.-
1924 3461 1981 3493 οἶδε
2011 3464 2058 3494 ut
2082 3474 2152 3494 m„

1897 3503 1944 3538 w
