2513 3871
314 248 407 310 398
765 260 785 288 S
794 280 802 288 .

113 360 169 376 nvn
188 358 266 375 com·
312 344 418 383 detur
436 357 509 381 esse
538 341 632 393 quod
652 340 746 388 dico,
766 354 892 379 verum
913 353 955 378 ne
981 339 1159 378 miremini
1183 356 1190 377 :
1214 348 1261 377 te-

111 399 287 468 Jss‘ffssffe‘ssffiu,
311 405 516 444 stimonium
535 404 629 442 enim
649 402 751 440 vobis
769 416 788 440 e
806 401 942 440 divinis
960 401 1160 454 Scripturis
1178 413 1263 453 pro·-

108 486 164 503 ma.
312 468 420 504 seram
432 495 443 512 ,
477 464 598 502 dicens
618 461 712 515 quod
735 476 803 501 non
825 462 942 501 solum
976 476 1099 516 rapere
1123 462 1237 500 aliena
1253 492 1263 508 ,

311 539 434 563 verum
454 527 560 563 etiam
581 534 640 562 tua
661 537 729 562 non
751 523 934 577 impertire
958 523 1116 570 caeteris,
1147 532 1182 562 et
1204 537 1264 561 ra-

313 587 393 639 pina
409 586 470 635 sit,
482 596 513 623 et
529 585 718 631 fraudatio,
732 594 765 624 et
779 584 943 638 spolatio.
959 584 1154 633 Quodnam
1170 583 1263 622 illud

310 648 388 685 est.o
418 647 594 686 Dominus
609 646 752 687 Judaeos
774 660 944 685 accusans
964 660 1027 699 per
1051 645 1261 699 prophetam

311 783 390 808 non
415 770 604 808 intulistis
622 770 809 819 decimas,
839 770 907 807 sed
923 772 1064 821 rapina
1082 771 1263 821 pauperis

309 840 364 870 est
380 833 421 868 in
437 832 614 870 domibus
631 832 782 869 vestris.
799 831 979 879 Quoniam
991 861 1001 879 ,
1016 831 1145 882 inquit,
1165 830 1264 868 obla-

309 893 421 931 tiones
439 892 561 931 solitas
577 906 646 930 non
661 891 827 938 dedistis,
843 892 1013 944 rapuistis
1028 906 1066 930 ea
1084 906 1162 943 quae
1182 901 1264 930 suut

310 954 490 1007 pauperis.
513 956 589 994 Hoc
605 963 721 993 autem
738 953 842 1002 dicit,
863 954 1047 992 declarans
1065 954 1262 1002 divitibus,

309 1013 406 1064 quod
429 1028 482 1052 res
500 1028 698 1067 pauperum
719 1013 934 1066 possideant,
958 1014 1097 1052 etiamsi
1119 1023 1262 1067 paterna

313 1074 507 1113 hereditate
552 1074 764 1113 obvenerint
782 1105 793 1121 ,
833 1075 971 1113 etiamsi
1013 1075 1264 1126 undecumque

310 1135 454 1174 aliunde
483 1135 689 1186 collegerint
720 1137 897 1188 pecunias.
929 1139 980 1173 Ac
1009 1150 1152 1174 rursum
1175 1136 1262 1174 alibi

108 1209 291 1248 1:..-11.!‚.1.
309 1195 395 1233 dicit
417 1212 425 1232 :
447 1197 507 1234 Ne
533 1197 674 1247 spolies
705 1199 833 1234 vitam
858 1199 1042 1248 pauperis
1061 1212 1074 1235 .·
1093 1197 1156 1247 qui
1178 1211 1262 1234 vero

308 1257 452 1308 spoliat,
468 1256 582 1294 aiiena
600 1257 705 1294 tollit.
727 1258 819 1295 Nam
835 1256 1003 1309 spoliatio
1018 1256 1185 1307 quaedam
1199 1257 1260 1295 di—

308 1317 421 1361 eitur,
449 1331 530 1354 eum
554 1317 668 1355 aliena
689 1326 830 1369 accepta
861 1317 1075 1356 detinemus.
1111 1318 1263 1371 Propter

309 1379 374 1416 lioc
393 1378 503 1429 igitur
519 1378 700 1416 discamus
714 1378 827 1428 quod,
846 1379 984 1429 quoties
999 1378 1260 1431 eleemosynam

309 1453 377 1477 non
408 1440 676 1491 praestiterimus
689 1470 699 1488 ‚
729 1439 804 1492 pari
833 1453 915 1479 cum
945 1439 989 1478 iis
1017 1441 1078 1491 qui
1106 1440 1261 1493 spoliant

308 1501 485 1554 supplicio
503 1501 712 1539 afficiemur.
734 1501 872 1539 Heriles
887 1501 980 1540 enim
999 1501 1159 1553 pecuniae
1178 1511 1262 1540 sunt

308 1562 555 1614 undecumque
572 1577 628 1601 eas
641 1563 891 1613 collegerimus
905 1578 912 1599 :
925 1562 1022 1613 quod
1036 1563 1065 1600 si
1083 1563 1117 1601 in
1133 1576 1260 1615 egenos

306 1639 363 1662 eas
377 1624 656 1676 erogaverimus,
670 1625 792 1663 muttae
808 1625 910 1662 nobis
923 1639 1007 1677 opes
1021 1639 1063 1662 ac
1077 1625 1260 1663 facultates

307 1686 507 1724 obvenient.
524 1685 676 1737 Ideoque
695 1685 759 1724 tibi
777 1686 878 1738 plura
894 1685 1074 1739 possidere
1087 1687 1259 1725 concessit

308 1748 418 1795 Deus,
442 1761 511 1785 non
533 1757 570 1786 ut
591 1748 624 1785 in
647 1748 892 1796 scortationes,
914 1747 1173 1798 temulentiam,
1196 1748 1258 1786 in-

308 1807 478 1856 gluviem,
500 1809 534 1846 in
557 1818 671 1847 vestes
689 1817 909 1855 sumtuosas,
935 1809 1114 1860 aliamque
1132 1809 1259 1847 molli-

306 1869 389 1907 tiem
410 1883 650 1915 consumeres,
669 1869 731 1908 sed
750 1879 788 1907 ut
814 1884 852 1908 ea
872 1869 1108 1908 distribueres
1125 1872 1260 1921 egenti-

308 1930 387 1968 bus.
409 1930 722 1978 Quemadmodum
737 1932 830 1969 enim
846 1941 991 1969 exactor
1004 1931 1183 1983 quispiam
1199 1932 1260 1982 qui

309 1991 420 2043 regias
437 1992 602 2044 pecunias
616 1993 764 2044 accepit,
786 1992 814 2030 si
833 1993 1026 2044 neglexerit
1042 1993 1101 2038 iis,
1128 1994 1262 2045 quibus

304 2054 425 2105 jussus
441 2063 505 2099 est,
522 2053 746 2101 distribuere,
764 2054 871 2105 inque
885 2055 1048 2106 proprias
1062 2069 1260 2093 consumse-

310 2114 355 2152 rit
370 2114 533 2161 delicias,
550 2117 663 2167 poenis
678 2124 783 2166 atque
796 2115 904 2154 exitio
919 2115 1073 2154 traditur
1090 2132 1098 2152 :
1116 2116 1161 2154 ita
1178 2131 1262 2155 sane

308 2186 341 2214 et
358 2176 461 2215 dives
477 2187 636 2230 receptor
653 2177 830 2229 quispiam
849 2186 900 2214 est
921 2177 1162 2230 pecuniarum,
1181 2192 1260 2229 quae

311 2239 527 2291 pauperibus
555 2238 725 2276 distribui
754 2238 943 2277 debebant.
973 2239 1097 2291 ltaque
1116 2253 1196 2278 cum
1223 2242 1259 2280 in

311 2299 487 2338 mandatis
507 2301 648 2344 babeat,
679 2315 736 2339 eas
755 2300 970 2339 distribuere
990 2302 1064 2340 suis
1083 2303 1262 2341 conservis

310 2361 508 2413 egentibus,
522 2362 549 2399 si
565 2361 652 2413 quid
669 2363 839 2415 amplius,
857 2377 965 2414 quam
979 2364 1133 2416 postulet
1147 2378 1264 2403 neces·

311 2426 414 2470 sitas,
446 2424 480 2461 in
509 2425 664 2476 seipsum
686 2425 914 2470 insumserit‚
937 2425 1168 2477 gravissimas
1186 2426 1263 2464 illic

311 2485 459 2523 daturus
485 2494 536 2523 est
554 2499 688 2538 poenas.
720 2486 798 2524 Non
817 2487 912 2524 enim
940 2496 1023 2525 sunt
1051 2487 1164 2540 ipsius
1183 2503 1262 2540 quae

313 2547 488 2600 possidet,
511 2546 572 2585 sed
590 2561 841 2586 conservorum
862 2548 972 2587 illius.

117 2637 298 2663 „mmmm
369 2610 404 2648 5.
431 2611 622 2648 Pareamus
651 2609 760 2660 igitur
785 2610 826 2647 iis
846 2619 1026 2662 tamquam
1046 2613 1193 2659 alienis,
1228 2623 1265 2651 ut

115 2679 130 2701 .ι
156 2688 191 2703 ..n
209 2689 233 2703 ,η
251 2688 301 2704 no-
315 2669 399 2708 fiant
415 2669 742 2718 nostra.Quoinodo
757 2680 874 2709 autem
891 2671 964 2710 illis
981 2687 1167 2725 parcemus
1179 2684 1266 2713 tain-

113 2725 180 2785 {Z‘nff
193 2725 300 2787 'dmm
315 2745 422 2782 quam
442 2731 566 2769 alienis
587 2731 604 2769 Ρ
623 2732 661 2771 Si
681 2731 759 2769 illas
778 2746 847 2770 non
868 2732 902 2770 in
924 2747 1006 2771 usus
1026 2748 1266 2788 supervacuos

318 2793 584 2831 insumserimus
601 2823 610 2840 ‚
634 2807 747 2844 neque
781 2792 870 2831 adeo
903 2794 940 2831 in
965 2805 1103 2833 nostros
1125 2805 1264 2835 tantum

316 2868 419 2902 usus,
441 2854 500 2892 sed
527 2869 725 2907 pauperum
756 2856 921 2894 inanibus
947 2857 1264 2910 inipertiverimus.

318 2915 463 2954 Etiamsi
485 2916 594 2954 fueris
618 2916 829 2969 opulentus.
851 2917 913 2955 sed
943 2919 1024 2971 plus
1045 2934 1153 2971 quain
1173 2936 1264 2973 opus·

315 2986 364 3014 est
382 2977 599 3025 insumseris,
619 2978 788 3016 rationem
807 2977 930 3017 reddes
948 2981 1178 3033 pecuniarum
1199 2982 1263 3020 tibi

316 3037 544 3076 creditarum.
563 3039 636 3078 lloc
654 3039 747 3077 idem
769 3041 808 3078 fit
829 3041 862 3078 in
882 3041 1095 3093 optimatum
1112 3044 1262 3082 aedibus.

319 3098 422 3136 Malu
438 3114 516 3136 suas
534 3099 691 3151 ipsorum
711 3100 900 3153 apothecas
916 3103 1061 3141 famulis
1075 3105 1148 3142 suis
1164 3118 1263 3143 com-

319 3161 501 3203 miserunt,
513 3175 635 3199 verum
655 3161 705 3198 illi
722 3162 853 3214 quibus
866 3165 1062 3203 commiss-e
1076 3175 1173 3214 sunt,
1192 3182 1263 3205 ser-

319 3231 399 3258 vant
413 3237 490 3272 quse
507 3222 635 3261 tradita
652 3234 745 3271 suut,
760 3239 821 3262 nec
838 3226 1035 3265 abutuntur
1049 3228 1263 3267 commissis:

320 3293 441 3318 verum
461 3282 592 3332 quibus
621 3292 654 3320 et
677 3285 738 3322 ubi
754 3286 902 3336 jusserit
921 3286 1102 3335 dominus,
1133 3288 1262 3328 distri-

319 3339 447 3377 buunt.
473 3341 545 3378 llor
575 3351 610 3379 tu
633 3357 772 3393 quoquc
792 3346 906 3384 facito.
938 3348 1078 3387 Etenim
1099 3350 1262 3402 accepisti

117 2813 146 2827 ιυ
164 2804 233 2837 iperi
243 2818 250 2822 -

114 2842 176 2866 lot.

365 3471 378 3485 Ι
401 3463 471 3492 Duo
489 3463 564 3494 Mn!v
587 3468 785 3505 ιοὶαζομιθα.

844 259 1033 289 ,ΝΗΝᾸΙΞ
1071 257 1316 287 (ἶΙΙΙῖΥὸΟδΤ.

111 725 188 752 ,ma
209 708 399 750 3.=o.dicit
422 726 431 748 ε
458 710 649 747 Produxi!
677 717 780 747 terra
806 717 1031 760 proventum
1061 722 1193 755 suum,
1227 716 1263 745 et
1277 682 1325 748 ⁷2³

1357 257 1566 287 suetum».
1605 257 1687 287 CO&
1697 257 1775 286 §TA
1785 257 1855 287 NTt
1865 257 1968 287 NOP·

1341 342 1378 378 οὐ
1397 341 1436 379 τὸ
1455 341 1499 379 τὰ
1519 339 1687 391 ἀλλότρια
1706 339 1873 391 ἁρπάζειν
1891 339 2013 390 μόνον,
2030 338 2120 377 ἀλλὰ
2139 339 2198 377 καὶ
2225 339 2264 377 τὸ
2293 341 2363 377 τῶν

1342 405 1465 440 ἑαυτοῦ
1488 401 1538 452 μὴ
1568 400 1792 451 μεταδιδόναι
1821 400 1970 453 ἑτέροις,
2000 400 2061 439 καὶ
2088 404 2190 439 τοῦτο
2218 400 2360 452 ἁρπαγὴ

1342 467 1402 502 καὶ
1419 462 1599 508 πλεονεξία
1615 462 1675 500 καὶ
1701 462 1936 514 ἀποστέρησίς
1962 465 2052 501 ἔστι.
2086 462 2152 505 Τίς
2180 454 2239 501 οὖν
2268 463 2363 501 ἔστιν

1342 525 1452 573 ulit-123
1470 525 1555 568 Τοῖς
1582 524 1763 568 Ἰουδαίοις
1783 524 1940 574 ἐγκαλῶν
1959 526 1978 562 ὁ
1993 523 2083 566 Θεὸς
2104 522 2161 562 διὰ
2189 526 2249 561 τοῦ
2273 537 2364 575 προ-

1340 586 1449 638 φήτου
1459 617 1470 634 ,
1491 585 1596 639 φησίν
1610 601 1617 608 ·
1629 585 1836 637 Ἐξήνεγκεν
1849 589 1871 632 ἡ
1885 589 1930 636 γ-’ῆ
1950 584 1995 623 τὰ
2010 585 2154 638 ἐκφόρια
2167 586 2294 632 αὐτῆς,
2304 583 2365 624 καὶ

1340 648 1404 686 οὐκ
1433 647 1658 699 εἶσηνέγκατε
1686 647 1731 685 τὰ
1761 647 1971 685 ἐπιδέκατα·
1993 646 2071 684 ἀλλ’
2090 650 2112 693 ἡ
2134 645 2277 698 ἁρπαγὴ
2303 648 2364 684 τοῦ

1340 714 1484 761 πτωχοῦ
1499 710 1534 747 ἐν
1555 715 1625 753 τοῖς
1640 708 1748 751 οἴκοις
1767 710 1877 756 ὑμῶν.
1897 707 2046 754 Ἐπειδὴ
2066 707 2129 751 τὰς
2145 706 2364 760 προσφορὰς,

1339 771 1445 823 φησὶ,
1464 769 1526 814 τὰς
1557 769 1718 812 εἰωθυίας
1747 770 1811 807 οὐκ
1838 768 2012 816 ἐδώκατε,
2033 768 2216 820 ἡρπᾶσατε
2240 767 2285 807 τὰ
2304 772 2365 807 τοῦ

1337 832 1498 880 πένητος.
1514 832 1631 870 Τοῦτο
1648 830 1684 870 δὲ
1702 830 1819 882 λέγει,
1838 830 1971 873 δεικνὺς
1994 836 2067 873 τοῖς
2094 830 2292 877 πλουσίοις,
2311 830 2365 868 ὅτι

1338 895 1382 933 τὰ
1409 897 1479 932 τῶν
1497 894 1658 940 πενήτων
1684 892 1826 946 ἔχουσι,
1854 893 1919 931 κᾶν
1944 894 2107 944 πατρῷον
2139 891 2366 936 διαδέξωνται

1338 959 1466 1008 κλῆρον
1482 986 1492 998 ,
1507 955 1571 994 κᾶν
1593 956 1803 1002 ὁθενδήποτε
1829 953 2022 998 συλλέξωσι
2037 953 2080 991 τὰ
2103 953 2366 1006 χρήματα.Καὶ

1338 1018 1444 1057 πάλιν
1467 1019 1623 1069 ἀλλαχοῦ
1639 1017 1753 1067 λέγει·
1771 1015 1833 1063 Μὴ
1853 1015 2099 1068 ἀποστερήσῃς
2118 1015 2182 1061 τὴν
2201 1014 2293 1062 ζωὴν
2305 1017 2366 1053 τοῦ

1339 1082 1500 1131 πτωχοῦ·
1522 1082 1540 1117 ὁ
1560 1078 1596 1116 δὲ
1629 1079 1853 1129 ἀποστερῶν,
1882 1077 1926 1115 τὰ
1958 1077 2126 1128 ἀλλότρια
2159 1078 2366 1129 ἀποστερεῖ·

1338 1140 1572 1191 ἀποστέρησις
1595 1139 1664 1192 γὰρ
1679 1139 1842 1190 λέγεται,
1856 1138 1938 1176 ὅταν
1958 1138 2002 1177 τὰ
2019 1139 2187 1191 ἀλλότρια
2199 1136 2367 1179 λαθόντες

1339 1201 1558 1252 κατέχωμεν.
1577 1200 1646 1238 Καὶ
1675 1200 1732 1238 διὰ
1751 1199 1872 1238 τούτου
1891 1199 2004 1238 τοίνυν
2026 1199 2284 1249 παιδευόμεθα,
2312 1198 2366 1236 ὅτι

1337 1261 1419 1300 ὅταν
1457 1261 1693 1310 ἐλεημοσύνην
1731 1261 1780 1310 μὴ
1828 1260 2070 1312 παράσχωμεν
2083 1291 2093 1308 ,
2118 1263 2153 1299 ἐν
2194 1261 2259 1312 ἴσῳ
2296 1267 2368 1304 τοῖς

1338 1324 1571 1373 ἀποστεροῦσι
1590 1321 1848 1371 ’κολασόμεθι
1881 1321 2084 1360 Δεσποτικὰ
2110 1321 2178 1373 γάρ
2211 1323 2286 1360 ἐστι
2322 1323 2368 1361 τὰ

1338 1383 1528 1436 χρήματα,
1549 1383 1624 1420 ὅθεν
1646 1382 1686 1420 ἂν
1704 1382 1792 1420 αὐτὰ
1813 1381 2034 1432 συλλέξωμεν
2049 1397 2057 1405 ·
2075 1382 2140 1421 κᾶν
2159 1388 2230 1426 τοῖς
2248 1383 2368 1435 δεομέ-

1338 1461 1408 1489 νοις
1454 1443 1542 1482 αὖτὰ
1576 1442 1784 1496 παρέξωμεν
1806 1472 1815 1488 ,
1851 1444 1984 1490 πολλῆς
2020 1443 2269 1495 ἐπιτευξόμεθα
2307 1446 2370 1490 τῆς

1338 1505 1513 1559 ἀφθονίας.
1538 1505 1608 1544 Καὶ
1634 1504 1692 1543 διὰ
1710 1504 1812 1543 τοῦτό
1832 1519 1887 1542 σοι
1916 1504 2061 1543 πλείονα
2085 1504 2179 1558 ἔχειν
2207 1505 2368 1558 συνεχώ-

1339 1584 1442 1621 ρησεν
1458 1571 1475 1606 ὁ
1495 1567 1603 1614 Θεὸς,
1623 1568 1688 1618 οὐχ
1703 1566 1760 1604 ἵνα
1780 1567 1827 1610 εἷς
1846 1566 2031 1619 πορνείαν,
2061 1566 2121 1604 καὶ
2149 1567 2280 1618 μέθην,
2307 1567 2368 1606 καὶ

1338 1630 1556 1683 ἀδηφαγίαν,
1577 1629 1636 1667 καὶ
1653 1629 1807 1680 ἱματίων
1826 1630 2055 1668 πολυτέλειαν
2068 1658 2078 1675 ,
2099 1629 2158 1667 καὶ
2171 1628 2236 1677 τὴν
2255 1630 2365 1676 ἄλλην

1339 1692 1506 1744 βλακείαν
1531 1690 1740 1741 ἀναλώσῃς,
1774 1689 1854 1728 ἀλλ’
1878 1690 1937 1728 ἵνα
1966 1696 2037 1734 τοῖς
2069 1691 2244 1741 δεομένοις
2275 1691 2366 1730 αὐτὰ

1336 1754 1532 1805 διανείμῃς.
1558 1752 1726 1804 Καθάπερ
1742 1753 1809 1804 γὰρ
1828 1752 2022 1798 ὑποδέκτης
2040 1768 2093 1796 τις
2113 1751 2283 1803 βασιλικὰ
2301 1754 2362 1790 δε-

1337 1815 1481 1867 ξάμενος
1500 1813 1688 1866 χρήματα,
1722 1814 1761 1851 ἂν
1792 1813 1888 1865 ἀφεὶς
1918 1807 1968 1856 οἷς
1997 1813 2037 1850 ἂν
2065 1813 2251 1860 κελεύηται
2282 1814 2361 1851 δια-

1337 1884 1479 1928 νεῖμαι,
1508 1878 1554 1920 εἷς
1587 1875 1718 1914 οἰκείαν
1750 1874 1984 1926 καταναλώσῃ
2009 1875 2197 1925 βλακείαν,
2220 1874 2362 1919 εὐθύνας

1338 1939 1458 1976 δίδωσι
1487 1937 1547 1976 καὶ
1563 1936 1849 1991 προσαπόλὶυται
1865 1950 1873 1958 ·
1896 1936 1985 1974 οὕτω
2007 1935 2048 1983 δὴ
2068 1936 2127 1974 καὶ
2147 1939 2165 1974 ὁ
2179 1935 2362 1982 πλούσιος,

1337 2000 1530 2045 ὓποδέκτης
1557 1998 1609 2042 τίς
1641 2001 1714 2037 ἐστι
1745 2000 1813 2036 τῶν
1845 2003 1916 2041 τοῖς
1946 1997 2091 2045 πένησιν
2127 1997 2362 2050 ὀφειλομένων

1338 2061 1533 2113 χρημάτων
1557 2061 1831 2109 διανεμηθῆναι,
1858 2059 2057 2110 ἐπιταχθεὶς
2077 2057 2164 2096 αὐτὰ
2186 2057 2362 2107 διανέμειν

1337 2126 1406 2161 τῶν
1427 2125 1549 2161 ἑαυτοῦ
1569 2121 1762 2160 συνδούλων
1782 2126 1852 2163 τοῖς
1867 2121 2078 2172 πενομένοις.
2101 2119 2162 2158 Ἂν
2177 2114 2234 2157 οὖν
2257 2118 2363 2158 πλέον

1303 2213 1310 2223 ,
1338 2199 1371 2221 τι
1401 2187 1463 2230 τῆς
1490 2183 1611 2236 χρείας
1639 2184 1686 2225 εἷς
1714 2181 1834 2220 ἑαυτὸν
1863 2181 2027 2233 ἀναλώσῃ
2056 2184 2118 2228 τῆς
2149 2181 2362 2232 ἀναγκαίας,

1339 2246 1597 2298 χαλεπιιιτάτας
1625 2245 1697 2282 ἐκεῖ
1718 2244 1820 2281 δώσει
1840 2242 1903 2287 τὰς
1921 2243 2073 2285 εὐθύνας.
2093 2243 2147 2282 Οὖ
2176 2242 2244 2295 γάρ
2268 2244 2362 2281 ἔστιν

1341 2309 1443 2346 αὐτοῦ
1467 2307 1510 2346 τὰ
1531 2309 1655 2349 αὑτοῦ,
1681 2305 1771 2344 ἀλλὰ
1804 2307 1873 2342 τῶν
1905 2303 2098 2343 συνδούλων
2129 2306 2198 2343 τῶν
2230 2307 2363 2344 ἑαυτοῦ.

1396 2612 1610 2662 (Ι)ειδώμεθα
1641 2613 1753 2651 τοίνυν
1795 2614 1931 2659 αὐτῶν,
1967 2614 2014 2654 ὡς
2058 2608 2275 2660 ἀλλοτρίων,
2308 2606 2365 2644 ἵνα

1342 2673 1485 2724 γε’νηται
1518 2674 1686 2725 ἡμέτερα.
1724 2675 1806 2716 Πῶς
1844 2673 1880 2711 δὲ
1926 2674 2039 2710 αὐτῶν
2073 2668 2283 2722 φεισόμεθα,
2319 2670 2366 2710 ὡς

1342 2735 1555 2787 ἀλλοτρίων;
1571 2734 1687 2773 ‘'Oi-mv
1716 2734 1764 2785 μὴ
1795 2735 1842 2777 εἷς
1870 2733 2035 2786 περιττὰς
2053 2730 2141 2769 αὐτὰ
2165 2729 2367 2768 ἀναλίσκω·

1342 2811 1405 2846 μεν
1433 2796 1576 2848 χρείας,
1605 2796 1692 2847 μηδὲ
1727 2797 1773 2838 είς
1811 2794 1986 2847 ἡμετέρας
2016 2792 2142 2844 μόνον,
2172 2791 2263 2829 ἀλλὰ
2290 2796 2367 2832 ταῖς

1341 2858 1410 2894 τῶν
1426 2858 1585 2904 πενήτων
1602 2857 1690 2896 αὐτὰ
1710 2872 1775 2907 συμ
1784 2856 1977 2909 μερίζωμεν
2003 2854 2120 2906 χερσί·
2138 2853 2202 2891 κᾶν
2223 2850 2369 2905 εὔπορος

1342 2913 1401 2971 ἧς,
1418 2920 1524 2958 πλέον
1545 2920 1630 2958 δέτι
1651 2922 1713 2965 τῆς
1738 2918 1859 2971 χρείας
1881 2916 2070 2968 ἀναλίσκῃς
2084 2947 2094 2963 ,
2125 2915 2226 2966 λόγον
2245 2913 2367 2956 δώσεις

1340 2985 1409 3020 τῶν
1428 2981 1729 3033 ἐμπιστευθέντι-ιν
1760 2995 1814 3019 σοι
1843 2979 2050 3032 χρημάτων.
2081 2979 2198 3016 Τοῦτο
2221 2976 2281 3015 καὶ
2309 2975 2367 3013 ἰπὶ

1337 3047 1405 3082 τῶν
1438 3045 1557 3082 οἰκιῶν
1585 3043 1719 3095 γίνεται
1747 3046 1816 3081 τῶν
1846 3042 2023 3093 μεγάλων.
2051 3038 2182 3078 Πολλοὶ
2210 3042 2292 3090 γοῦν
2321 3036 2367 3076 τὰ

1341 3111 1469 3156 ταμεῖα
1500 3105 1543 3144 τὰ
1571 3107 1704 3144 ἑαυτῶν
1735 3110 1806 3147 τοῖς
1828 3103 1979 3145 οἰκέταις
2004 3107 2074 3145 τοῖς
2100 3102 2233 3138 ἑαυτῶν
2253 3097 2369 3138 lvmi-

1341 3179 1511 3206 στευσαν·
1545 3169 1622 3206 ἀλλ’
1653 3169 1747 3218 ὅμως
1774 3167 1806 3205 οἱ
1833 3164 2073 3206 πιστευθέντες
2094 3164 2219 3200 ἐκεῖνοι
2237 3159 2367 3213 φυλάτ·
2496 3181 2508 3209 9

1293 3240 1317 3270 D
1338 3244 1435 3267 τουσι
1463 3229 1509 3267 τὰ
1539 3228 1701 3277 διδομὲνα
1715 3257 1724 3272 ,
1758 3227 1818 3266 καὶ
1836 3228 1899 3266 οὐκ
1919 3227 2148 3277 ἀποχρῶνται
2167 3227 2237 3265 τοῖς
2255 3223 2366 3271 δμπι-
2495 3226 2501 3260 l

1341 3293 1556 3336 στευθιῖσιν,
1577 3292 1653 3328 ἀλλ’
1683 3283 1732 3333 οἷς
1762 3289 1801 3326 ἂν
1829 3290 1848 3325 ὁ
1871 3287 2059 3333 δεσπότης,
2088 3285 2147 3323 καὶ
2174 3282 2281 3330 ἡνίκα
2301 3295 2365 3319 κι-

1341 3351 1471 3404 λεύσῃ,
1493 3351 1707 3401 διανέμουσι.
1741 3351 1854 3388 Τοῦτο
1883 3348 1942 3386 καὶ
1963 3347 2004 3385 σὺ
2029 3346 2185 3391 ποίησον.
2217 3343 2286 3383 Καὶ
2303 3341 2370 3394 γὰρ

1310 3488 1372 3516 θ’.
