<?xml version="1.0" encoding="UTF-8"?>
<!DOCTYPE html PUBLIC "-//W3C//DTD XHTML 1.0 Transitional//EN"
    "http://www.w3.org/TR/xhtml1/DTD/xhtml1-transitional.dtd">
<html xmlns="http://www.w3.org/1999/xhtml" xml:lang="en" lang="en">
 <head>
  <title>
</title>
<meta http-equiv="Content-Type" content="text/html;charset=utf-8" />
  <meta name='ocr-system' content='tesseract 3.04.00' />
  <meta name='ocr-capabilities' content='ocr_page ocr_carea ocr_par ocr_line ocrx_word'/>
</head>
<body>
  <div class='ocr_page' id='page_1' title='image "./operaomniaquaeex01johnuoft/operaomniaquaeex01johnuoft_0829.png"; bbox 0 0 2549 3825; ppageno 0'>
   <div class='ocr_carea' id='block_1_1' title="bbox 43 2610 59 3133">
    <p class='ocr_par' dir='ltr' id='par_1_1' title="bbox 43 2601 59 3133">
     <span class='ocr_line' id='line_1_1' title="bbox 43 2610 59 3133; baseline 0 0"><span class='ocrx_word' id='word_1_1' title='bbox 43 2610 59 3133; x_wconf 70' lang='lat' dir='ltr'>l</span> 
     </span>
    </p>
   </div>
   <div class='ocr_carea' id='block_1_2' title="bbox 64 3410 71 3584">
    <p class='ocr_par' dir='ltr' id='par_1_2' title="bbox 56 3410 71 3584">
     <span class='ocr_line' id='line_1_2' title="bbox 64 3410 71 3584; baseline 0 0"><span class='ocrx_word' id='word_1_2' title='bbox 64 3410 71 3584; x_wconf 70' lang='lat' dir='ltr'>l</span> 
     </span>
    </p>
   </div>
   <div class='ocr_carea' id='block_1_3' title="bbox 68 3587 72 3615">
    <p class='ocr_par' dir='ltr' id='par_1_3' title="bbox 68 3587 72 3615">
     <span class='ocr_line' id='line_1_3' title="bbox 68 3587 72 3615; baseline 0 0"><span class='ocrx_word' id='word_1_3' title='bbox 68 3587 72 3615; x_wconf 74' lang='grc'>1</span> 
     </span>
    </p>
   </div>
   <div class='ocr_carea' id='block_1_4' title="bbox 70 3629 78 3825">
    <p class='ocr_par' dir='ltr' id='par_1_4' title="bbox 58 3619 78 3825">
     <span class='ocr_line' id='line_1_4' title="bbox 70 3629 78 3825; baseline 0 0"><span class='ocrx_word' id='word_1_4' title='bbox 70 3629 78 3825; x_wconf 64' lang='lat' dir='ltr'>t</span> 
     </span>
    </p>
   </div>
   <div class='ocr_carea' id='block_1_5' title="bbox 885 278 1339 312">
    <p class='ocr_par' dir='ltr' id='par_1_5' title="bbox 885 278 1339 312">
     <span class='ocr_line' id='line_1_5' title="bbox 885 278 1339 312; baseline -0.007 0"><span class='ocrx_word' id='word_1_5' title='bbox 885 279 1114 312; x_wconf 78' lang='lat' dir='ltr'>ADVERSUS</span> <span class='ocrx_word' id='word_1_6' title='bbox 1149 279 1163 308; x_wconf 85' lang='lat' dir='ltr'>J</span> <span class='ocrx_word' id='word_1_7' title='bbox 1173 278 1319 309; x_wconf 70' lang='lat' dir='ltr'>UDAEOS</span> <span class='ocrx_word' id='word_1_8' title='bbox 1329 299 1339 309; x_wconf 83' lang='grc'><strong>.</strong></span> 
     </span>
    </p>
   </div>
   <div class='ocr_carea' id='block_1_6' title="bbox 132 362 1154 904">
    <p class='ocr_par' dir='ltr' id='par_1_6' title="bbox 132 362 1154 904">
     <span class='ocr_line' id='line_1_6' title="bbox 133 362 1152 422; baseline -0.009 -14"><span class='ocrx_word' id='word_1_9' title='bbox 133 372 200 409; x_wconf 74' lang='grc' dir='ltr'>τῶν</span> <span class='ocrx_word' id='word_1_10' title='bbox 220 370 396 420; x_wconf 82' lang='grc' dir='ltr'>πολεμίων</span> <span class='ocrx_word' id='word_1_11' title='bbox 418 370 550 422; x_wconf 75' lang='grc' dir='ltr'>χερσὶν,</span> <span class='ocrx_word' id='word_1_12' title='bbox 572 366 882 417; x_wconf 70' lang='grc' dir='ltr'>ἀντιλαμὲάνομαι</span> <span class='ocrx_word' id='word_1_13' title='bbox 901 365 960 402; x_wconf 75' lang='grc' dir='ltr'>καὶ</span> <span class='ocrx_word' id='word_1_14' title='bbox 981 362 1152 415; x_wconf 80' lang='grc' dir='ltr'>προΐστα-</span> 
     </span>
     <span class='ocr_line' id='line_1_7' title="bbox 135 431 1153 492; baseline -0.009 -13"><span class='ocrx_word' id='word_1_15' title='bbox 135 457 213 492; x_wconf 83' lang='grc' dir='ltr'>μαι,</span> <span class='ocrx_word' id='word_1_16' title='bbox 231 440 341 479; x_wconf 51' lang='grc' dir='ltr'>(Ὥστε</span> <span class='ocrx_word' id='word_1_17' title='bbox 359 442 388 478; x_wconf 89' lang='grc' dir='ltr'>εἷ</span> <span class='ocrx_word' id='word_1_18' title='bbox 402 439 602 490; x_wconf 89' lang='grc' dir='ltr'>παράνομος</span> <span class='ocrx_word' id='word_1_19' title='bbox 617 431 658 484; x_wconf 73' lang='grc' dir='ltr'>ἧν</span> <span class='ocrx_word' id='word_1_20' title='bbox 674 440 692 475; x_wconf 99' lang='lat'>6</span> <span class='ocrx_word' id='word_1_21' title='bbox 706 437 871 489; x_wconf 80' lang='grc' dir='ltr'>Χριστὸς,</span> <span class='ocrx_word' id='word_1_22' title='bbox 886 433 1035 485; x_wconf 63' lang='grc' dir='ltr'>ὑμεῖςῖδὲ</span> <span class='ocrx_word' id='word_1_23' title='bbox 1052 432 1153 471; x_wconf 78' lang='grc' dir='ltr'>αὐτὸν</span> 
     </span>
     <span class='ocr_line' id='line_1_8' title="bbox 133 502 1153 561; baseline -0.009 -13"><span class='ocrx_word' id='word_1_24' title='bbox 133 510 390 561; x_wconf 81' lang='grc' dir='ltr'>ἐσταυρώσατε,</span> <span class='ocrx_word' id='word_1_25' title='bbox 421 508 480 547; x_wconf 89' lang='grc' dir='ltr'>καὶ</span> <span class='ocrx_word' id='word_1_26' title='bbox 511 510 539 546; x_wconf 89' lang='grc' dir='ltr'>εἷ</span> <span class='ocrx_word' id='word_1_27' title='bbox 573 507 682 559; x_wconf 90' lang='grc' dir='ltr'>μυρία</span> <span class='ocrx_word' id='word_1_28' title='bbox 710 502 773 554; x_wconf 66' lang='grc' dir='ltr'>ἦτε</span> <span class='ocrx_word' id='word_1_29' title='bbox 800 504 1064 557; x_wconf 81' lang='grc' dir='ltr'>ἡμαρτηκότες,</span> <span class='ocrx_word' id='word_1_30' title='bbox 1093 502 1153 540; x_wconf 83' lang='grc' dir='ltr'>καὶ</span> 
     </span>
     <span class='ocr_line' id='line_1_9' title="bbox 135 574 1154 631; baseline -0.007 -16"><span class='ocrx_word' id='word_1_31' title='bbox 135 579 254 631; x_wconf 86' lang='grc' dir='ltr'>πολλῷ</span> <span class='ocrx_word' id='word_1_32' title='bbox 279 581 344 616; x_wconf 82' lang='grc' dir='ltr'>τῶν</span> <span class='ocrx_word' id='word_1_33' title='bbox 363 577 543 629; x_wconf 81' lang='grc' dir='ltr'>προτέρων</span> <span class='ocrx_word' id='word_1_34' title='bbox 562 576 795 629; x_wconf 78' lang='grc' dir='ltr'>χαλεπώτερα</span> <span class='ocrx_word' id='word_1_35' title='bbox 809 604 818 621; x_wconf 91' lang='grc'>,</span> <span class='ocrx_word' id='word_1_36' title='bbox 841 575 981 617; x_wconf 89' lang='grc' dir='ltr'>πάντως</span> <span class='ocrx_word' id='word_1_37' title='bbox 1004 574 1043 611; x_wconf 84' lang='grc' dir='ltr'>ἂν</span> <span class='ocrx_word' id='word_1_38' title='bbox 1063 574 1154 622; x_wconf 76' lang='grc' dir='ltr'>ὑμᾶς</span> 
     </span>
     <span class='ocr_line' id='line_1_10' title="bbox 132 642 1154 695; baseline -0.008 -10"><span class='ocrx_word' id='word_1_39' title='bbox 132 649 150 683; x_wconf 81' lang='grc' dir='ltr'>ὁ</span> <span class='ocrx_word' id='word_1_40' title='bbox 183 647 273 690; x_wconf 80' lang='grc' dir='ltr'>Θεὸς</span> <span class='ocrx_word' id='word_1_41' title='bbox 313 647 370 686; x_wconf 75' lang='grc' dir='ltr'>διὰ</span> <span class='ocrx_word' id='word_1_42' title='bbox 408 651 511 685; x_wconf 81' lang='grc' dir='ltr'>τοῦτο</span> <span class='ocrx_word' id='word_1_43' title='bbox 548 646 711 685; x_wconf 78' lang='grc' dir='ltr'>διέσωσεν</span> <span class='ocrx_word' id='word_1_44' title='bbox 726 675 736 693; x_wconf 91' lang='grc'>,</span> <span class='ocrx_word' id='word_1_45' title='bbox 779 645 836 683; x_wconf 79' lang='grc' dir='ltr'>ἵνα</span> <span class='ocrx_word' id='word_1_46' title='bbox 874 644 922 695; x_wconf 87' lang='grc' dir='ltr'>μὴ</span> <span class='ocrx_word' id='word_1_47' title='bbox 963 643 1003 681; x_wconf 75' lang='grc' dir='ltr'>τὸ</span> <span class='ocrx_word' id='word_1_48' title='bbox 1044 642 1154 690; x_wconf 81' lang='grc' dir='ltr'>ὄνομα</span> 
     </span>
     <span class='ocr_line' id='line_1_11' title="bbox 134 713 1154 767; baseline -0.007 -15"><span class='ocrx_word' id='word_1_49' title='bbox 134 716 239 753; x_wconf 80' lang='grc' dir='ltr'>αὐτοῦ</span> <span class='ocrx_word' id='word_1_50' title='bbox 277 717 461 767; x_wconf 66' lang='grc' dir='ltr'>βεῧηλωθῇ</span> <span class='ocrx_word' id='word_1_51' title='bbox 477 746 485 761; x_wconf 92' lang='grc'>,</span> <span class='ocrx_word' id='word_1_52' title='bbox 518 715 575 753; x_wconf 80' lang='grc' dir='ltr'>ἵνα</span> <span class='ocrx_word' id='word_1_53' title='bbox 614 715 663 766; x_wconf 87' lang='grc' dir='ltr'>μὴ</span> <span class='ocrx_word' id='word_1_54' title='bbox 700 715 810 766; x_wconf 82' lang='grc' dir='ltr'>μέγας</span> <span class='ocrx_word' id='word_1_55' title='bbox 843 728 896 757; x_wconf 78' lang='grc' dir='ltr'>τις</span> <span class='ocrx_word' id='word_1_56' title='bbox 932 713 1061 752; x_wconf 81' lang='grc' dir='ltr'>ἐκεῖνος</span> <span class='ocrx_word' id='word_1_57' title='bbox 1093 724 1154 746; x_wconf 86' lang='grc' dir='ltr'>νο-</span> 
     </span>
     <span class='ocr_line' id='line_1_12' title="bbox 134 779 1154 836; baseline -0.005 -15"><span class='ocrx_word' id='word_1_58' title='bbox 134 784 291 834; x_wconf 87' lang='grc' dir='ltr'>μίζηται,</span> <span class='ocrx_word' id='word_1_59' title='bbox 317 785 406 836; x_wconf 81' lang='grc' dir='ltr'>μηδὲ</span> <span class='ocrx_word' id='word_1_60' title='bbox 426 786 506 836; x_wconf 83' lang='grc' dir='ltr'>εἴπῃ</span> <span class='ocrx_word' id='word_1_61' title='bbox 525 802 593 831; x_wconf 86' lang='grc' dir='ltr'>τις,</span> <span class='ocrx_word' id='word_1_62' title='bbox 610 787 664 823; x_wconf 79' lang='grc' dir='ltr'>ὅτι</span> <span class='ocrx_word' id='word_1_63' title='bbox 685 786 728 822; x_wconf 82' lang='grc' dir='ltr'>δι’</span> <span class='ocrx_word' id='word_1_64' title='bbox 749 787 878 824; x_wconf 79' lang='grc' dir='ltr'>ἐκεῖνον</span> <span class='ocrx_word' id='word_1_65' title='bbox 898 785 1009 820; x_wconf 85' lang='grc' dir='ltr'>ταῦτα</span> <span class='ocrx_word' id='word_1_66' title='bbox 1030 779 1154 819; x_wconf 65' lang='lat' dir='ltr'>{noioe-</span> 
     </span>
     <span class='ocr_line' id='line_1_13' title="bbox 133 847 1153 904; baseline -0.006 -16"><span class='ocrx_word' id='word_1_67' title='bbox 133 866 182 888; x_wconf 84' lang='grc' dir='ltr'>τε.</span> <span class='ocrx_word' id='word_1_68' title='bbox 204 852 248 889; x_wconf 79' lang='grc' dir='ltr'>Εἰ</span> <span class='ocrx_word' id='word_1_69' title='bbox 268 851 334 903; x_wconf 80' lang='grc' dir='ltr'>γὰρ</span> <span class='ocrx_word' id='word_1_70' title='bbox 356 852 517 904; x_wconf 81' lang='grc' dir='ltr'>φαίνεται</span> <span class='ocrx_word' id='word_1_71' title='bbox 546 851 602 889; x_wconf 82' lang='grc' dir='ltr'>διὰ</span> <span class='ocrx_word' id='word_1_72' title='bbox 621 851 684 898; x_wconf 80' lang='grc' dir='ltr'>τὴν</span> <span class='ocrx_word' id='word_1_73' title='bbox 704 854 826 889; x_wconf 81' lang='grc' dir='ltr'>ἑαυτοῦ</span> <span class='ocrx_word' id='word_1_74' title='bbox 853 849 951 893; x_wconf 82' lang='grc' dir='ltr'>δόξαν</span> <span class='ocrx_word' id='word_1_75' title='bbox 968 847 1012 884; x_wconf 86' lang='grc' dir='ltr'>τὰ</span> <span class='ocrx_word' id='word_1_76' title='bbox 1032 847 1153 897; x_wconf 74' lang='grc' dir='ltr'>ἆμαρ·</span> 
     </span>
    </p>
   </div>
   <div class='ocr_carea' id='block_1_7' title="bbox 134 913 1154 970">
    <p class='ocr_par' dir='ltr' id='par_1_7' title="bbox 134 913 1154 970">
     <span class='ocr_line' id='line_1_14' title="bbox 134 913 1154 970; baseline -0.006 -15"><span class='ocrx_word' id='word_1_77' title='bbox 134 917 278 967; x_wconf 81' lang='grc' dir='ltr'>τῆματα</span> <span class='ocrx_word' id='word_1_78' title='bbox 315 921 411 969; x_wconf 80' lang='grc' dir='ltr'>ὑμῶν</span> <span class='ocrx_word' id='word_1_79' title='bbox 439 920 625 970; x_wconf 75' lang='grc' dir='ltr'>παρορῶν,</span> <span class='ocrx_word' id='word_1_80' title='bbox 658 918 779 969; x_wconf 81' lang='grc' dir='ltr'>πολλῷ</span> <span class='ocrx_word' id='word_1_81' title='bbox 811 916 943 966; x_wconf 77' lang='grc' dir='ltr'>μᾶλλον</span> <span class='ocrx_word' id='word_1_82' title='bbox 979 913 1020 951; x_wconf 82' lang='grc' dir='ltr'>ἂν</span> <span class='ocrx_word' id='word_1_83' title='bbox 1051 916 1154 951; x_wconf 74' lang='grc' dir='ltr'>τοῦτο</span> 
     </span>
    </p>
   </div>
   <div class='ocr_carea' id='block_1_8' title="bbox 134 979 1201 1035">
    <p class='ocr_par' dir='ltr' id='par_1_8' title="bbox 134 979 1201 1035">
     <span class='ocr_line' id='line_1_15' title="bbox 134 979 1201 1035; baseline -0.007 -12"><span class='ocrx_word' id='word_1_84' title='bbox 134 984 276 1030; x_wconf 82' lang='grc' dir='ltr'>ἐποίησε</span> <span class='ocrx_word' id='word_1_85' title='bbox 301 989 372 1033; x_wconf 92' lang='grc' dir='ltr'>νῦν,</span> <span class='ocrx_word' id='word_1_86' title='bbox 397 985 457 1022; x_wconf 85' lang='grc' dir='ltr'>καὶ</span> <span class='ocrx_word' id='word_1_87' title='bbox 481 985 544 1031; x_wconf 81' lang='grc' dir='ltr'>τὴν</span> <span class='ocrx_word' id='word_1_88' title='bbox 568 983 703 1035; x_wconf 81' lang='grc' dir='ltr'>σφαγὴν</span> <span class='ocrx_word' id='word_1_89' title='bbox 724 982 914 1026; x_wconf 83' lang='grc' dir='ltr'>ἀπεδέξατο</span> <span class='ocrx_word' id='word_1_90' title='bbox 933 981 1078 1027; x_wconf 82' lang='grc' dir='ltr'>ταύτην,</span> <span class='ocrx_word' id='word_1_91' title='bbox 1096 979 1156 1019; x_wconf 78' lang='grc' dir='ltr'>καὶ</span> <span class='ocrx_word' id='word_1_92' title='bbox 1176 984 1201 1015; x_wconf 80' lang='grc' dir='ltr'>Ε</span> 
     </span>
    </p>
   </div>
   <div class='ocr_carea' id='block_1_9' title="bbox 131 1049 1156 1517">
    <p class='ocr_par' dir='ltr' id='par_1_9' title="bbox 131 1049 1156 1517">
     <span class='ocr_line' id='line_1_16' title="bbox 133 1049 1154 1104; baseline -0.003 -14"><span class='ocrx_word' id='word_1_93' title='bbox 133 1052 177 1090; x_wconf 84' lang='grc' dir='ltr'>τὰ</span> <span class='ocrx_word' id='word_1_94' title='bbox 190 1054 304 1091; x_wconf 84' lang='grc' dir='ltr'>πολλὰ</span> <span class='ocrx_word' id='word_1_95' title='bbox 319 1053 393 1104; x_wconf 74' lang='grc' dir='ltr'>[ἂν]</span> <span class='ocrx_word' id='word_1_96' title='bbox 410 1056 508 1104; x_wconf 83' lang='grc' dir='ltr'>ὑμῶν</span> <span class='ocrx_word' id='word_1_97' title='bbox 525 1052 702 1104; x_wconf 81' lang='grc' dir='ltr'>ἐξήλειψεν</span> <span class='ocrx_word' id='word_1_98' title='bbox 718 1051 972 1104; x_wconf 79' lang='grc' dir='ltr'>ἁμαρτήματα.</span> <span class='ocrx_word' id='word_1_99' title='bbox 987 1050 1102 1089; x_wconf 65' lang='grc' dir='ltr'>εὈταν</span> <span class='ocrx_word' id='word_1_100' title='bbox 1118 1049 1154 1087; x_wconf 83' lang='grc' dir='ltr'>δὲ</span> 
     </span>
     <span class='ocr_line' id='line_1_17' title="bbox 134 1117 1155 1176; baseline -0.005 -16"><span class='ocrx_word' id='word_1_101' title='bbox 134 1122 300 1173; x_wconf 74' lang='grc' dir='ltr'>φαίνηται</span> <span class='ocrx_word' id='word_1_102' title='bbox 321 1125 366 1166; x_wconf 87' lang='grc' dir='ltr'>εἰς</span> <span class='ocrx_word' id='word_1_103' title='bbox 383 1123 481 1166; x_wconf 82' lang='grc' dir='ltr'>τέλος</span> <span class='ocrx_word' id='word_1_104' title='bbox 497 1125 588 1174; x_wconf 81' lang='grc' dir='ltr'>ὑμᾶς</span> <span class='ocrx_word' id='word_1_105' title='bbox 607 1121 924 1176; x_wconf 76' lang='grc' dir='ltr'>ἀποστρεφόμενος,</span> <span class='ocrx_word' id='word_1_106' title='bbox 941 1120 1083 1167; x_wconf 84' lang='grc' dir='ltr'>εὔδηλον</span> <span class='ocrx_word' id='word_1_107' title='bbox 1102 1117 1155 1156; x_wconf 79' lang='grc' dir='ltr'>ὅτι</span> 
     </span>
     <span class='ocr_line' id='line_1_18' title="bbox 134 1189 1153 1244; baseline -0.004 -14"><span class='ocrx_word' id='word_1_108' title='bbox 134 1191 191 1229; x_wconf 82' lang='grc' dir='ltr'>διὰ</span> <span class='ocrx_word' id='word_1_109' title='bbox 221 1195 283 1238; x_wconf 81' lang='grc' dir='ltr'>τῆς</span> <span class='ocrx_word' id='word_1_110' title='bbox 305 1194 409 1244; x_wconf 76' lang='grc' dir='ltr'>ὀργῆς</span> <span class='ocrx_word' id='word_1_111' title='bbox 436 1190 583 1238; x_wconf 79' lang='grc' dir='ltr'>ταύτης,</span> <span class='ocrx_word' id='word_1_112' title='bbox 615 1191 675 1230; x_wconf 83' lang='grc' dir='ltr'>καὶ</span> <span class='ocrx_word' id='word_1_113' title='bbox 707 1193 770 1237; x_wconf 72' lang='grc' dir='ltr'>τῆς</span> <span class='ocrx_word' id='word_1_114' title='bbox 791 1193 838 1235; x_wconf 87' lang='grc' dir='ltr'>εἷς</span> <span class='ocrx_word' id='word_1_115' title='bbox 867 1189 966 1232; x_wconf 90' lang='grc' dir='ltr'>τέλος</span> <span class='ocrx_word' id='word_1_116' title='bbox 996 1192 1153 1241; x_wconf 82' lang='grc' dir='ltr'>ἐγκατα-</span> 
     </span>
     <span class='ocr_line' id='line_1_19' title="bbox 133 1257 1155 1313; baseline -0.004 -14"><span class='ocrx_word' id='word_1_117' title='bbox 133 1260 292 1313; x_wconf 77' lang='grc' dir='ltr'>λείψεως,</span> <span class='ocrx_word' id='word_1_118' title='bbox 306 1261 458 1299; x_wconf 88' lang='grc' dir='ltr'>δείκνυσι</span> <span class='ocrx_word' id='word_1_119' title='bbox 473 1261 533 1299; x_wconf 80' lang='grc' dir='ltr'>καὶ</span> <span class='ocrx_word' id='word_1_120' title='bbox 549 1267 620 1304; x_wconf 89' lang='grc' dir='ltr'>τοῖς</span> <span class='ocrx_word' id='word_1_121' title='bbox 633 1260 767 1313; x_wconf 77' lang='grc' dir='ltr'>σφόδρα</span> <span class='ocrx_word' id='word_1_122' title='bbox 785 1261 1084 1312; x_wconf 75' lang='grc' dir='ltr'>ἀναισχυντοῦσιν,</span> <span class='ocrx_word' id='word_1_123' title='bbox 1102 1257 1155 1295; x_wconf 76' lang='grc' dir='ltr'>ὅτι</span> 
     </span>
     <span class='ocr_line' id='line_1_20' title="bbox 135 1323 1156 1382; baseline -0.004 -14"><span class='ocrx_word' id='word_1_124' title='bbox 135 1331 211 1382; x_wconf 78' lang='grc' dir='ltr'>οὐχὶ</span> <span class='ocrx_word' id='word_1_125' title='bbox 224 1330 426 1381; x_wconf 87' lang='grc' dir='ltr'>παράνομός</span> <span class='ocrx_word' id='word_1_126' title='bbox 438 1346 488 1373; x_wconf 89' lang='grc' dir='ltr'>τις</span> <span class='ocrx_word' id='word_1_127' title='bbox 502 1324 544 1376; x_wconf 68' lang='grc' dir='ltr'>ἦν</span> <span class='ocrx_word' id='word_1_128' title='bbox 561 1333 578 1368; x_wconf 88' lang='lat'>6</span> <span class='ocrx_word' id='word_1_129' title='bbox 594 1329 751 1382; x_wconf 75' lang='grc' dir='ltr'>σφαγεὶς,</span> <span class='ocrx_word' id='word_1_130' title='bbox 769 1330 844 1367; x_wconf 85' lang='grc' dir='ltr'>ἀλλ’</span> <span class='ocrx_word' id='word_1_131' title='bbox 864 1327 964 1371; x_wconf 78' lang='grc' dir='ltr'>αὐτὸς</span> <span class='ocrx_word' id='word_1_132' title='bbox 979 1330 996 1365; x_wconf 91' lang='lat'>6</span> <span class='ocrx_word' id='word_1_133' title='bbox 1013 1323 1156 1376; x_wconf 79' lang='grc' dir='ltr'>νομοθέ-</span> 
     </span>
     <span class='ocr_line' id='line_1_21' title="bbox 131 1397 1154 1451; baseline -0.002 -15"><span class='ocrx_word' id='word_1_134' title='bbox 131 1415 206 1446; x_wconf 85' lang='grc' dir='ltr'>της,</span> <span class='ocrx_word' id='word_1_135' title='bbox 223 1399 282 1436; x_wconf 84' lang='grc' dir='ltr'>καὶ</span> <span class='ocrx_word' id='word_1_136' title='bbox 300 1401 368 1436; x_wconf 80' lang='grc' dir='ltr'>τῶν</span> <span class='ocrx_word' id='word_1_137' title='bbox 387 1399 518 1451; x_wconf 86' lang='grc' dir='ltr'>μυρίων</span> <span class='ocrx_word' id='word_1_138' title='bbox 540 1401 678 1450; x_wconf 80' lang='grc' dir='ltr'>ἀγαθῶν</span> <span class='ocrx_word' id='word_1_139' title='bbox 699 1399 806 1442; x_wconf 85' lang='grc' dir='ltr'>αἴτιος</span> <span class='ocrx_word' id='word_1_140' title='bbox 824 1400 841 1436; x_wconf 83' lang='grc' dir='ltr'><em>ὃ</em></span> <span class='ocrx_word' id='word_1_141' title='bbox 860 1397 1154 1449; x_wconf 77' lang='grc' dir='ltr'>παραγενόμενος.</span> 
     </span>
     <span class='ocr_line' id='line_1_22' title="bbox 133 1467 1155 1517; baseline -0.002 -12"><span class='ocrx_word' id='word_1_142' title='bbox 133 1467 200 1506; x_wconf 86' lang='grc' dir='ltr'>Διὰ</span> <span class='ocrx_word' id='word_1_143' title='bbox 229 1471 332 1505; x_wconf 90' lang='grc' dir='ltr'>τοῦτο</span> <span class='ocrx_word' id='word_1_144' title='bbox 362 1471 393 1506; x_wconf 80' lang='grc' dir='ltr'>οἱ</span> <span class='ocrx_word' id='word_1_145' title='bbox 420 1468 481 1517; x_wconf 83' lang='grc' dir='ltr'>μὲν</span> <span class='ocrx_word' id='word_1_146' title='bbox 514 1471 562 1511; x_wconf 85' lang='grc' dir='ltr'>εἷς</span> <span class='ocrx_word' id='word_1_147' title='bbox 592 1468 693 1506; x_wconf 80' lang='grc' dir='ltr'>αὐτὸν</span> <span class='ocrx_word' id='word_1_148' title='bbox 716 1468 951 1514; x_wconf 69' lang='grc' dir='ltr'>ἀσεὸήσαντες</span> <span class='ocrx_word' id='word_1_149' title='bbox 978 1470 1090 1517; x_wconf 78' lang='grc' dir='ltr'>ὑμεῖς,</span> <span class='ocrx_word' id='word_1_150' title='bbox 1121 1468 1155 1504; x_wconf 83' lang='grc' dir='ltr'>ἐν</span> 
     </span>
    </p>
   </div>
   <div class='ocr_carea' id='block_1_10' title="bbox 133 1536 1157 1590">
    <p class='ocr_par' dir='ltr' id='par_1_10' title="bbox 133 1536 1157 1590">
     <span class='ocr_line' id='line_1_23' title="bbox 133 1536 1157 1590; baseline -0.002 -15"><span class='ocrx_word' id='word_1_151' title='bbox 133 1537 231 1589; x_wconf 69' lang='grc' dir='ltr'>ὔὸρει</span> <span class='ocrx_word' id='word_1_152' title='bbox 259 1537 318 1575; x_wconf 83' lang='grc' dir='ltr'>καὶ</span> <span class='ocrx_word' id='word_1_153' title='bbox 344 1537 482 1590; x_wconf 76' lang='grc' dir='ltr'>ἀτιμίᾳ,</span> <span class='ocrx_word' id='word_1_154' title='bbox 504 1539 534 1574; x_wconf 84' lang='grc' dir='ltr'>οἱ</span> <span class='ocrx_word' id='word_1_155' title='bbox 563 1537 600 1576; x_wconf 79' lang='grc' dir='ltr'>δὲ</span> <span class='ocrx_word' id='word_1_156' title='bbox 627 1541 900 1588; x_wconf 74' lang='grc' dir='ltr'>προσκυνοῦντες</span> <span class='ocrx_word' id='word_1_157' title='bbox 921 1536 1021 1575; x_wconf 78' lang='grc' dir='ltr'>αὐτὸν</span> <span class='ocrx_word' id='word_1_158' title='bbox 1041 1539 1157 1586; x_wconf 85' lang='grc' dir='ltr'>ἡμεῖς,</span> 
     </span>
    </p>
   </div>
   <div class='ocr_carea' id='block_1_11' title="bbox 1379 280 2179 333">
    <p class='ocr_par' dir='ltr' id='par_1_11' title="bbox 1379 280 2179 333">
     <span class='ocr_line' id='line_1_24' title="bbox 1379 280 2179 333; baseline -0.003 -23"><span class='ocrx_word' id='word_1_159' title='bbox 1379 280 1422 310; x_wconf 81' lang='lat' dir='ltr'>Vl</span> <span class='ocrx_word' id='word_1_160' title='bbox 1435 298 1444 308; x_wconf 77' lang='grc'><strong>.</strong></span> <span class='ocrx_word' id='word_1_161' title='bbox 2087 287 2179 333; x_wconf 73' lang='grc'>799</span> 
     </span>
    </p>
   </div>
   <div class='ocr_carea' id='block_1_12' title="bbox 1225 360 2190 1573">
    <p class='ocr_par' dir='ltr' id='par_1_12' title="bbox 1225 360 2190 1573">
     <span class='ocr_line' id='line_1_25' title="bbox 1228 360 2181 418; baseline 0.007 -20"><span class='ocrx_word' id='word_1_162' title='bbox 1228 360 1274 398; x_wconf 85' lang='lat' dir='ltr'>Et</span> <span class='ocrx_word' id='word_1_163' title='bbox 1293 375 1436 400; x_wconf 86' lang='lat' dir='ltr'>rursum</span> <span class='ocrx_word' id='word_1_164' title='bbox 1455 378 1462 399; x_wconf 91' lang='lat'>:</span> <span class='ocrx_word' id='word_1_165' title='bbox 1485 364 1577 401; x_wconf 83' lang='lat' dir='ltr'>Non</span> <span class='ocrx_word' id='word_1_166' title='bbox 1598 374 1754 417; x_wconf 84' lang='lat' dir='ltr'>propter</span> <span class='ocrx_word' id='word_1_167' title='bbox 1777 380 1848 405; x_wconf 80' lang='lat' dir='ltr'>vos</span> <span class='ocrx_word' id='word_1_168' title='bbox 1869 380 1937 415; x_wconf 85' lang='lat' dir='ltr'>ego</span> <span class='ocrx_word' id='word_1_169' title='bbox 1960 368 2091 418; x_wconf 77' lang='lat' dir='ltr'>facio,</span> <span class='ocrx_word' id='word_1_170' title='bbox 2116 370 2181 405; x_wconf 89' lang='lat' dir='ltr'>do-</span> 
     </span>
     <span class='ocr_line' id='line_1_26' title="bbox 1226 425 2180 478; baseline 0.007 -18"><span class='ocrx_word' id='word_1_171' title='bbox 1226 437 1311 460; x_wconf 82' lang='lat' dir='ltr'>mus</span> <span class='ocrx_word' id='word_1_172' title='bbox 1324 425 1464 474; x_wconf 80' lang='lat' dir='ltr'>Israel,</span> <span class='ocrx_word' id='word_1_173' title='bbox 1480 425 1549 462; x_wconf 83' lang='lat' dir='ltr'>sed</span> <span class='ocrx_word' id='word_1_174' title='bbox 1560 434 1717 478; x_wconf 81' lang='lat' dir='ltr'>propter</span> <span class='ocrx_word' id='word_1_175' title='bbox 1731 441 1868 465; x_wconf 85' lang='lat' dir='ltr'>nomen</span> <span class='ocrx_word' id='word_1_176' title='bbox 1888 442 2028 466; x_wconf 85' lang='lat' dir='ltr'>meum.</span> <span class='ocrx_word' id='word_1_177' title='bbox 2047 428 2180 467; x_wconf 88' lang='lat' dir='ltr'><strong>Sensus</strong></span> 
     </span>
     <span class='ocr_line' id='line_1_27' title="bbox 1226 485 2178 541; baseline 0.008 -21"><span class='ocrx_word' id='word_1_178' title='bbox 1226 493 1344 522; x_wconf 87' lang='lat' dir='ltr'>autem</span> <span class='ocrx_word' id='word_1_179' title='bbox 1365 485 1426 522; x_wconf 88' lang='lat' dir='ltr'>hic</span> <span class='ocrx_word' id='word_1_180' title='bbox 1440 495 1492 523; x_wconf 89' lang='lat' dir='ltr'>est</span> <span class='ocrx_word' id='word_1_181' title='bbox 1509 502 1517 522; x_wconf 90' lang='lat'>:</span> <span class='ocrx_word' id='word_1_182' title='bbox 1537 487 1642 524; x_wconf 86' lang='lat' dir='ltr'>eratis</span> <span class='ocrx_word' id='word_1_183' title='bbox 1661 489 1806 538; x_wconf 90' lang='lat' dir='ltr'>quidem</span> <span class='ocrx_word' id='word_1_184' title='bbox 1826 489 2054 541; x_wconf 86' lang='lat' dir='ltr'>gravioribus</span> <span class='ocrx_word' id='word_1_185' title='bbox 2075 489 2178 540; x_wconf 83' lang='lat' dir='ltr'>digni</span> 
     </span>
     <span class='ocr_line' id='line_1_28' title="bbox 1225 546 2179 602; baseline 0.009 -21"><span class='ocrx_word' id='word_1_186' title='bbox 1225 546 1412 597; x_wconf 83' lang='lat' dir='ltr'>suppliciis</span> <span class='ocrx_word' id='word_1_187' title='bbox 1427 561 1468 584; x_wconf 91' lang='lat' dir='ltr'>ac</span> <span class='ocrx_word' id='word_1_188' title='bbox 1482 548 1594 599; x_wconf 85' lang='lat' dir='ltr'>poenis</span> <span class='ocrx_word' id='word_1_189' title='bbox 1611 564 1619 584; x_wconf 73' lang='grc' dir='ltr'><em>τ</em></span> <span class='ocrx_word' id='word_1_190' title='bbox 1635 564 1759 588; x_wconf 80' lang='lat' dir='ltr'>verum</span> <span class='ocrx_word' id='word_1_191' title='bbox 1774 565 1818 588; x_wconf 90' lang='lat' dir='ltr'>ne</span> <span class='ocrx_word' id='word_1_192' title='bbox 1830 552 1911 602; x_wconf 89' lang='lat' dir='ltr'>quis</span> <span class='ocrx_word' id='word_1_193' title='bbox 1933 551 2065 589; x_wconf 88' lang='lat' dir='ltr'>diceret</span> <span class='ocrx_word' id='word_1_194' title='bbox 2082 551 2179 602; x_wconf 90' lang='lat' dir='ltr'>quod</span> 
     </span>
     <span class='ocr_line' id='line_1_29' title="bbox 1226 607 2181 664; baseline 0.009 -22"><span class='ocrx_word' id='word_1_195' title='bbox 1226 607 1337 653; x_wconf 87' lang='lat' dir='ltr'>Deus,</span> <span class='ocrx_word' id='word_1_196' title='bbox 1355 621 1436 644; x_wconf 92' lang='lat' dir='ltr'>cum</span> <span class='ocrx_word' id='word_1_197' title='bbox 1456 608 1502 645; x_wconf 91' lang='lat' dir='ltr'>ob</span> <span class='ocrx_word' id='word_1_198' title='bbox 1518 609 1674 660; x_wconf 90' lang='lat' dir='ltr'>inopiam</span> <span class='ocrx_word' id='word_1_199' title='bbox 1693 611 1824 649; x_wconf 90' lang='lat' dir='ltr'>virium</span> <span class='ocrx_word' id='word_1_200' title='bbox 1840 626 1908 650; x_wconf 92' lang='lat' dir='ltr'>non</span> <span class='ocrx_word' id='word_1_201' title='bbox 1928 622 2045 664; x_wconf 89' lang='lat' dir='ltr'>posset</span> <span class='ocrx_word' id='word_1_202' title='bbox 2064 627 2181 651; x_wconf 73' lang='lat' dir='ltr'>serva·</span> 
     </span>
     <span class='ocr_line' id='line_1_30' title="bbox 1228 667 2182 721; baseline 0.009 -19"><span class='ocrx_word' id='word_1_203' title='bbox 1228 680 1276 713; x_wconf 88' lang='lat' dir='ltr'>re,</span> <span class='ocrx_word' id='word_1_204' title='bbox 1288 667 1432 718; x_wconf 89' lang='lat' dir='ltr'>reliquit</span> <span class='ocrx_word' id='word_1_205' title='bbox 1445 668 1589 707; x_wconf 82' lang='lat' dir='ltr'>Judaeos</span> <span class='ocrx_word' id='word_1_206' title='bbox 1606 672 1640 707; x_wconf 89' lang='lat' dir='ltr'>in</span> <span class='ocrx_word' id='word_1_207' title='bbox 1659 672 1824 709; x_wconf 75' lang='lat' dir='ltr'>manibus</span> <span class='ocrx_word' id='word_1_208' title='bbox 1840 673 2013 721; x_wconf 82' lang='lat' dir='ltr'>hostium,</span> <span class='ocrx_word' id='word_1_209' title='bbox 2025 673 2182 711; x_wconf 78' lang='lat' dir='ltr'>auxilior</span> 
     </span>
     <span class='ocr_line' id='line_1_31' title="bbox 1228 729 2183 786; baseline 0.01 -23"><span class='ocrx_word' id='word_1_210' title='bbox 1228 735 1262 763; x_wconf 88' lang='lat' dir='ltr'>ct</span> <span class='ocrx_word' id='word_1_211' title='bbox 1286 729 1466 779; x_wconf 87' lang='lat' dir='ltr'>prospicio</span> <span class='ocrx_word' id='word_1_212' title='bbox 1489 730 1606 768; x_wconf 84' lang='lat' dir='ltr'>vobis.</span> <span class='ocrx_word' id='word_1_213' title='bbox 1629 732 1750 782; x_wconf 85' lang='lat' dir='ltr'>Itaque</span> <span class='ocrx_word' id='word_1_214' title='bbox 1778 733 1808 770; x_wconf 86' lang='lat' dir='ltr'>si</span> <span class='ocrx_word' id='word_1_215' title='bbox 1834 733 1922 783; x_wconf 78' lang='lat' dir='ltr'>legis</span> <span class='ocrx_word' id='word_1_216' title='bbox 1945 744 2183 786; x_wconf 77' lang='lat' dir='ltr'>transgressor</span> 
     </span>
     <span class='ocr_line' id='line_1_32' title="bbox 1228 788 2183 840; baseline 0.01 -17"><span class='ocrx_word' id='word_1_217' title='bbox 1228 797 1301 824; x_wconf 85' lang='lat' dir='ltr'>erat</span> <span class='ocrx_word' id='word_1_218' title='bbox 1329 788 1517 836; x_wconf 86' lang='lat' dir='ltr'>Christus,</span> <span class='ocrx_word' id='word_1_219' title='bbox 1539 804 1645 840; x_wconf 89' lang='lat' dir='ltr'>quem</span> <span class='ocrx_word' id='word_1_220' title='bbox 1674 806 1738 829; x_wconf 82' lang='lat' dir='ltr'>vos</span> <span class='ocrx_word' id='word_1_221' title='bbox 1770 794 2021 840; x_wconf 83' lang='lat' dir='ltr'>crucifixistis,</span> <span class='ocrx_word' id='word_1_222' title='bbox 2045 795 2183 832; x_wconf 77' lang='lat' dir='ltr'>etiamsi</span> 
     </span>
     <span class='ocr_line' id='line_1_33' title="bbox 1226 845 2182 902; baseline 0.012 -19"><span class='ocrx_word' id='word_1_223' title='bbox 1226 845 1340 884; x_wconf 88' lang='lat' dir='ltr'>decies</span> <span class='ocrx_word' id='word_1_224' title='bbox 1359 848 1459 885; x_wconf 87' lang='lat' dir='ltr'>mille</span> <span class='ocrx_word' id='word_1_225' title='bbox 1478 859 1619 900; x_wconf 88' lang='lat' dir='ltr'>peccata</span> <span class='ocrx_word' id='word_1_226' title='bbox 1639 852 1919 902; x_wconf 86' lang='lat' dir='ltr'>commisissetis‚</span> <span class='ocrx_word' id='word_1_227' title='bbox 1941 854 2056 892; x_wconf 90' lang='lat' dir='ltr'>multo</span> <span class='ocrx_word' id='word_1_228' title='bbox 2075 856 2182 893; x_wconf 86' lang='lat' dir='ltr'>etiam</span> 
     </span>
     <span class='ocr_line' id='line_1_34' title="bbox 1226 906 2184 967; baseline 0.01 -24"><span class='ocrx_word' id='word_1_229' title='bbox 1226 906 1408 958; x_wconf 83' lang='lat' dir='ltr'>prioribus</span> <span class='ocrx_word' id='word_1_230' title='bbox 1432 908 1505 946; x_wconf 85' lang='lat' dir='ltr'>illis</span> <span class='ocrx_word' id='word_1_231' title='bbox 1525 910 1692 960; x_wconf 87' lang='lat' dir='ltr'>graviora</span> <span class='ocrx_word' id='word_1_232' title='bbox 1714 927 1724 950; x_wconf 68' lang='grc' dir='ltr'>ε</span> <span class='ocrx_word' id='word_1_233' title='bbox 1754 913 1912 964; x_wconf 80' lang='lat' dir='ltr'>profecto</span> <span class='ocrx_word' id='word_1_234' title='bbox 1943 924 2089 967; x_wconf 89' lang='lat' dir='ltr'>propter</span> <span class='ocrx_word' id='word_1_235' title='bbox 2115 916 2184 953; x_wconf 90' lang='lat' dir='ltr'>hoc</span> 
     </span>
     <span class='ocr_line' id='line_1_35' title="bbox 1226 967 2186 1028; baseline 0.01 -24"><span class='ocrx_word' id='word_1_236' title='bbox 1226 967 1359 1005; x_wconf 85' lang='lat' dir='ltr'>sactum</span> <span class='ocrx_word' id='word_1_237' title='bbox 1375 979 1551 1008; x_wconf 89' lang='lat' dir='ltr'>servasset</span> <span class='ocrx_word' id='word_1_238' title='bbox 1566 985 1630 1009; x_wconf 89' lang='lat' dir='ltr'>vos</span> <span class='ocrx_word' id='word_1_239' title='bbox 1647 973 1756 1019; x_wconf 88' lang='lat' dir='ltr'>Deus,</span> <span class='ocrx_word' id='word_1_240' title='bbox 1774 987 1818 1011; x_wconf 90' lang='lat' dir='ltr'>ne</span> <span class='ocrx_word' id='word_1_241' title='bbox 1837 988 1964 1012; x_wconf 90' lang='lat' dir='ltr'>nomen</span> <span class='ocrx_word' id='word_1_242' title='bbox 1980 976 2092 1027; x_wconf 86' lang='lat' dir='ltr'>ipsius</span> <span class='ocrx_word' id='word_1_243' title='bbox 2106 976 2186 1028; x_wconf 84' lang='lat' dir='ltr'>pol·</span> 
     </span>
     <span class='ocr_line' id='line_1_36' title="bbox 1227 1028 2184 1085; baseline 0.01 -21"><span class='ocrx_word' id='word_1_244' title='bbox 1227 1028 1399 1075; x_wconf 80' lang='lat' dir='ltr'>lueretur,</span> <span class='ocrx_word' id='word_1_245' title='bbox 1421 1043 1465 1067; x_wconf 89' lang='lat' dir='ltr'>ne</span> <span class='ocrx_word' id='word_1_246' title='bbox 1487 1030 1548 1069; x_wconf 89' lang='lat' dir='ltr'>ille</span> <span class='ocrx_word' id='word_1_247' title='bbox 1568 1046 1632 1083; x_wconf 92' lang='lat' dir='ltr'>pro</span> <span class='ocrx_word' id='word_1_248' title='bbox 1652 1047 1781 1084; x_wconf 86' lang='lat' dir='ltr'>magno</span> <span class='ocrx_word' id='word_1_249' title='bbox 1800 1035 1957 1084; x_wconf 87' lang='lat' dir='ltr'>quodam</span> <span class='ocrx_word' id='word_1_250' title='bbox 1977 1036 2184 1085; x_wconf 82' lang='lat' dir='ltr'><strong>haberetur,</strong></span> 
     </span>
     <span class='ocr_line' id='line_1_37' title="bbox 1226 1091 2185 1150; baseline 0.006 -22"><span class='ocrx_word' id='word_1_251' title='bbox 1226 1104 1314 1128; x_wconf 86' lang='lat' dir='ltr'>neve</span> <span class='ocrx_word' id='word_1_252' title='bbox 1346 1091 1427 1142; x_wconf 91' lang='lat' dir='ltr'>quis</span> <span class='ocrx_word' id='word_1_253' title='bbox 1458 1092 1612 1141; x_wconf 86' lang='lat' dir='ltr'>diceret,</span> <span class='ocrx_word' id='word_1_254' title='bbox 1633 1108 1697 1132; x_wconf 92' lang='lat' dir='ltr'>vos</span> <span class='ocrx_word' id='word_1_255' title='bbox 1726 1095 1838 1147; x_wconf 83' lang='lat' dir='ltr'>ipsius</span> <span class='ocrx_word' id='word_1_256' title='bbox 1860 1110 1963 1134; x_wconf 85' lang='lat' dir='ltr'>causa</span> <span class='ocrx_word' id='word_1_257' title='bbox 1993 1097 2069 1135; x_wconf 85' lang='lat' dir='ltr'>haec</span> <span class='ocrx_word' id='word_1_258' title='bbox 2099 1098 2185 1150; x_wconf 87' lang='lat' dir='ltr'>pati.</span> 
     </span>
     <span class='ocr_line' id='line_1_38' title="bbox 1225 1151 2189 1207; baseline 0.008 -19"><span class='ocrx_word' id='word_1_259' title='bbox 1225 1151 1335 1199; x_wconf 85' lang='lat' dir='ltr'>Quod</span> <span class='ocrx_word' id='word_1_260' title='bbox 1349 1152 1377 1190; x_wconf 91' lang='lat' dir='ltr'>si</span> <span class='ocrx_word' id='word_1_261' title='bbox 1393 1152 1537 1191; x_wconf 89' lang='lat' dir='ltr'>videtur</span> <span class='ocrx_word' id='word_1_262' title='bbox 1553 1154 1600 1191; x_wconf 90' lang='lat' dir='ltr'>ob</span> <span class='ocrx_word' id='word_1_263' title='bbox 1616 1169 1717 1195; x_wconf 88' lang='lat' dir='ltr'>suam</span> <span class='ocrx_word' id='word_1_264' title='bbox 1733 1155 1845 1207; x_wconf 85' lang='lat' dir='ltr'>ipsius</span> <span class='ocrx_word' id='word_1_265' title='bbox 1861 1156 2013 1207; x_wconf 82' lang='lat' dir='ltr'>gloriam</span> <span class='ocrx_word' id='word_1_266' title='bbox 2027 1157 2189 1196; x_wconf 82' lang='lat' dir='ltr'>relaxare</span> 
     </span>
     <span class='ocr_line' id='line_1_39' title="bbox 1225 1214 2187 1268; baseline 0.008 -19"><span class='ocrx_word' id='word_1_267' title='bbox 1225 1222 1382 1263; x_wconf 76' lang='lat' dir='ltr'>peccata,</span> <span class='ocrx_word' id='word_1_268' title='bbox 1399 1214 1513 1251; x_wconf 85' lang='lat' dir='ltr'>multo</span> <span class='ocrx_word' id='word_1_269' title='bbox 1529 1215 1641 1265; x_wconf 83' lang='lat' dir='ltr'>magis</span> <span class='ocrx_word' id='word_1_270' title='bbox 1662 1216 1731 1254; x_wconf 87' lang='lat' dir='ltr'>hoc.</span> <span class='ocrx_word' id='word_1_271' title='bbox 1749 1230 1844 1254; x_wconf 91' lang='lat' dir='ltr'>nunc</span> <span class='ocrx_word' id='word_1_272' title='bbox 1863 1227 1936 1255; x_wconf 85' lang='lat' dir='ltr'>erat</span> <span class='ocrx_word' id='word_1_273' title='bbox 1952 1218 2131 1268; x_wconf 85' lang='lat' dir='ltr'>facturus;</span> <span class='ocrx_word' id='word_1_274' title='bbox 2153 1228 2187 1257; x_wconf 90' lang='lat' dir='ltr'>et</span> 
     </span>
     <span class='ocr_line' id='line_1_40' title="bbox 1226 1272 2189 1327; baseline 0.008 -17"><span class='ocrx_word' id='word_1_275' title='bbox 1226 1272 1360 1311; x_wconf 85' lang='lat' dir='ltr'>caedem</span> <span class='ocrx_word' id='word_1_276' title='bbox 1381 1274 1472 1312; x_wconf 89' lang='lat' dir='ltr'>hanc</span> <span class='ocrx_word' id='word_1_277' title='bbox 1487 1285 1671 1327; x_wconf 83' lang='lat' dir='ltr'><strong>acceptam</strong></span> <span class='ocrx_word' id='word_1_278' title='bbox 1688 1277 1897 1325; x_wconf 90' lang='lat' dir='ltr'>habuisset,</span> <span class='ocrx_word' id='word_1_279' title='bbox 1918 1293 1958 1316; x_wconf 91' lang='lat' dir='ltr'>ac</span> <span class='ocrx_word' id='word_1_280' title='bbox 1979 1279 2189 1318; x_wconf 89' lang='lat' dir='ltr'>multitudi-</span> 
     </span>
     <span class='ocr_line' id='line_1_41' title="bbox 1227 1338 2187 1386; baseline 0.009 -16"><span class='ocrx_word' id='word_1_281' title='bbox 1227 1347 1306 1371; x_wconf 85' lang='lat' dir='ltr'>nem</span> <span class='ocrx_word' id='word_1_282' title='bbox 1323 1344 1549 1386; x_wconf 87' lang='lat' dir='ltr'>peccatorum</span> <span class='ocrx_word' id='word_1_283' title='bbox 1568 1346 1769 1375; x_wconf 84' lang='lat' dir='ltr'>vestrorum</span> <span class='ocrx_word' id='word_1_284' title='bbox 1789 1338 1989 1377; x_wconf 82' lang='lat' dir='ltr'>delevisset.</span> <span class='ocrx_word' id='word_1_285' title='bbox 2010 1341 2187 1379; x_wconf 77' lang='lat' dir='ltr'>Caeterum</span> 
     </span>
     <span class='ocr_line' id='line_1_42' title="bbox 1227 1396 2189 1451; baseline 0.008 -20"><span class='ocrx_word' id='word_1_286' title='bbox 1227 1396 1399 1444; x_wconf 88' lang='lat' dir='ltr'>quoniam</span> <span class='ocrx_word' id='word_1_287' title='bbox 1413 1425 1424 1441; x_wconf 91' lang='lat'><em>‚</em></span> <span class='ocrx_word' id='word_1_288' title='bbox 1448 1405 1488 1434; x_wconf 90' lang='lat' dir='ltr'>ut</span> <span class='ocrx_word' id='word_1_289' title='bbox 1515 1407 1685 1449; x_wconf 83' lang='lat' dir='ltr'>apparet,</span> <span class='ocrx_word' id='word_1_290' title='bbox 1704 1413 1769 1437; x_wconf 82' lang='lat' dir='ltr'>vos</span> <span class='ocrx_word' id='word_1_291' title='bbox 1789 1409 1962 1451; x_wconf 83' lang='lat' dir='ltr'>perpetuo</span> <span class='ocrx_word' id='word_1_292' title='bbox 1993 1410 2189 1450; x_wconf 80' lang='lat' dir='ltr'>aversatur,</span> 
     </span>
     <span class='ocr_line' id='line_1_43' title="bbox 1228 1456 2189 1512; baseline 0.008 -20"><span class='ocrx_word' id='word_1_293' title='bbox 1228 1456 1346 1507; x_wconf 83' lang='lat' dir='ltr'>palam</span> <span class='ocrx_word' id='word_1_294' title='bbox 1363 1465 1414 1494; x_wconf 84' lang='lat' dir='ltr'>est</span> <span class='ocrx_word' id='word_1_295' title='bbox 1435 1471 1515 1494; x_wconf 89' lang='lat' dir='ltr'>cum</span> <span class='ocrx_word' id='word_1_296' title='bbox 1536 1472 1599 1509; x_wconf 87' lang='lat' dir='ltr'>per</span> <span class='ocrx_word' id='word_1_297' title='bbox 1619 1459 1711 1496; x_wconf 83' lang='lat' dir='ltr'>hanc</span> <span class='ocrx_word' id='word_1_298' title='bbox 1737 1460 1827 1497; x_wconf 87' lang='lat' dir='ltr'>iram</span> <span class='ocrx_word' id='word_1_299' title='bbox 1848 1470 1881 1498; x_wconf 89' lang='lat' dir='ltr'>et</span> <span class='ocrx_word' id='word_1_300' title='bbox 1902 1470 2109 1512; x_wconf 83' lang='lat' dir='ltr'>perpetuam</span> <span class='ocrx_word' id='word_1_301' title='bbox 2128 1462 2189 1500; x_wconf 86' lang='lat' dir='ltr'>de-</span> 
     </span>
     <span class='ocr_line' id='line_1_44' title="bbox 1230 1516 2190 1573; baseline 0.008 -20"><span class='ocrx_word' id='word_1_302' title='bbox 1230 1516 1449 1555; x_wconf 82' lang='lat' dir='ltr'>relictionem</span> <span class='ocrx_word' id='word_1_303' title='bbox 1471 1518 1714 1558; x_wconf 87' lang='lat' dir='ltr'>demonstrare</span> <span class='ocrx_word' id='word_1_304' title='bbox 1734 1521 1840 1558; x_wconf 81' lang='lat' dir='ltr'>etiam</span> <span class='ocrx_word' id='word_1_305' title='bbox 1861 1522 2190 1573; x_wconf 88' lang='lat' dir='ltr'>impudentioribus</span> 
     </span>
    </p>
   </div>
   <div class='ocr_carea' id='block_1_13' title="bbox 1136 1579 2190 1631">
    <p class='ocr_par' dir='ltr' id='par_1_13' title="bbox 1136 1579 2190 1631">
     <span class='ocr_line' id='line_1_45' title="bbox 1136 1579 2190 1631; baseline 0.005 -14"><span class='ocrx_word' id='word_1_306' title='bbox 1136 1609 1155 1617; x_wconf 46' lang='grc' dir='ltr'>,ς</span> <span class='ocrx_word' id='word_1_307' title='bbox 1168 1582 1215 1608; x_wconf 67' lang='lat'>⁶54</span> <span class='ocrx_word' id='word_1_308' title='bbox 1230 1592 1311 1616; x_wconf 86' lang='lat' dir='ltr'>eum</span> <span class='ocrx_word' id='word_1_309' title='bbox 1324 1608 1336 1624; x_wconf 83' lang='grc'>,</span> <span class='ocrx_word' id='word_1_310' title='bbox 1359 1579 1420 1629; x_wconf 90' lang='lat' dir='ltr'>qui</span> <span class='ocrx_word' id='word_1_311' title='bbox 1439 1593 1459 1616; x_wconf 90' lang='lat' dir='ltr'>a</span> <span class='ocrx_word' id='word_1_312' title='bbox 1478 1580 1580 1618; x_wconf 87' lang='lat' dir='ltr'>vobis</span> <span class='ocrx_word' id='word_1_313' title='bbox 1601 1581 1739 1619; x_wconf 83' lang='lat' dir='ltr'>occisus</span> <span class='ocrx_word' id='word_1_314' title='bbox 1759 1591 1827 1631; x_wconf 87' lang='lat' dir='ltr'>est,</span> <span class='ocrx_word' id='word_1_315' title='bbox 1850 1597 1920 1620; x_wconf 90' lang='lat' dir='ltr'>non</span> <span class='ocrx_word' id='word_1_316' title='bbox 1944 1584 2054 1621; x_wconf 82' lang='lat' dir='ltr'>fuisse</span> <span class='ocrx_word' id='word_1_317' title='bbox 2073 1593 2190 1622; x_wconf 85' lang='lat' dir='ltr'>trans-</span> 
     </span>
    </p>
   </div>
   <div class='ocr_carea' id='block_1_14' title="bbox 136 1605 1204 1658">
    <p class='ocr_par' dir='ltr' id='par_1_14' title="bbox 136 1605 1204 1658">
     <span class='ocr_line' id='line_1_46' title="bbox 136 1605 1204 1658; baseline 0.001 -15"><span class='ocrx_word' id='word_1_318' title='bbox 136 1606 335 1658; x_wconf 85' lang='grc' dir='ltr'>ἀτιμότεροι</span> <span class='ocrx_word' id='word_1_319' title='bbox 358 1605 499 1644; x_wconf 88' lang='grc' dir='ltr'>πάντων</span> <span class='ocrx_word' id='word_1_320' title='bbox 519 1608 616 1656; x_wconf 77' lang='grc' dir='ltr'>ὑμῶν</span> <span class='ocrx_word' id='word_1_321' title='bbox 630 1606 822 1657; x_wconf 79' lang='grc' dir='ltr'>ἔμπροσθεν</span> <span class='ocrx_word' id='word_1_322' title='bbox 838 1605 1010 1654; x_wconf 83' lang='grc' dir='ltr'>ὅντες,διὰ</span> <span class='ocrx_word' id='word_1_323' title='bbox 1020 1606 1083 1653; x_wconf 86' lang='grc' dir='ltr'>τὴν</span> <span class='ocrx_word' id='word_1_324' title='bbox 1097 1621 1156 1644; x_wconf 89' lang='grc' dir='ltr'>του</span> <span class='ocrx_word' id='word_1_325' title='bbox 1180 1619 1204 1647; x_wconf 87' lang='grc' dir='ltr'>Α</span> 
     </span>
    </p>
   </div>
   <div class='ocr_carea' id='block_1_15' title="bbox 135 1674 1174 3258">
    <p class='ocr_par' dir='ltr' id='par_1_15' title="bbox 135 1674 1174 3258">
     <span class='ocr_line' id='line_1_47' title="bbox 135 1674 1154 1727; baseline 0 -15"><span class='ocrx_word' id='word_1_326' title='bbox 135 1676 229 1713; x_wconf 85' lang='grc' dir='ltr'>Θεοῦ</span> <span class='ocrx_word' id='word_1_327' title='bbox 246 1674 350 1727; x_wconf 77' lang='grc' dir='ltr'>χάριν</span> <span class='ocrx_word' id='word_1_328' title='bbox 371 1674 431 1713; x_wconf 79' lang='grc' dir='ltr'>καὶ</span> <span class='ocrx_word' id='word_1_329' title='bbox 450 1675 652 1726; x_wconf 82' lang='grc' dir='ltr'>σεμνότεροι</span> <span class='ocrx_word' id='word_1_330' title='bbox 671 1675 811 1713; x_wconf 88' lang='grc' dir='ltr'>πάντων</span> <span class='ocrx_word' id='word_1_331' title='bbox 832 1676 929 1725; x_wconf 77' lang='grc' dir='ltr'>ὑμῶν</span> <span class='ocrx_word' id='word_1_332' title='bbox 951 1677 1056 1725; x_wconf 85' lang='grc' dir='ltr'>ἐσμεν</span> <span class='ocrx_word' id='word_1_333' title='bbox 1077 1679 1154 1722; x_wconf 91' lang='grc' dir='ltr'>νῦν,</span> 
     </span>
     <span class='ocr_line' id='line_1_48' title="bbox 136 1744 1159 1796; baseline 0.002 -15"><span class='ocrx_word' id='word_1_334' title='bbox 136 1745 196 1781; x_wconf 84' lang='grc' dir='ltr'>καὶ</span> <span class='ocrx_word' id='word_1_335' title='bbox 216 1745 250 1781; x_wconf 81' lang='grc' dir='ltr'>ἐν</span> <span class='ocrx_word' id='word_1_336' title='bbox 272 1744 404 1794; x_wconf 86' lang='grc' dir='ltr'>μείζονι</span> <span class='ocrx_word' id='word_1_337' title='bbox 423 1747 508 1796; x_wconf 83' lang='grc' dir='ltr'>τιμῇ</span> <span class='ocrx_word' id='word_1_338' title='bbox 534 1745 816 1795; x_wconf 84' lang='grc' dir='ltr'>καθεστήκαμεν.</span> <span class='ocrx_word' id='word_1_339' title='bbox 841 1746 912 1784; x_wconf 84' lang='grc' dir='ltr'>Καὶ</span> <span class='ocrx_word' id='word_1_340' title='bbox 931 1744 1034 1783; x_wconf 88' lang='grc' dir='ltr'>πόθεν</span> <span class='ocrx_word' id='word_1_341' title='bbox 1056 1745 1159 1790; x_wconf 74' lang='grc' dir='ltr'>δῆλον</span> 
     </span>
     <span class='ocr_line' id='line_1_49' title="bbox 136 1813 1160 1866; baseline 0.001 -16"><span class='ocrx_word' id='word_1_342' title='bbox 136 1813 190 1851; x_wconf 80' lang='grc' dir='ltr'>ὅτι</span> <span class='ocrx_word' id='word_1_343' title='bbox 209 1813 430 1866; x_wconf 78' lang='grc' dir='ltr'>ἀπεστράφη,</span> <span class='ocrx_word' id='word_1_344' title='bbox 453 1814 573 1865; x_wconf 83' lang='grc' dir='ltr'>φησὶν,</span> <span class='ocrx_word' id='word_1_345' title='bbox 595 1817 689 1864; x_wconf 78' lang='grc' dir='ltr'>ἡμᾶς</span> <span class='ocrx_word' id='word_1_346' title='bbox 709 1817 726 1852; x_wconf 90' lang='lat'>6</span> <span class='ocrx_word' id='word_1_347' title='bbox 745 1815 854 1862; x_wconf 88' lang='grc' dir='ltr'>Θεός;</span> <span class='ocrx_word' id='word_1_348' title='bbox 876 1814 990 1865; x_wconf 80' lang='grc' dir='ltr'>Λόγου</span> <span class='ocrx_word' id='word_1_349' title='bbox 1018 1814 1087 1866; x_wconf 81' lang='grc' dir='ltr'>γὰρ</span> <span class='ocrx_word' id='word_1_350' title='bbox 1110 1815 1160 1853; x_wconf 86' lang='grc' dir='ltr'>ἔτι</span> 
     </span>
     <span class='ocr_line' id='line_1_50' title="bbox 138 1881 1160 1936; baseline 0 -17"><span class='ocrx_word' id='word_1_351' title='bbox 138 1881 241 1933; x_wconf 83' lang='grc' dir='ltr'>χρεία</span> <span class='ocrx_word' id='word_1_352' title='bbox 268 1882 328 1920; x_wconf 80' lang='grc' dir='ltr'>καὶ</span> <span class='ocrx_word' id='word_1_353' title='bbox 356 1882 582 1931; x_wconf 82' lang='grc' dir='ltr'>ἀποδείξεως;</span> <span class='ocrx_word' id='word_1_354' title='bbox 615 1884 693 1922; x_wconf 84' lang='grc' dir='ltr'>εἰπέ</span> <span class='ocrx_word' id='word_1_355' title='bbox 724 1900 793 1935; x_wconf 85' lang='grc' dir='ltr'>μοι.</span> <span class='ocrx_word' id='word_1_356' title='bbox 825 1886 909 1922; x_wconf 81' lang='grc' dir='ltr'>Τῶν</span> <span class='ocrx_word' id='word_1_357' title='bbox 940 1883 1160 1936; x_wconf 85' lang='grc' dir='ltr'>πραγμάτων</span> 
     </span>
     <span class='ocr_line' id='line_1_51' title="bbox 141 1951 1162 2006; baseline 0.003 -19"><span class='ocrx_word' id='word_1_358' title='bbox 141 1953 254 1989; x_wconf 84' lang='grc' dir='ltr'>αὐτῶν</span> <span class='ocrx_word' id='word_1_359' title='bbox 268 1951 444 2002; x_wconf 84' lang='grc' dir='ltr'>βοώντων,</span> <span class='ocrx_word' id='word_1_360' title='bbox 457 1954 516 1991; x_wconf 77' lang='grc' dir='ltr'>καὶ</span> <span class='ocrx_word' id='word_1_361' title='bbox 527 1955 719 2006; x_wconf 85' lang='grc' dir='ltr'>σάλπιγγος</span> <span class='ocrx_word' id='word_1_362' title='bbox 728 1953 979 2006; x_wconf 82' lang='grc' dir='ltr'>λαμπροτέραν</span> <span class='ocrx_word' id='word_1_363' title='bbox 991 1952 1162 2005; x_wconf 80' lang='grc' dir='ltr'>ἀφιέντων</span> 
     </span>
     <span class='ocr_line' id='line_1_52' title="bbox 140 2019 1163 2077; baseline 0.003 -20"><span class='ocrx_word' id='word_1_364' title='bbox 140 2019 269 2071; x_wconf 78' lang='grc' dir='ltr'>φωνὴν,</span> <span class='ocrx_word' id='word_1_365' title='bbox 289 2020 346 2059; x_wconf 83' lang='grc' dir='ltr'>διὰ</span> <span class='ocrx_word' id='word_1_366' title='bbox 365 2025 427 2069; x_wconf 74' lang='grc' dir='ltr'>τῆς</span> <span class='ocrx_word' id='word_1_367' title='bbox 445 2027 675 2077; x_wconf 74' lang='grc' dir='ltr'>κατασκαφῆς</span> <span class='ocrx_word' id='word_1_368' title='bbox 697 2028 759 2071; x_wconf 81' lang='grc' dir='ltr'>τ’ἧς</span> <span class='ocrx_word' id='word_1_369' title='bbox 777 2024 868 2062; x_wconf 83' lang='grc' dir='ltr'>κατὰ</span> <span class='ocrx_word' id='word_1_370' title='bbox 886 2025 948 2071; x_wconf 84' lang='grc' dir='ltr'>τὴν</span> <span class='ocrx_word' id='word_1_371' title='bbox 968 2023 1083 2069; x_wconf 88' lang='grc' dir='ltr'>πόλιν,</span> <span class='ocrx_word' id='word_1_372' title='bbox 1105 2022 1163 2061; x_wconf 82' lang='grc' dir='ltr'>διὰ</span> 
     </span>
     <span class='ocr_line' id='line_1_53' title="bbox 140 2090 1163 2142; baseline -0.003 -10"><span class='ocrx_word' id='word_1_373' title='bbox 140 2091 202 2135; x_wconf 69' lang='grc' dir='ltr'>τῆς</span> <span class='ocrx_word' id='word_1_374' title='bbox 226 2090 436 2142; x_wconf 81' lang='grc' dir='ltr'>ἐρημώσεως</span> <span class='ocrx_word' id='word_1_375' title='bbox 454 2097 514 2131; x_wconf 84' lang='grc' dir='ltr'>τοῦ</span> <span class='ocrx_word' id='word_1_376' title='bbox 532 2097 630 2142; x_wconf 87' lang='grc' dir='ltr'>ναοῦ,</span> <span class='ocrx_word' id='word_1_377' title='bbox 658 2094 719 2132; x_wconf 86' lang='grc' dir='ltr'>καὶ</span> <span class='ocrx_word' id='word_1_378' title='bbox 739 2094 796 2132; x_wconf 82' lang='grc' dir='ltr'>διὰ</span> <span class='ocrx_word' id='word_1_379' title='bbox 820 2096 889 2132; x_wconf 80' lang='grc' dir='ltr'>τῶν</span> <span class='ocrx_word' id='word_1_380' title='bbox 910 2093 1023 2132; x_wconf 81' lang='grc' dir='ltr'>ἄλλων</span> <span class='ocrx_word' id='word_1_381' title='bbox 1044 2092 1163 2130; x_wconf 77' lang='grc' dir='ltr'>ἁπάν-</span> 
     </span>
     <span class='ocr_line' id='line_1_54' title="bbox 143 2160 1164 2213; baseline 0.002 -17"><span class='ocrx_word' id='word_1_382' title='bbox 143 2174 211 2196; x_wconf 82' lang='grc' dir='ltr'>των</span> <span class='ocrx_word' id='word_1_383' title='bbox 238 2162 336 2198; x_wconf 59' lang='grc' dir='ltr'>ξιτῶν</span> <span class='ocrx_word' id='word_1_384' title='bbox 370 2163 417 2205; x_wconf 84' lang='grc' dir='ltr'>εἷς</span> <span class='ocrx_word' id='word_1_385' title='bbox 438 2165 528 2213; x_wconf 79' lang='grc' dir='ltr'>ὑμᾶς</span> <span class='ocrx_word' id='word_1_386' title='bbox 548 2162 842 2213; x_wconf 66' lang='grc' dir='ltr'>συμὸεδηκότων,</span> <span class='ocrx_word' id='word_1_387' title='bbox 877 2161 926 2200; x_wconf 83' lang='grc' dir='ltr'>ἔτι</span> <span class='ocrx_word' id='word_1_388' title='bbox 962 2162 1019 2199; x_wconf 80' lang='grc' dir='ltr'>διὰ</span> <span class='ocrx_word' id='word_1_389' title='bbox 1051 2160 1164 2212; x_wconf 88' lang='grc' dir='ltr'>λόγων</span> 
     </span>
     <span class='ocr_line' id='line_1_55' title="bbox 145 2227 1166 2282; baseline 0.001 -17"><span class='ocrx_word' id='word_1_390' title='bbox 145 2227 317 2272; x_wconf 84' lang='grc' dir='ltr'>ἀπόδειξιν</span> <span class='ocrx_word' id='word_1_391' title='bbox 338 2231 556 2278; x_wconf 78' lang='grc' dir='ltr'>ἐπιζητεῖτε;</span> <span class='ocrx_word' id='word_1_392' title='bbox 582 2231 674 2268; x_wconf 82' lang='grc' dir='ltr'>Ἀλλ’</span> <span class='ocrx_word' id='word_1_393' title='bbox 707 2230 898 2281; x_wconf 83' lang='grc' dir='ltr'>ἄνθρωποι,</span> <span class='ocrx_word' id='word_1_394' title='bbox 934 2229 1032 2282; x_wconf 79' lang='grc' dir='ltr'>φησὶ,</span> <span class='ocrx_word' id='word_1_395' title='bbox 1054 2232 1166 2266; x_wconf 87' lang='grc' dir='ltr'>ταῦτα</span> 
     </span>
     <span class='ocr_line' id='line_1_56' title="bbox 145 2292 1168 2350; baseline 0.001 -16"><span class='ocrx_word' id='word_1_396' title='bbox 145 2298 230 2346; x_wconf 84' lang='grc' dir='ltr'>ἡμῖν</span> <span class='ocrx_word' id='word_1_397' title='bbox 245 2297 437 2349; x_wconf 80' lang='grc' dir='ltr'>ἐπήγαγον,</span> <span class='ocrx_word' id='word_1_398' title='bbox 460 2301 525 2350; x_wconf 72' lang='grc' dir='ltr'>οὐχ</span> <span class='ocrx_word' id='word_1_399' title='bbox 543 2303 560 2337; x_wconf 89' lang='lat'>6</span> <span class='ocrx_word' id='word_1_400' title='bbox 582 2299 683 2342; x_wconf 90' lang='grc' dir='ltr'>Θεός.</span> <span class='ocrx_word' id='word_1_401' title='bbox 704 2298 871 2336; x_wconf 82' lang='grc' dir='ltr'>Μάλιστα</span> <span class='ocrx_word' id='word_1_402' title='bbox 892 2298 954 2348; x_wconf 81' lang='grc' dir='ltr'>μὲν</span> <span class='ocrx_word' id='word_1_403' title='bbox 973 2292 1030 2335; x_wconf 53' lang='lat' dir='ltr'>oilie</span> <span class='ocrx_word' id='word_1_404' title='bbox 1045 2301 1062 2336; x_wconf 92' lang='lat'>6</span> <span class='ocrx_word' id='word_1_405' title='bbox 1079 2298 1168 2342; x_wconf 80' lang='grc' dir='ltr'>Θεὸς</span> 
     </span>
     <span class='ocr_line' id='line_1_57' title="bbox 145 2365 1166 2420; baseline 0.003 -19"><span class='ocrx_word' id='word_1_406' title='bbox 145 2367 255 2402; x_wconf 85' lang='grc' dir='ltr'>ταῦτα</span> <span class='ocrx_word' id='word_1_407' title='bbox 287 2365 488 2418; x_wconf 86' lang='grc' dir='ltr'>εἰργάσατο.</span> <span class='ocrx_word' id='word_1_408' title='bbox 520 2369 564 2405; x_wconf 75' lang='grc' dir='ltr'>Εἰ</span> <span class='ocrx_word' id='word_1_409' title='bbox 595 2368 631 2405; x_wconf 81' lang='grc' dir='ltr'>δὲ</span> <span class='ocrx_word' id='word_1_410' title='bbox 665 2367 860 2420; x_wconf 82' lang='grc' dir='ltr'>ἀνθρώποις</span> <span class='ocrx_word' id='word_1_411' title='bbox 890 2373 1001 2407; x_wconf 86' lang='grc' dir='ltr'>ταῦτα</span> <span class='ocrx_word' id='word_1_412' title='bbox 1026 2368 1166 2420; x_wconf 85' lang='grc' dir='ltr'>λογίζῃ,</span> 
     </span>
     <span class='ocr_line' id='line_1_58' title="bbox 147 2432 1170 2490; baseline 0.005 -20"><span class='ocrx_word' id='word_1_413' title='bbox 147 2432 322 2480; x_wconf 87' lang='grc' dir='ltr'>σκόπησον</span> <span class='ocrx_word' id='word_1_414' title='bbox 343 2435 448 2474; x_wconf 88' lang='grc' dir='ltr'>πάλιν</span> <span class='ocrx_word' id='word_1_415' title='bbox 469 2438 592 2485; x_wconf 81' lang='grc' dir='ltr'>ἐκεῖνο,</span> <span class='ocrx_word' id='word_1_416' title='bbox 616 2437 670 2476; x_wconf 82' lang='grc' dir='ltr'>ὅτι</span> <span class='ocrx_word' id='word_1_417' title='bbox 700 2437 759 2475; x_wconf 87' lang='grc' dir='ltr'>καὶ</span> <span class='ocrx_word' id='word_1_418' title='bbox 781 2438 970 2488; x_wconf 81' lang='grc' dir='ltr'>ἅνθρωποι,</span> <span class='ocrx_word' id='word_1_419' title='bbox 989 2440 1019 2476; x_wconf 84' lang='grc' dir='ltr'>εἷ</span> <span class='ocrx_word' id='word_1_420' title='bbox 1051 2437 1099 2488; x_wconf 85' lang='grc' dir='ltr'>μὴ</span> <span class='ocrx_word' id='word_1_421' title='bbox 1121 2440 1170 2490; x_wconf 75' lang='grc' dir='ltr'>τῷ</span> 
     </span>
     <span class='ocr_line' id='line_1_59' title="bbox 147 2500 1170 2559; baseline 0.003 -18"><span class='ocrx_word' id='word_1_422' title='bbox 147 2504 231 2554; x_wconf 83' lang='grc' dir='ltr'>Θεῷ</span> <span class='ocrx_word' id='word_1_423' title='bbox 251 2503 372 2542; x_wconf 83' lang='grc' dir='ltr'>δοκοῦν</span> <span class='ocrx_word' id='word_1_424' title='bbox 390 2500 431 2552; x_wconf 68' lang='grc' dir='ltr'>ἦν</span> <span class='ocrx_word' id='word_1_425' title='bbox 446 2510 561 2553; x_wconf 85' lang='grc' dir='ltr'>τοῦτο,</span> <span class='ocrx_word' id='word_1_426' title='bbox 575 2508 604 2544; x_wconf 85' lang='grc' dir='ltr'>εἰ</span> <span class='ocrx_word' id='word_1_427' title='bbox 620 2507 679 2545; x_wconf 82' lang='grc' dir='ltr'>καὶ</span> <span class='ocrx_word' id='word_1_428' title='bbox 699 2507 873 2558; x_wconf 78' lang='grc' dir='ltr'>ἐτόλμων,</span> <span class='ocrx_word' id='word_1_429' title='bbox 889 2509 949 2546; x_wconf 82' lang='grc' dir='ltr'>οὐκ</span> <span class='ocrx_word' id='word_1_430' title='bbox 967 2507 1006 2544; x_wconf 84' lang='grc' dir='ltr'>ἂν</span> <span class='ocrx_word' id='word_1_431' title='bbox 1022 2507 1170 2559; x_wconf 71' lang='grc' dir='ltr'>ἴσχυσαν</span> 
     </span>
     <span class='ocr_line' id='line_1_60' title="bbox 155 2571 1172 2628; baseline 0.005 -20"><span class='ocrx_word' id='word_1_432' title='bbox 155 2572 202 2614; x_wconf 86' lang='grc' dir='ltr'>εἷς</span> <span class='ocrx_word' id='word_1_433' title='bbox 220 2571 329 2626; x_wconf 87' lang='grc' dir='ltr'>πέρας</span> <span class='ocrx_word' id='word_1_434' title='bbox 346 2574 436 2613; x_wconf 81' lang='grc' dir='ltr'>αὐτὰ</span> <span class='ocrx_word' id='word_1_435' title='bbox 454 2578 608 2627; x_wconf 85' lang='grc' dir='ltr'>ἀγαγεῖν.</span> <span class='ocrx_word' id='word_1_436' title='bbox 627 2575 717 2614; x_wconf 61' lang='grc' dir='ltr'>εΌτε</span> <span class='ocrx_word' id='word_1_437' title='bbox 735 2580 815 2627; x_wconf 83' lang='grc' dir='ltr'>γοῦν</span> <span class='ocrx_word' id='word_1_438' title='bbox 835 2577 899 2623; x_wconf 78' lang='grc' dir='ltr'>τὴν</span> <span class='ocrx_word' id='word_1_439' title='bbox 928 2576 1084 2628; x_wconf 80' lang='grc' dir='ltr'>Περσίδα</span> <span class='ocrx_word' id='word_1_440' title='bbox 1104 2582 1172 2614; x_wconf 83' lang='grc' dir='ltr'>πᾶ-</span> 
     </span>
     <span class='ocr_line' id='line_1_61' title="bbox 151 2638 1173 2696; baseline 0.006 -22"><span class='ocrx_word' id='word_1_441' title='bbox 151 2653 213 2676; x_wconf 89' lang='grc' dir='ltr'>σαν</span> <span class='ocrx_word' id='word_1_442' title='bbox 234 2638 249 2658; x_wconf 82' lang='lat'>¹¹</span> <span class='ocrx_word' id='word_1_443' title='bbox 265 2640 358 2692; x_wconf 80' lang='grc' dir='ltr'>ἄγων</span> <span class='ocrx_word' id='word_1_444' title='bbox 393 2644 540 2688; x_wconf 76' lang='grc' dir='ltr'>ἐπῆλθεν</span> <span class='ocrx_word' id='word_1_445' title='bbox 560 2647 577 2682; x_wconf 87' lang='lat'>6</span> <span class='ocrx_word' id='word_1_446' title='bbox 599 2643 793 2696; x_wconf 65' lang='grc' dir='ltr'>βάρῧαρος,</span> <span class='ocrx_word' id='word_1_447' title='bbox 820 2643 879 2681; x_wconf 80' lang='grc' dir='ltr'>καὶ</span> <span class='ocrx_word' id='word_1_448' title='bbox 912 2643 947 2688; x_wconf 81' lang='grc' dir='ltr'>ἐξ</span> <span class='ocrx_word' id='word_1_449' title='bbox 979 2645 1173 2696; x_wconf 74' lang='grc' dir='ltr'>ἐπιδρομῆς</span> 
     </span>
     <span class='ocr_line' id='line_1_62' title="bbox 152 2708 1171 2768; baseline 0.006 -23"><span class='ocrx_word' id='word_1_450' title='bbox 152 2708 309 2754; x_wconf 86' lang='grc' dir='ltr'>ἅπαντας</span> <span class='ocrx_word' id='word_1_451' title='bbox 326 2711 500 2764; x_wconf 80' lang='grc' dir='ltr'>λήψεσθαι</span> <span class='ocrx_word' id='word_1_452' title='bbox 517 2714 766 2768; x_wconf 82' lang='grc' dir='ltr'>προσεδόκησε,</span> <span class='ocrx_word' id='word_1_453' title='bbox 787 2714 845 2752; x_wconf 82' lang='grc' dir='ltr'>καὶ</span> <span class='ocrx_word' id='word_1_454' title='bbox 866 2714 1026 2767; x_wconf 82' lang='grc' dir='ltr'>καθάπερ</span> <span class='ocrx_word' id='word_1_455' title='bbox 1046 2717 1080 2753; x_wconf 79' lang='grc' dir='ltr'>ἐν</span> <span class='ocrx_word' id='word_1_456' title='bbox 1104 2731 1171 2751; x_wconf 86' lang='grc' dir='ltr'>σα-</span> 
     </span>
     <span class='ocr_line' id='line_1_63' title="bbox 152 2779 1171 2837; baseline 0.006 -20"><span class='ocrx_word' id='word_1_457' title='bbox 152 2779 241 2830; x_wconf 85' lang='grc' dir='ltr'>γήνῃ</span> <span class='ocrx_word' id='word_1_458' title='bbox 269 2782 336 2820; x_wconf 84' lang='grc' dir='ltr'>τινὶ</span> <span class='ocrx_word' id='word_1_459' title='bbox 365 2783 424 2821; x_wconf 80' lang='grc' dir='ltr'>καὶ</span> <span class='ocrx_word' id='word_1_460' title='bbox 444 2784 594 2828; x_wconf 77' lang='grc' dir='ltr'>δικτύοις</span> <span class='ocrx_word' id='word_1_461' title='bbox 624 2788 670 2828; x_wconf 88' lang='grc' dir='ltr'>εἷς</span> <span class='ocrx_word' id='word_1_462' title='bbox 695 2785 758 2832; x_wconf 87' lang='grc' dir='ltr'>τὴν</span> <span class='ocrx_word' id='word_1_463' title='bbox 779 2785 880 2824; x_wconf 89' lang='grc' dir='ltr'>πόλιν</span> <span class='ocrx_word' id='word_1_464' title='bbox 913 2786 1069 2829; x_wconf 86' lang='grc' dir='ltr'>ἅπαντας</span> <span class='ocrx_word' id='word_1_465' title='bbox 1098 2779 1171 2837; x_wconf 65' lang='grc' dir='ltr'>εἶχε</span> 
     </span>
     <span class='ocr_line' id='line_1_64' title="bbox 154 2852 1173 2907; baseline 0.008 -21"><span class='ocrx_word' id='word_1_466' title='bbox 154 2852 501 2902; x_wconf 85' lang='grc' dir='ltr'>συγκεκλεισμένους·</span> <span class='ocrx_word' id='word_1_467' title='bbox 527 2854 604 2907; x_wconf 64' lang='grc' dir='ltr'>οὐχὶ</span> <span class='ocrx_word' id='word_1_468' title='bbox 622 2855 699 2893; x_wconf 88' lang='grc' dir='ltr'>τότε</span> <span class='ocrx_word' id='word_1_469' title='bbox 718 2855 775 2901; x_wconf 81' lang='grc' dir='ltr'>δὴ,</span> <span class='ocrx_word' id='word_1_470' title='bbox 794 2856 884 2902; x_wconf 85' lang='grc' dir='ltr'>τότε,</span> <span class='ocrx_word' id='word_1_471' title='bbox 916 2856 1035 2903; x_wconf 79' lang='grc' dir='ltr'>ἐπειδὴ</span> <span class='ocrx_word' id='word_1_472' title='bbox 1052 2859 1069 2894; x_wconf 85' lang='grc' dir='ltr'>ὁ</span> <span class='ocrx_word' id='word_1_473' title='bbox 1084 2857 1173 2898; x_wconf 80' lang='grc' dir='ltr'>Θεὸς</span> 
     </span>
     <span class='ocr_line' id='line_1_65' title="bbox 151 2914 1171 2978; baseline 0.008 -24"><span class='ocrx_word' id='word_1_474' title='bbox 151 2917 251 2962; x_wconf 77' lang='grc' dir='ltr'>ἰ’λεως</span> <span class='ocrx_word' id='word_1_475' title='bbox 265 2914 320 2965; x_wconf 70' lang='grc' dir='ltr'>ἦν,</span> <span class='ocrx_word' id='word_1_476' title='bbox 331 2922 438 2974; x_wconf 71' lang='grc' dir='ltr'>χωρὶς</span> <span class='ocrx_word' id='word_1_477' title='bbox 452 2924 605 2975; x_wconf 89' lang='grc' dir='ltr'>πολέμου</span> <span class='ocrx_word' id='word_1_478' title='bbox 619 2925 677 2964; x_wconf 85' lang='grc' dir='ltr'>καὶ</span> <span class='ocrx_word' id='word_1_479' title='bbox 692 2926 810 2978; x_wconf 61' lang='grc' dir='ltr'>μάχης</span> <span class='ocrx_word' id='word_1_480' title='bbox 825 2930 883 2964; x_wconf 84' lang='grc' dir='ltr'>καὶ</span> <span class='ocrx_word' id='word_1_481' title='bbox 900 2927 1078 2975; x_wconf 68' lang='grc' dir='ltr'>συμὸολῆς</span> <span class='ocrx_word' id='word_1_482' title='bbox 1091 2929 1152 2964; x_wconf 82' lang='grc' dir='ltr'>ἑκα</span> <span class='ocrx_word' id='word_1_483' title='bbox 1162 2949 1171 2954; x_wconf 95' lang='grc'><strong>-</strong></span> 
     </span>
     <span class='ocr_line' id='line_1_66' title="bbox 154 2988 1171 3050; baseline 0.009 -25"><span class='ocrx_word' id='word_1_484' title='bbox 154 2988 212 3026; x_wconf 83' lang='grc' dir='ltr'>τὸν</span> <span class='ocrx_word' id='word_1_485' title='bbox 231 2991 443 3040; x_wconf 83' lang='grc' dir='ltr'>ὀγδοήκοντα</span> <span class='ocrx_word' id='word_1_486' title='bbox 457 2994 560 3033; x_wconf 86' lang='grc' dir='ltr'>πέντε</span> <span class='ocrx_word' id='word_1_487' title='bbox 577 2998 637 3047; x_wconf 80' lang='grc' dir='ltr'>χιλ</span> <span class='ocrx_word' id='word_1_488' title='bbox 659 2997 754 3040; x_wconf 80' lang='grc' dir='ltr'>ιάδας</span> <span class='ocrx_word' id='word_1_489' title='bbox 774 3000 998 3050; x_wconf 59' lang='lat' dir='ltr'>otpertum-&amp;v</span> <span class='ocrx_word' id='word_1_490' title='bbox 1029 2997 1171 3047; x_wconf 73' lang='grc' dir='ltr'>νεκροὺς</span> 
     </span>
     <span class='ocr_line' id='line_1_67' title="bbox 156 3059 1174 3118; baseline 0.005 -20"><span class='ocrx_word' id='word_1_491' title='bbox 156 3059 253 3110; x_wconf 70' lang='grc' dir='ltr'>ἀφεὶς</span> <span class='ocrx_word' id='word_1_492' title='bbox 272 3061 357 3113; x_wconf 86' lang='grc' dir='ltr'>παρ’</span> <span class='ocrx_word' id='word_1_493' title='bbox 375 3064 469 3112; x_wconf 79' lang='grc' dir='ltr'>ὑμῖν,</span> <span class='ocrx_word' id='word_1_494' title='bbox 486 3063 593 3107; x_wconf 75' lang='grc' dir='ltr'>οὕτως</span> <span class='ocrx_word' id='word_1_495' title='bbox 607 3064 742 3117; x_wconf 73' lang='grc' dir='ltr'>ἔφυγεν,</span> <span class='ocrx_word' id='word_1_496' title='bbox 759 3068 916 3118; x_wconf 78' lang='grc' dir='ltr'>ἀγαπῶν,</span> <span class='ocrx_word' id='word_1_497' title='bbox 937 3069 966 3104; x_wconf 80' lang='grc' dir='ltr'>εἰ</span> <span class='ocrx_word' id='word_1_498' title='bbox 987 3067 1174 3111; x_wconf 85' lang='grc' dir='ltr'>διασωθείη</span> 
     </span>
     <span class='ocr_line' id='line_1_68' title="bbox 156 3129 1174 3188; baseline 0.005 -21"><span class='ocrx_word' id='word_1_499' title='bbox 156 3129 275 3178; x_wconf 72' lang='grc' dir='ltr'>μόνος,</span> <span class='ocrx_word' id='word_1_500' title='bbox 293 3132 362 3170; x_wconf 75' lang='grc' dir='ltr'>Καὶ</span> <span class='ocrx_word' id='word_1_501' title='bbox 374 3132 498 3177; x_wconf 78' lang='grc' dir='ltr'>ἄλλους</span> <span class='ocrx_word' id='word_1_502' title='bbox 515 3134 549 3172; x_wconf 82' lang='grc' dir='ltr'>δὲ</span> <span class='ocrx_word' id='word_1_503' title='bbox 566 3136 707 3188; x_wconf 85' lang='grc' dir='ltr'>μυρίους</span> <span class='ocrx_word' id='word_1_504' title='bbox 728 3136 901 3187; x_wconf 84' lang='grc' dir='ltr'>πολέμους</span> <span class='ocrx_word' id='word_1_505' title='bbox 914 3137 1022 3178; x_wconf 75' lang='grc' dir='ltr'>οὕτως</span> <span class='ocrx_word' id='word_1_506' title='bbox 1044 3135 1174 3186; x_wconf 78' lang='grc' dir='ltr'>ἔκρινεν</span> 
     </span>
     <span class='ocr_line' id='line_1_69' title="bbox 157 3200 1173 3258; baseline 0.011 -23"><span class='ocrx_word' id='word_1_507' title='bbox 157 3204 174 3236; x_wconf 86' lang='lat'>‘0</span> <span class='ocrx_word' id='word_1_508' title='bbox 187 3200 275 3244; x_wconf 82' lang='grc' dir='ltr'>Θεὸς</span> <span class='ocrx_word' id='word_1_509' title='bbox 289 3203 468 3248; x_wconf 84' lang='grc' dir='ltr'>πολλάκις.</span> <span class='ocrx_word' id='word_1_510' title='bbox 481 3203 591 3244; x_wconf 59' lang='grc' dir='ltr'>’Ώστε</span> <span class='ocrx_word' id='word_1_511' title='bbox 614 3206 672 3244; x_wconf 71' lang='grc' dir='ltr'>καὶ</span> <span class='ocrx_word' id='word_1_512' title='bbox 688 3210 759 3252; x_wconf 75' lang='grc' dir='ltr'>νῦν,</span> <span class='ocrx_word' id='word_1_513' title='bbox 780 3210 809 3245; x_wconf 80' lang='grc' dir='ltr'>εἰ</span> <span class='ocrx_word' id='word_1_514' title='bbox 829 3207 876 3258; x_wconf 77' lang='grc' dir='ltr'>μὴ</span> <span class='ocrx_word' id='word_1_515' title='bbox 896 3208 995 3250; x_wconf 75' lang='grc' dir='ltr'>αὐτὸς</span> <span class='ocrx_word' id='word_1_516' title='bbox 1015 3203 1056 3254; x_wconf 70' lang='grc' dir='ltr'>ἧν</span> <span class='ocrx_word' id='word_1_517' title='bbox 1076 3212 1093 3246; x_wconf 85' lang='grc' dir='ltr'>ὁ</span> <span class='ocrx_word' id='word_1_518' title='bbox 1109 3225 1173 3246; x_wconf 79' lang='grc' dir='ltr'>κα-</span> 
     </span>
    </p>
   </div>
   <div class='ocr_carea' id='block_1_16' title="bbox 159 3271 1174 3330">
    <p class='ocr_par' dir='ltr' id='par_1_16' title="bbox 159 3271 1174 3330">
     <span class='ocr_line' id='line_1_70' title="bbox 159 3271 1174 3330; baseline 0.011 -23"><span class='ocrx_word' id='word_1_519' title='bbox 159 3271 273 3315; x_wconf 77' lang='grc' dir='ltr'>θάπαξ</span> <span class='ocrx_word' id='word_1_520' title='bbox 293 3277 381 3322; x_wconf 78' lang='grc' dir='ltr'>ὑμᾶς</span> <span class='ocrx_word' id='word_1_521' title='bbox 399 3276 510 3326; x_wconf 78' lang='grc' dir='ltr'>ἀφεὶς,</span> <span class='ocrx_word' id='word_1_522' title='bbox 525 3277 585 3314; x_wconf 78' lang='grc' dir='ltr'>οὐκ</span> <span class='ocrx_word' id='word_1_523' title='bbox 605 3277 644 3315; x_wconf 84' lang='grc' dir='ltr'>ἂν</span> <span class='ocrx_word' id='word_1_524' title='bbox 666 3278 812 3329; x_wconf 65' lang='grc' dir='ltr'>ἴσχυσαν</span> <span class='ocrx_word' id='word_1_525' title='bbox 829 3281 860 3316; x_wconf 76' lang='grc' dir='ltr'>οἱ</span> <span class='ocrx_word' id='word_1_526' title='bbox 880 3278 943 3324; x_wconf 85' lang='grc' dir='ltr'>τὴν</span> <span class='ocrx_word' id='word_1_527' title='bbox 960 3279 1059 3317; x_wconf 85' lang='grc' dir='ltr'>πόλιν</span> <span class='ocrx_word' id='word_1_528' title='bbox 1078 3281 1174 3330; x_wconf 77' lang='grc' dir='ltr'>ὑμῶν</span> 
     </span>
    </p>
   </div>
   <div class='ocr_carea' id='block_1_17' title="bbox 164 3412 1140 3504">
    <p class='ocr_par' dir='ltr' id='par_1_17' title="bbox 164 3412 1140 3504">
     <span class='ocr_line' id='line_1_71' title="bbox 210 3412 1140 3463; baseline 0.006 -18"><span class='ocrx_word' id='word_1_529' title='bbox 210 3422 221 3434; x_wconf 68' lang='lat' dir='ltr'>a</span> <span class='ocrx_word' id='word_1_530' title='bbox 237 3412 325 3452; x_wconf 59' lang='grc' dir='ltr'>Ηῖῑῖῐῖ,</span> <span class='ocrx_word' id='word_1_531' title='bbox 344 3423 401 3446; x_wconf 72' lang='grc' dir='ltr'>τῶν</span> <span class='ocrx_word' id='word_1_532' title='bbox 418 3419 455 3452; x_wconf 73' lang='lat' dir='ltr'>«I.-</span> <span class='ocrx_word' id='word_1_533' title='bbox 472 3418 547 3456; x_wconf 65' lang='grc' dir='ltr'>ὑμᾶς</span> <span class='ocrx_word' id='word_1_534' title='bbox 563 3421 798 3458; x_wconf 69' lang='grc' dir='ltr'>συμΰιδηκὸτων.</span> <span class='ocrx_word' id='word_1_535' title='bbox 815 3424 856 3451; x_wconf 69' lang='lat' dir='ltr'>dri</span> <span class='ocrx_word' id='word_1_536' title='bbox 870 3422 915 3450; x_wconf 62' lang='grc' dir='ltr'>διὰ</span> <span class='ocrx_word' id='word_1_537' title='bbox 933 3424 1023 3463; x_wconf 56' lang='grc' dir='ltr'>λόγων</span> <span class='ocrx_word' id='word_1_538' title='bbox 1040 3425 1140 3454; x_wconf 56' lang='lat' dir='ltr'>&lt;inmisi</span> 
     </span>
     <span class='ocr_line' id='line_1_72' title="bbox 164 3467 797 3504; baseline 0.006 -8"><span class='ocrx_word' id='word_1_539' title='bbox 164 3468 204 3503; x_wconf 69' lang='grc' dir='ltr'>Ξιν</span> <span class='ocrx_word' id='word_1_540' title='bbox 222 3467 706 3504; x_wconf 63' lang='lat' dir='ltr'>tn1;1;rair‹,‹t‹·m·111inuh-cvm</span> <span class='ocrx_word' id='word_1_541' title='bbox 724 3469 797 3500; x_wconf 61' lang='lat' dir='ltr'>Mssi.</span> 
     </span>
    </p>
   </div>
   <div class='ocr_carea' id='block_1_18' title="bbox 1210 3490 1257 3506">
    <p class='ocr_par' dir='ltr' id='par_1_18' title="bbox 1210 3490 1257 3506">
     <span class='ocr_line' id='line_1_73' title="bbox 1210 3490 1257 3506; baseline 0.021 -1"><span class='ocrx_word' id='word_1_542' title='bbox 1210 3490 1257 3506; x_wconf 69' lang='grc' dir='ltr'>εἰ·</span> 
     </span>
    </p>
   </div>
   <div class='ocr_carea' id='block_1_19' title="bbox 1232 1640 2202 3331">
    <p class='ocr_par' dir='ltr' id='par_1_19' title="bbox 1232 1640 2202 3331">
     <span class='ocr_line' id='line_1_74' title="bbox 1234 1640 2190 1694; baseline 0.008 -19"><span class='ocrx_word' id='word_1_543' title='bbox 1234 1652 1429 1689; x_wconf 82' lang='lat' dir='ltr'>gressorem</span> <span class='ocrx_word' id='word_1_544' title='bbox 1445 1640 1535 1691; x_wconf 85' lang='lat' dir='ltr'>legis</span> <span class='ocrx_word' id='word_1_545' title='bbox 1546 1669 1557 1686; x_wconf 90' lang='lat'><em>,</em></span> <span class='ocrx_word' id='word_1_546' title='bbox 1576 1640 1638 1678; x_wconf 84' lang='lat' dir='ltr'>sed</span> <span class='ocrx_word' id='word_1_547' title='bbox 1656 1642 1773 1694; x_wconf 89' lang='lat' dir='ltr'>ipsum</span> <span class='ocrx_word' id='word_1_548' title='bbox 1788 1643 1876 1694; x_wconf 85' lang='lat' dir='ltr'>legis</span> <span class='ocrx_word' id='word_1_549' title='bbox 1897 1644 2119 1682; x_wconf 85' lang='lat' dir='ltr'>conditorem</span> <span class='ocrx_word' id='word_1_550' title='bbox 2133 1675 2142 1692; x_wconf 86' lang='lat'>‚</span> <span class='ocrx_word' id='word_1_551' title='bbox 2157 1654 2190 1682; x_wconf 90' lang='lat' dir='ltr'>et</span> 
     </span>
     <span class='ocr_line' id='line_1_75' title="bbox 1232 1700 2191 1744; baseline 0.009 -9"><span class='ocrx_word' id='word_1_552' title='bbox 1232 1700 1547 1738; x_wconf 84' lang='lat' dir='ltr'>innumerabilium</span> <span class='ocrx_word' id='word_1_553' title='bbox 1568 1701 1744 1740; x_wconf 90' lang='lat' dir='ltr'>bonorum</span> <span class='ocrx_word' id='word_1_554' title='bbox 1761 1714 1944 1742; x_wconf 84' lang='lat' dir='ltr'>auctorem</span> <span class='ocrx_word' id='word_1_555' title='bbox 1959 1706 2065 1743; x_wconf 78' lang='lat' dir='ltr'>vobis</span> <span class='ocrx_word' id='word_1_556' title='bbox 2081 1705 2191 1744; x_wconf 75' lang='lat' dir='ltr'>adve-</span> 
     </span>
     <span class='ocr_line' id='line_1_76' title="bbox 1233 1760 2190 1816; baseline 0.008 -19"><span class='ocrx_word' id='word_1_557' title='bbox 1233 1760 1340 1800; x_wconf 89' lang='lat' dir='ltr'>nisse.</span> <span class='ocrx_word' id='word_1_558' title='bbox 1355 1760 1440 1798; x_wconf 90' lang='lat' dir='ltr'>Ideo</span> <span class='ocrx_word' id='word_1_559' title='bbox 1457 1775 1518 1799; x_wconf 89' lang='lat' dir='ltr'>vos</span> <span class='ocrx_word' id='word_1_560' title='bbox 1534 1763 1595 1812; x_wconf 89' lang='lat' dir='ltr'>qui</span> <span class='ocrx_word' id='word_1_561' title='bbox 1616 1763 1726 1816; x_wconf 89' lang='lat' dir='ltr'>impie</span> <span class='ocrx_word' id='word_1_562' title='bbox 1743 1765 1875 1803; x_wconf 85' lang='lat' dir='ltr'>fecistis</span> <span class='ocrx_word' id='word_1_563' title='bbox 1888 1766 2058 1805; x_wconf 84' lang='lat' dir='ltr'>adversus</span> <span class='ocrx_word' id='word_1_564' title='bbox 2070 1767 2190 1814; x_wconf 87' lang='lat' dir='ltr'>illum,</span> 
     </span>
     <span class='ocr_line' id='line_1_77' title="bbox 1233 1822 2192 1880; baseline 0.008 -22"><span class='ocrx_word' id='word_1_565' title='bbox 1233 1822 1269 1859; x_wconf 85' lang='lat' dir='ltr'>in</span> <span class='ocrx_word' id='word_1_566' title='bbox 1289 1823 1502 1861; x_wconf 89' lang='lat' dir='ltr'>contumelia</span> <span class='ocrx_word' id='word_1_567' title='bbox 1521 1832 1555 1861; x_wconf 87' lang='lat' dir='ltr'>et</span> <span class='ocrx_word' id='word_1_568' title='bbox 1570 1824 1764 1875; x_wconf 85' lang='lat' dir='ltr'>ignominia</span> <span class='ocrx_word' id='word_1_569' title='bbox 1779 1826 1931 1877; x_wconf 83' lang='lat' dir='ltr'>degitis;</span> <span class='ocrx_word' id='word_1_570' title='bbox 1949 1842 2011 1866; x_wconf 91' lang='lat' dir='ltr'>nos</span> <span class='ocrx_word' id='word_1_571' title='bbox 2028 1843 2112 1868; x_wconf 79' lang='lat' dir='ltr'>vero</span> <span class='ocrx_word' id='word_1_572' title='bbox 2129 1829 2192 1880; x_wconf 88' lang='lat' dir='ltr'>qui</span> 
     </span>
     <span class='ocr_line' id='line_1_78' title="bbox 1234 1882 2195 1941; baseline 0.01 -22"><span class='ocrx_word' id='word_1_573' title='bbox 1234 1882 1338 1920; x_wconf 89' lang='lat' dir='ltr'>illum</span> <span class='ocrx_word' id='word_1_574' title='bbox 1368 1883 1580 1933; x_wconf 83' lang='lat' dir='ltr'>adoramus,</span> <span class='ocrx_word' id='word_1_575' title='bbox 1600 1895 1701 1923; x_wconf 86' lang='lat' dir='ltr'>antea</span> <span class='ocrx_word' id='word_1_576' title='bbox 1733 1888 1836 1925; x_wconf 78' lang='lat' dir='ltr'>vohis</span> <span class='ocrx_word' id='word_1_577' title='bbox 1859 1890 2025 1927; x_wconf 87' lang='lat' dir='ltr'>omnibus</span> <span class='ocrx_word' id='word_1_578' title='bbox 2053 1890 2195 1941; x_wconf 87' lang='lat' dir='ltr'>ignobi-</span> 
     </span>
     <span class='ocr_line' id='line_1_79' title="bbox 1235 1943 2196 2003; baseline 0.008 -22"><span class='ocrx_word' id='word_1_579' title='bbox 1235 1943 1365 1991; x_wconf 86' lang='lat' dir='ltr'>liores,</span> <span class='ocrx_word' id='word_1_580' title='bbox 1387 1946 1521 1984; x_wconf 88' lang='lat' dir='ltr'>honorc</span> <span class='ocrx_word' id='word_1_581' title='bbox 1550 1961 1613 1984; x_wconf 82' lang='lat' dir='ltr'>vos</span> <span class='ocrx_word' id='word_1_582' title='bbox 1640 1961 1762 1986; x_wconf 91' lang='lat' dir='ltr'>omnes</span> <span class='ocrx_word' id='word_1_583' title='bbox 1791 1950 2042 2001; x_wconf 65' lang='lat' dir='ltr'>praecedimus,</span> <span class='ocrx_word' id='word_1_584' title='bbox 2063 1965 2196 2003; x_wconf 87' lang='lat' dir='ltr'>perque</span> 
     </span>
     <span class='ocr_line' id='line_1_80' title="bbox 1238 2005 2195 2056; baseline 0.008 -14"><span class='ocrx_word' id='word_1_585' title='bbox 1238 2005 1302 2042; x_wconf 91' lang='lat' dir='ltr'>Dei</span> <span class='ocrx_word' id='word_1_586' title='bbox 1317 2006 1468 2056; x_wconf 83' lang='lat' dir='ltr'>gratiam</span> <span class='ocrx_word' id='word_1_587' title='bbox 1481 2008 1757 2046; x_wconf 86' lang='lat' dir='ltr'>venerabiliores</span> <span class='ocrx_word' id='word_1_588' title='bbox 1770 2011 1873 2048; x_wconf 88' lang='lat' dir='ltr'>vobis</span> <span class='ocrx_word' id='word_1_589' title='bbox 1887 2011 2054 2049; x_wconf 87' lang='lat' dir='ltr'>omnibus</span> <span class='ocrx_word' id='word_1_590' title='bbox 2070 2026 2195 2050; x_wconf 90' lang='lat' dir='ltr'>sumus</span> 
     </span>
     <span class='ocr_line' id='line_1_81' title="bbox 1236 2066 2199 2124; baseline 0.008 -21"><span class='ocrx_word' id='word_1_591' title='bbox 1236 2075 1271 2104; x_wconf 90' lang='lat' dir='ltr'>et</span> <span class='ocrx_word' id='word_1_592' title='bbox 1285 2066 1320 2104; x_wconf 91' lang='lat' dir='ltr'>in</span> <span class='ocrx_word' id='word_1_593' title='bbox 1336 2068 1470 2119; x_wconf 83' lang='lat' dir='ltr'>majore</span> <span class='ocrx_word' id='word_1_594' title='bbox 1484 2068 1661 2119; x_wconf 81' lang='lat' dir='ltr'>dignitate</span> <span class='ocrx_word' id='word_1_595' title='bbox 1675 2070 1870 2108; x_wconf 85' lang='lat' dir='ltr'>constituti.</span> <span class='ocrx_word' id='word_1_596' title='bbox 1888 2072 1934 2110; x_wconf 77' lang='lat' dir='ltr'>Et</span> <span class='ocrx_word' id='word_1_597' title='bbox 1955 2072 2049 2110; x_wconf 91' lang='lat' dir='ltr'>unde</span> <span class='ocrx_word' id='word_1_598' title='bbox 2069 2073 2199 2124; x_wconf 86' lang='lat' dir='ltr'>liquet,</span> 
     </span>
     <span class='ocr_line' id='line_1_82' title="bbox 1236 2127 2194 2184; baseline 0.009 -20"><span class='ocrx_word' id='word_1_599' title='bbox 1236 2127 1425 2178; x_wconf 84' lang='lat' dir='ltr'>inquiunt,</span> <span class='ocrx_word' id='word_1_600' title='bbox 1453 2129 1551 2180; x_wconf 83' lang='lat' dir='ltr'>quod</span> <span class='ocrx_word' id='word_1_601' title='bbox 1578 2144 1641 2168; x_wconf 89' lang='lat' dir='ltr'>nos</span> <span class='ocrx_word' id='word_1_602' title='bbox 1671 2132 1804 2184; x_wconf 87' lang='lat' dir='ltr'>repulit</span> <span class='ocrx_word' id='word_1_603' title='bbox 1835 2133 1956 2171; x_wconf 74' lang='lat' dir='ltr'>Deus?</span> <span class='ocrx_word' id='word_1_604' title='bbox 1983 2136 2113 2182; x_wconf 68' lang='lat' dir='ltr'>Quaeso</span> <span class='ocrx_word' id='word_1_605' title='bbox 2146 2144 2194 2178; x_wconf 79' lang='lat' dir='ltr'>te,</span> 
     </span>
     <span class='ocr_line' id='line_1_83' title="bbox 1237 2189 2195 2242; baseline 0.009 -17"><span class='ocrx_word' id='word_1_606' title='bbox 1237 2189 1390 2227; x_wconf 88' lang='lat' dir='ltr'>etiamne</span> <span class='ocrx_word' id='word_1_607' title='bbox 1409 2204 1498 2241; x_wconf 86' lang='lat' dir='ltr'>opus</span> <span class='ocrx_word' id='word_1_608' title='bbox 1518 2199 1569 2228; x_wconf 86' lang='lat' dir='ltr'>est</span> <span class='ocrx_word' id='word_1_609' title='bbox 1588 2192 1655 2230; x_wconf 89' lang='lat' dir='ltr'>hoc</span> <span class='ocrx_word' id='word_1_610' title='bbox 1676 2192 1796 2231; x_wconf 86' lang='lat' dir='ltr'>verbis</span> <span class='ocrx_word' id='word_1_611' title='bbox 1823 2193 2068 2233; x_wconf 82' lang='lat' dir='ltr'>demonstrare</span> <span class='ocrx_word' id='word_1_612' title='bbox 2082 2226 2091 2242; x_wconf 87' lang='lat'><strong><em>,</em></strong></span> <span class='ocrx_word' id='word_1_613' title='bbox 2113 2211 2195 2235; x_wconf 91' lang='lat' dir='ltr'>cum</span> 
     </span>
     <span class='ocr_line' id='line_1_84' title="bbox 1240 2249 2198 2301; baseline 0.008 -15"><span class='ocrx_word' id='word_1_614' title='bbox 1240 2249 1317 2301; x_wconf 89' lang='lat' dir='ltr'>ipsa</span> <span class='ocrx_word' id='word_1_615' title='bbox 1335 2264 1389 2287; x_wconf 85' lang='lat' dir='ltr'>res</span> <span class='ocrx_word' id='word_1_616' title='bbox 1403 2250 1583 2297; x_wconf 82' lang='lat' dir='ltr'>clamitet,</span> <span class='ocrx_word' id='word_1_617' title='bbox 1599 2266 1639 2289; x_wconf 88' lang='lat' dir='ltr'>ac</span> <span class='ocrx_word' id='word_1_618' title='bbox 1652 2266 1774 2291; x_wconf 85' lang='lat' dir='ltr'>vocem</span> <span class='ocrx_word' id='word_1_619' title='bbox 1790 2254 1875 2291; x_wconf 81' lang='lat' dir='ltr'>tuba</span> <span class='ocrx_word' id='word_1_620' title='bbox 1892 2255 2081 2294; x_wconf 83' lang='lat' dir='ltr'>clariorem</span> <span class='ocrx_word' id='word_1_621' title='bbox 2096 2257 2198 2294; x_wconf 89' lang='lat' dir='ltr'>emit-</span> 
     </span>
     <span class='ocr_line' id='line_1_85' title="bbox 1238 2311 2198 2370; baseline 0.009 -24"><span class='ocrx_word' id='word_1_622' title='bbox 1238 2318 1305 2356; x_wconf 86' lang='lat' dir='ltr'>tat,</span> <span class='ocrx_word' id='word_1_623' title='bbox 1328 2318 1402 2347; x_wconf 86' lang='lat' dir='ltr'>tum</span> <span class='ocrx_word' id='word_1_624' title='bbox 1422 2325 1485 2362; x_wconf 87' lang='lat' dir='ltr'>per</span> <span class='ocrx_word' id='word_1_625' title='bbox 1507 2311 1606 2348; x_wconf 84' lang='lat' dir='ltr'>urbis</span> <span class='ocrx_word' id='word_1_626' title='bbox 1626 2314 1843 2352; x_wconf 82' lang='lat' dir='ltr'>eversionem</span> <span class='ocrx_word' id='word_1_627' title='bbox 1862 2344 1872 2363; x_wconf 92' lang='lat'>,</span> <span class='ocrx_word' id='word_1_628' title='bbox 1894 2324 1971 2352; x_wconf 82' lang='lat' dir='ltr'>tum</span> <span class='ocrx_word' id='word_1_629' title='bbox 1992 2331 2054 2366; x_wconf 85' lang='lat' dir='ltr'>per</span> <span class='ocrx_word' id='word_1_630' title='bbox 2074 2318 2198 2370; x_wconf 84' lang='lat' dir='ltr'>templi</span> 
     </span>
     <span class='ocr_line' id='line_1_86' title="bbox 1239 2368 2197 2422; baseline 0.008 -18"><span class='ocrx_word' id='word_1_631' title='bbox 1239 2368 1533 2417; x_wconf 80' lang='lat' dir='ltr'>destructionem,</span> <span class='ocrx_word' id='word_1_632' title='bbox 1564 2378 1640 2407; x_wconf 86' lang='lat' dir='ltr'>tum</span> <span class='ocrx_word' id='word_1_633' title='bbox 1671 2385 1733 2422; x_wconf 87' lang='lat' dir='ltr'>per</span> <span class='ocrx_word' id='word_1_634' title='bbox 1762 2381 1887 2409; x_wconf 63' lang='lat' dir='ltr'>caetera</span> <span class='ocrx_word' id='word_1_635' title='bbox 1914 2374 2057 2419; x_wconf 81' lang='lat' dir='ltr'>omnia,</span> <span class='ocrx_word' id='word_1_636' title='bbox 2077 2374 2197 2412; x_wconf 80' lang='lat' dir='ltr'>adhuc</span> 
     </span>
     <span class='ocr_line' id='line_1_87' title="bbox 1242 2428 2197 2474; baseline 0.008 -9"><span class='ocrx_word' id='word_1_637' title='bbox 1242 2428 1433 2466; x_wconf 84' lang='lat' dir='ltr'>verborum</span> <span class='ocrx_word' id='word_1_638' title='bbox 1452 2428 1789 2468; x_wconf 79' lang='lat' dir='ltr'>demonstrationem</span> <span class='ocrx_word' id='word_1_639' title='bbox 1809 2432 2043 2471; x_wconf 70' lang='lat' dir='ltr'>desideratis?</span> <span class='ocrx_word' id='word_1_640' title='bbox 2060 2436 2197 2474; x_wconf 69' lang='lat' dir='ltr'>verum</span> 
     </span>
     <span class='ocr_line' id='line_1_88' title="bbox 1244 2488 2197 2540; baseline 0.009 -15"><span class='ocrx_word' id='word_1_641' title='bbox 1244 2488 1424 2534; x_wconf 81' lang='lat' dir='ltr'>homines,</span> <span class='ocrx_word' id='word_1_642' title='bbox 1448 2489 1635 2540; x_wconf 87' lang='lat' dir='ltr'>inquiunt,</span> <span class='ocrx_word' id='word_1_643' title='bbox 1656 2492 1757 2529; x_wconf 82' lang='lat' dir='ltr'>nobis</span> <span class='ocrx_word' id='word_1_644' title='bbox 1787 2492 1862 2529; x_wconf 69' lang='lat' dir='ltr'>lure</span> <span class='ocrx_word' id='word_1_645' title='bbox 1884 2494 2103 2537; x_wconf 82' lang='lat' dir='ltr'>intulerunt,</span> <span class='ocrx_word' id='word_1_646' title='bbox 2127 2510 2197 2534; x_wconf 87' lang='lat' dir='ltr'>non</span> 
     </span>
     <span class='ocr_line' id='line_1_89' title="bbox 1244 2551 2197 2604; baseline 0.007 -17"><span class='ocrx_word' id='word_1_647' title='bbox 1244 2551 1352 2587; x_wconf 86' lang='lat' dir='ltr'>Deus.</span> <span class='ocrx_word' id='word_1_648' title='bbox 1369 2551 1444 2588; x_wconf 88' lang='lat' dir='ltr'>Imo</span> <span class='ocrx_word' id='word_1_649' title='bbox 1461 2552 1556 2588; x_wconf 83' lang='lat' dir='ltr'>Deus</span> <span class='ocrx_word' id='word_1_650' title='bbox 1575 2552 1638 2589; x_wconf 73' lang='lat' dir='ltr'>ista</span> <span class='ocrx_word' id='word_1_651' title='bbox 1657 2553 1881 2604; x_wconf 79' lang='lat' dir='ltr'>potissimum</span> <span class='ocrx_word' id='word_1_652' title='bbox 1897 2555 2025 2592; x_wconf 79' lang='lat' dir='ltr'>effecit.</span> <span class='ocrx_word' id='word_1_653' title='bbox 2042 2556 2147 2602; x_wconf 85' lang='lat' dir='ltr'>Quod</span> <span class='ocrx_word' id='word_1_654' title='bbox 2168 2558 2197 2594; x_wconf 77' lang='lat' dir='ltr'>si</span> 
     </span>
     <span class='ocr_line' id='line_1_90' title="bbox 1243 2611 2197 2664; baseline 0.008 -17"><span class='ocrx_word' id='word_1_655' title='bbox 1243 2611 1318 2648; x_wconf 76' lang='lat' dir='ltr'>haec</span> <span class='ocrx_word' id='word_1_656' title='bbox 1331 2611 1535 2649; x_wconf 84' lang='lat' dir='ltr'>homiuibus</span> <span class='ocrx_word' id='word_1_657' title='bbox 1550 2613 1720 2664; x_wconf 77' lang='lat' dir='ltr'>imputas,</span> <span class='ocrx_word' id='word_1_658' title='bbox 1737 2613 1826 2650; x_wconf 81' lang='lat' dir='ltr'>illud</span> <span class='ocrx_word' id='word_1_659' title='bbox 1842 2629 1982 2652; x_wconf 81' lang='lat' dir='ltr'>rursum</span> <span class='ocrx_word' id='word_1_660' title='bbox 1995 2616 2197 2661; x_wconf 76' lang='lat' dir='ltr'>considera,</span> 
     </span>
     <span class='ocr_line' id='line_1_91' title="bbox 1243 2671 2200 2721; baseline 0.008 -13"><span class='ocrx_word' id='word_1_661' title='bbox 1243 2671 1361 2721; x_wconf 88' lang='lat' dir='ltr'>quod,</span> <span class='ocrx_word' id='word_1_662' title='bbox 1381 2673 1444 2709; x_wconf 84' lang='lat' dir='ltr'>etsi</span> <span class='ocrx_word' id='word_1_663' title='bbox 1466 2672 1626 2710; x_wconf 82' lang='lat' dir='ltr'>homines</span> <span class='ocrx_word' id='word_1_664' title='bbox 1658 2674 1722 2711; x_wconf 78' lang='lat' dir='ltr'>ista</span> <span class='ocrx_word' id='word_1_665' title='bbox 1755 2674 1884 2712; x_wconf 80' lang='lat' dir='ltr'>fuerint</span> <span class='ocrx_word' id='word_1_666' title='bbox 1909 2677 1984 2712; x_wconf 71' lang='lat' dir='ltr'>ausi</span> <span class='ocrx_word' id='word_1_667' title='bbox 2002 2706 2011 2718; x_wconf 78' lang='grc'>,</span> <span class='ocrx_word' id='word_1_668' title='bbox 2035 2678 2102 2714; x_wconf 83' lang='lat' dir='ltr'>nisi</span> <span class='ocrx_word' id='word_1_669' title='bbox 2124 2680 2200 2716; x_wconf 72' lang='lat' dir='ltr'>Deo</span> 
     </span>
     <span class='ocr_line' id='line_1_92' title="bbox 1245 2733 2197 2790; baseline 0.008 -22"><span class='ocrx_word' id='word_1_670' title='bbox 1245 2733 1456 2784; x_wconf 76' lang='lat' dir='ltr'>placuisset,</span> <span class='ocrx_word' id='word_1_671' title='bbox 1482 2748 1549 2771; x_wconf 89' lang='lat' dir='ltr'>non</span> <span class='ocrx_word' id='word_1_672' title='bbox 1580 2735 1773 2786; x_wconf 74' lang='lat' dir='ltr'>potuissent</span> <span class='ocrx_word' id='word_1_673' title='bbox 1802 2736 1847 2772; x_wconf 75' lang='lat' dir='ltr'>ud</span> <span class='ocrx_word' id='word_1_674' title='bbox 1874 2737 2038 2774; x_wconf 62' lang='lat' dir='ltr'>ellectum</span> <span class='ocrx_word' id='word_1_675' title='bbox 2062 2739 2197 2790; x_wconf 82' lang='lat' dir='ltr'>perdu-</span> 
     </span>
     <span class='ocr_line' id='line_1_93' title="bbox 1244 2794 2198 2845; baseline 0.008 -15"><span class='ocrx_word' id='word_1_676' title='bbox 1244 2807 1332 2831; x_wconf 84' lang='lat' dir='ltr'>eere.</span> <span class='ocrx_word' id='word_1_677' title='bbox 1357 2794 1447 2831; x_wconf 81' lang='lat' dir='ltr'>Cum</span> <span class='ocrx_word' id='word_1_678' title='bbox 1474 2794 1584 2845; x_wconf 83' lang='lat' dir='ltr'>igitur</span> <span class='ocrx_word' id='word_1_679' title='bbox 1604 2795 1762 2832; x_wconf 73' lang='lat' dir='ltr'>irruisset</span> <span class='ocrx_word' id='word_1_680' title='bbox 1793 2796 1851 2833; x_wconf 81' lang='lat' dir='ltr'>ille</span> <span class='ocrx_word' id='word_1_681' title='bbox 1873 2796 2065 2839; x_wconf 77' lang='lat' dir='ltr'>l›.·u·l›.·n-us.</span> <span class='ocrx_word' id='word_1_682' title='bbox 2088 2808 2198 2838; x_wconf 72' lang='lat' dir='ltr'>totam</span> 
     </span>
     <span class='ocr_line' id='line_1_94' title="bbox 1246 2853 2196 2908; baseline 0.006 -17"><span class='ocrx_word' id='word_1_683' title='bbox 1246 2853 1423 2892; x_wconf 77' lang='lat' dir='ltr'>Persidem</span> <span class='ocrx_word' id='word_1_684' title='bbox 1451 2869 1569 2893; x_wconf 81' lang='lat' dir='ltr'>secum</span> <span class='ocrx_word' id='word_1_685' title='bbox 1596 2855 1747 2899; x_wconf 72' lang='lat' dir='ltr'>‹lm-ens,</span> <span class='ocrx_word' id='word_1_686' title='bbox 1777 2871 1921 2908; x_wconf 67' lang='lat' dir='ltr'>sperans</span> <span class='ocrx_word' id='word_1_687' title='bbox 1946 2858 2021 2895; x_wconf 73' lang='lat' dir='ltr'>forr</span> <span class='ocrx_word' id='word_1_688' title='bbox 2046 2869 2082 2896; x_wconf 88' lang='lat' dir='ltr'>ut</span> <span class='ocrx_word' id='word_1_689' title='bbox 2116 2861 2196 2897; x_wconf 88' lang='lat' dir='ltr'>uui·</span> 
     </span>
     <span class='ocr_line' id='line_1_95' title="bbox 1246 2914 2200 2967; baseline 0.007 -16"><span class='ocrx_word' id='word_1_690' title='bbox 1246 2929 1366 2952; x_wconf 79' lang='lat' dir='ltr'>versos</span> <span class='ocrx_word' id='word_1_691' title='bbox 1396 2914 1541 2953; x_wconf 76' lang='lat' dir='ltr'>adortus</span> <span class='ocrx_word' id='word_1_692' title='bbox 1571 2926 1727 2967; x_wconf 71' lang='lat' dir='ltr'>raperet,</span> <span class='ocrx_word' id='word_1_693' title='bbox 1750 2917 1929 2954; x_wconf 67' lang='lat' dir='ltr'>civitatem</span> <span class='ocrx_word' id='word_1_694' title='bbox 1958 2927 2067 2957; x_wconf 73' lang='lat' dir='ltr'>totam</span> <span class='ocrx_word' id='word_1_695' title='bbox 2101 2922 2200 2959; x_wconf 72' lang='lat' dir='ltr'>wlut</span> 
     </span>
     <span class='ocr_line' id='line_1_96' title="bbox 1246 2976 2201 3026; baseline 0.008 -14"><span class='ocrx_word' id='word_1_696' title='bbox 1246 2990 1373 3025; x_wconf 68' lang='lat' dir='ltr'>sagena</span> <span class='ocrx_word' id='word_1_697' title='bbox 1392 2976 1546 3026; x_wconf 72' lang='lat' dir='ltr'>quadam</span> <span class='ocrx_word' id='word_1_698' title='bbox 1567 2991 1606 3013; x_wconf 73' lang='lat' dir='ltr'>:ir</span> <span class='ocrx_word' id='word_1_699' title='bbox 1623 2979 1686 3014; x_wconf 66' lang='lat' dir='ltr'>reti</span> <span class='ocrx_word' id='word_1_700' title='bbox 1702 2978 1902 3015; x_wconf 59' lang='lat' dir='ltr'>rom-lumin</span> <span class='ocrx_word' id='word_1_701' title='bbox 1921 2979 2092 3018; x_wconf 64' lang='lat' dir='ltr'>habebut:</span> <span class='ocrx_word' id='word_1_702' title='bbox 2110 2996 2201 3019; x_wconf 83' lang='lat' dir='ltr'>nou-</span> 
     </span>
     <span class='ocr_line' id='line_1_97' title="bbox 1248 3038 2200 3088; baseline 0.008 -15"><span class='ocrx_word' id='word_1_703' title='bbox 1248 3052 1289 3074; x_wconf 63' lang='grc' dir='ltr'>ιιι·</span> <span class='ocrx_word' id='word_1_704' title='bbox 1307 3047 1404 3082; x_wconf 81' lang='lat' dir='ltr'>tune,</span> <span class='ocrx_word' id='word_1_705' title='bbox 1424 3047 1507 3074; x_wconf 84' lang='lat' dir='ltr'>tunc</span> <span class='ocrx_word' id='word_1_706' title='bbox 1526 3038 1670 3087; x_wconf 73' lang='lat' dir='ltr'>inquam</span> <span class='ocrx_word' id='word_1_707' title='bbox 1684 3069 1692 3080; x_wconf 82' lang='lat'>,</span> <span class='ocrx_word' id='word_1_708' title='bbox 1709 3041 1875 3088; x_wconf 71' lang='lat' dir='ltr'>quuumm</span> <span class='ocrx_word' id='word_1_709' title='bbox 1895 3042 1987 3077; x_wconf 66' lang='lat' dir='ltr'>neus</span> <span class='ocrx_word' id='word_1_710' title='bbox 2004 3052 2076 3079; x_wconf 70' lang='lat' dir='ltr'>erat</span> <span class='ocrx_word' id='word_1_711' title='bbox 2098 3043 2200 3081; x_wconf 69' lang='lat' dir='ltr'>votus</span> 
     </span>
     <span class='ocr_line' id='line_1_98' title="bbox 1247 3098 2200 3155; baseline 0.007 -21"><span class='ocrx_word' id='word_1_712' title='bbox 1247 3098 1435 3150; x_wconf 74' lang='lat' dir='ltr'>propitius,</span> <span class='ocrx_word' id='word_1_713' title='bbox 1451 3098 1584 3148; x_wconf 70' lang='lat' dir='ltr'>ubsque</span> <span class='ocrx_word' id='word_1_714' title='bbox 1601 3098 1706 3142; x_wconf 63' lang='lat' dir='ltr'>bello,</span> <span class='ocrx_word' id='word_1_715' title='bbox 1724 3101 1796 3136; x_wconf 59' lang='lat' dir='ltr'>siut·</span> <span class='ocrx_word' id='word_1_716' title='bbox 1811 3101 1996 3145; x_wconf 71' lang='lat' dir='ltr'>conflictu,</span> <span class='ocrx_word' id='word_1_717' title='bbox 2015 3103 2090 3139; x_wconf 72' lang='lat' dir='ltr'>sim·</span> <span class='ocrx_word' id='word_1_718' title='bbox 2109 3118 2200 3155; x_wconf 65' lang='lat' dir='ltr'>prx-</span> 
     </span>
     <span class='ocr_line' id='line_1_99' title="bbox 1249 3159 2202 3211; baseline 0.008 -16"><span class='ocrx_word' id='word_1_719' title='bbox 1249 3159 1296 3195; x_wconf 85' lang='lat' dir='ltr'>lio</span> <span class='ocrx_word' id='word_1_720' title='bbox 1327 3168 1467 3195; x_wconf 76' lang='lat' dir='ltr'>rentum</span> <span class='ocrx_word' id='word_1_721' title='bbox 1490 3159 1667 3208; x_wconf 66' lang='lat' dir='ltr'>octogiuta</span> <span class='ocrx_word' id='word_1_722' title='bbox 1688 3160 1845 3211; x_wconf 75' lang='lat' dir='ltr'>quinque</span> <span class='ocrx_word' id='word_1_723' title='bbox 1866 3162 2026 3199; x_wconf 73' lang='lat' dir='ltr'>millibus</span> <span class='ocrx_word' id='word_1_724' title='bbox 2045 3165 2202 3203; x_wconf 78' lang='lat' dir='ltr'>militum</span> 
     </span>
     <span class='ocr_line' id='line_1_100' title="bbox 1249 3221 2200 3273; baseline 0.009 -17"><span class='ocrx_word' id='word_1_725' title='bbox 1249 3221 1511 3257; x_wconf 74' lang='lat' dir='ltr'>interfectorum</span> <span class='ocrx_word' id='word_1_726' title='bbox 1536 3221 1765 3270; x_wconf 65' lang='lat' dir='ltr'>Assyriorum</span> <span class='ocrx_word' id='word_1_727' title='bbox 1782 3222 1878 3273; x_wconf 71' lang='lat' dir='ltr'>apud</span> <span class='ocrx_word' id='word_1_728' title='bbox 1902 3238 1963 3260; x_wconf 64' lang='lat' dir='ltr'>ms</span> <span class='ocrx_word' id='word_1_729' title='bbox 1985 3226 2131 3267; x_wconf 52' lang='lat' dir='ltr'>relictis.</span> <span class='ocrx_word' id='word_1_730' title='bbox 2153 3227 2200 3265; x_wconf 70' lang='lat' dir='ltr'>ita</span> 
     </span>
     <span class='ocr_line' id='line_1_101' title="bbox 1250 3281 2198 3331; baseline 0.006 -13"><span class='ocrx_word' id='word_1_731' title='bbox 1250 3283 1356 3331; x_wconf 67' lang='lat' dir='ltr'>fugit,</span> <span class='ocrx_word' id='word_1_732' title='bbox 1379 3290 1414 3318; x_wconf 84' lang='lat' dir='ltr'>ut</span> <span class='ocrx_word' id='word_1_733' title='bbox 1431 3281 1514 3318; x_wconf 71' lang='lat' dir='ltr'>sutis·</span> <span class='ocrx_word' id='word_1_734' title='bbox 1535 3281 1690 3324; x_wconf 68' lang='lat' dir='ltr'>buln-ret.</span> <span class='ocrx_word' id='word_1_735' title='bbox 1710 3282 1739 3320; x_wconf 77' lang='lat' dir='ltr'>si</span> <span class='ocrx_word' id='word_1_736' title='bbox 1759 3284 1856 3321; x_wconf 71' lang='lat' dir='ltr'>solus</span> <span class='ocrx_word' id='word_1_737' title='bbox 1875 3285 2038 3325; x_wconf 53' lang='lat' dir='ltr'>unuh-rot</span> <span class='ocrx_word' id='word_1_738' title='bbox 2058 3288 2198 3326; x_wconf 72' lang='lat' dir='ltr'>incolu-</span> 
     </span>
    </p>
   </div>
   <div class='ocr_carea' id='block_1_20' title="bbox 1252 3421 2196 3472">
    <p class='ocr_par' dir='ltr' id='par_1_20' title="bbox 1252 3421 2196 3472">
     <span class='ocr_line' id='line_1_102' title="bbox 1252 3421 2196 3472; baseline 0.015 -24"><span class='ocrx_word' id='word_1_739' title='bbox 1252 3421 1266 3441; x_wconf 74' lang='lat' dir='ltr'>t.</span> <span class='ocrx_word' id='word_1_740' title='bbox 1292 3421 1351 3452; x_wconf 70' lang='grc' dir='ltr'>ΛΙὶί</span> <span class='ocrx_word' id='word_1_741' title='bbox 1370 3430 1457 3462; x_wconf 49' lang='lat' dir='ltr'>“ks-‘²&#39;-</span> <span class='ocrx_word' id='word_1_742' title='bbox 1475 3421 1595 3466; x_wconf 56' lang='lat' dir='ltr'>{Mouh</span> <span class='ocrx_word' id='word_1_743' title='bbox 1616 3429 1651 3464; x_wconf 54' lang='grc' dir='ltr'>,ὲ-,ι</span> <span class='ocrx_word' id='word_1_744' title='bbox 1665 3442 1744 3465; x_wconf 53' lang='lat'>&#39;‘¹⁰&#39;&#39;</span> <span class='ocrx_word' id='word_1_745' title='bbox 1765 3424 1864 3457; x_wconf 73' lang='lat' dir='ltr'>l&#39;nulo</span> <span class='ocrx_word' id='word_1_746' title='bbox 1881 3435 1958 3458; x_wconf 77' lang='lat' dir='ltr'>unte</span> <span class='ocrx_word' id='word_1_747' title='bbox 1974 3428 2029 3459; x_wconf 68' lang='lat' dir='ltr'>Sex</span> <span class='ocrx_word' id='word_1_748' title='bbox 2044 3452 2050 3460; x_wconf 93' lang='lat'><strong><em>.</em></strong></span> <span class='ocrx_word' id='word_1_749' title='bbox 2070 3436 2152 3472; x_wconf 49' lang='grc' dir='ltr'>ι’·-ιέμ</span> <span class='ocrx_word' id='word_1_750' title='bbox 2179 3461 2196 3471; x_wconf 75' lang='grc'>,,</span> 
     </span>
    </p>
   </div>
   <div class='ocr_carea' id='block_1_21' title="bbox 1277 3476 1370 3517">
    <p class='ocr_par' dir='ltr' id='par_1_21' title="bbox 1277 3476 1370 3517">
     <span class='ocr_line' id='line_1_103' title="bbox 1277 3476 1370 3517; baseline 0.022 -2"><span class='ocrx_word' id='word_1_751' title='bbox 1277 3476 1370 3517; x_wconf 51' lang='lat' dir='ltr'>1&#39;0&#39;·l</span> 
     </span>
    </p>
   </div>
  </div>
 </body>
</html>
