2253 3830
985 426 1041 466 IN
1078 426 1228 465 DUAS

357 589 607 638 JOANNIS
642 587 1077 636 CHRYSOSTOMI
1111 587 1195 633 AD
1231 586 1624 634 THEODORUM
1660 585 1906 632 LAPSUM

700 761 1045 802 PARAENESES
1088 761 1197 800 SEU
1239 760 1557 799 EPISTOLAS

824 926 1370 1010 MONITUM
1389 988 1406 1006 .

145 1143 187 1181 In
212 1141 366 1181 editione
385 1139 567 1180 Saviliana
590 1139 645 1177 hae
673 1138 754 1177 duae
781 1140 982 1178 Paraeneses
1005 1138 1099 1188 sive,
1117 1147 1157 1175 ut
1175 1137 1334 1177 Savilius
1355 1146 1478 1184 vocat,
1496 1136 1678 1175 Orationes
1698 1137 1923 1189 transpositae
1942 1145 2044 1186 sunt;
2065 1137 2112 1175 ita
2131 1147 2172 1175 ut

89 1219 171 1256 quae
187 1205 287 1258 prior
305 1218 379 1242 esse
396 1203 580 1252 debuerat,
597 1202 642 1241 sit
660 1203 847 1255 posterior.
867 1205 987 1255 Ipsam
1006 1216 1112 1255 porro
1130 1201 1257 1240 Savilii
1281 1209 1420 1249 notam,
1437 1200 1628 1238 observatu
1650 1210 1743 1238 certe
1761 1200 1908 1252 dignam
1921 1229 1931 1246 ,
1949 1200 2021 1239 huc
2038 1201 2172 1253 partim

89 1268 216 1306 afferre
233 1282 346 1320 operae
361 1269 516 1320 pretium
533 1266 649 1304 fuerit.
664 1283 684 1303 «
696 1267 737 1304 In
753 1266 821 1304 hac
837 1266 992 1305 editione
1007 1279 1128 1304 errore
1143 1264 1260 1302 nescio
1277 1277 1347 1314 quo
1364 1264 1587 1316 transpositae
1608 1273 1688 1302 sunt
1703 1264 1778 1302 istae
1791 1264 1873 1302 duae
1889 1265 1975 1317 πρὸς
1987 1264 2170 1316 Θεόδωρον

90 1331 285 1370 ἐκπεσόντα
298 1331 472 1369 orationes
485 1360 496 1379 ‚
515 1338 550 1367 et
569 1343 646 1380 quae
665 1329 762 1381 prior
777 1343 850 1367 esse
868 1328 1013 1374 debuit,
1036 1327 1230 1380 posteriore
1248 1327 1326 1364 loco
1346 1327 1541 1364 collocatur
1555 1356 1566 1376 ‚
1588 1335 1622 1364 et
1641 1341 1719 1377 quae
1736 1326 1910 1378 posterior
1925 1357 1934 1375 ,
1948 1328 2086 1378 priore:
2100 1340 2172 1364 cor-

88 1403 224 1431 rectore
251 1402 370 1431 nostro
388 1392 634 1430 auctoritatem
647 1422 657 1439 ‚
675 1401 830 1443 utputo,
850 1400 998 1442 sequuto
1015 1390 1182 1428 editionis
1201 1389 1424 1440 Moguntinae
1445 1391 1514 1426 τῶν
1538 1389 1828 1439 ἀπανθισμάτων,
1847 1389 1911 1426 ubi
1929 1389 1980 1427 sic
2000 1389 2168 1427 citantur.

89 1456 202 1492 Porro
221 1455 518 1506 hujusorationis
530 1484 539 1500 ‚
560 1468 640 1504 quae
654 1454 691 1491 in
707 1463 825 1491 nostra
841 1454 997 1491 editione
1017 1462 1140 1490 octava
1156 1461 1230 1500 est,
1253 1451 1414 1488 meminit
1430 1451 1629 1500 magnificis
1646 1465 1726 1488 cum
1753 1451 1941 1501 praeconiis
1956 1451 2172 1489 Sozomenus

89 1517 154 1555 lib.
183 1518 230 1565 8,
258 1533 335 1569 cap.
355 1520 401 1565 2,
425 1518 526 1568 cujus
544 1516 654 1555 verba
682 1530 702 1553 a
731 1531 787 1554 me
815 1531 884 1567 qua
909 1531 929 1553 a
964 1515 1079 1553 Codd.
1111 1517 1197 1552 Mss.
1213 1544 1222 1562 ‚
1241 1529 1311 1565 qua
1336 1528 1356 1551 a
1383 1513 1596 1565 conjecturis
1615 1513 1857 1552 emendatiora
1876 1514 1968 1551 facta
1980 1514 2099 1551 visum
2121 1523 2174 1551 est

88 1579 300 1618 adscribere.
329 1582 381 1619 Οὐ
417 1580 519 1630 μόνος
553 1579 588 1616 δὲ
610 1584 619 1621 (,
634 1579 938 1630 Chrysostomus)
967 1578 1064 1630 παρὰ
1098 1578 1231 1620 τούτοις
1257 1577 1441 1624 (Carterio
1470 1586 1503 1614 et
1530 1577 1715 1624 Diodoro)
1744 1576 1878 1628 ἐφοίτα·
1904 1576 2020 1614 ἔπεισε
2046 1577 2082 1614 δὲ
2111 1579 2175 1623 τ’ῆς

89 1642 195 1678 αὐτοῦ
208 1640 276 1688 (al.
297 1643 425 1687 αὐτῆς)
445 1640 589 1690 γνώμης
606 1634 694 1677 εἶναι
718 1638 876 1692 ἑταίρους
896 1642 1001 1677 αὐτοῦ
1022 1639 1227 1690 γενομένους
1251 1639 1290 1675 ἐκ
1310 1641 1372 1683 τῆς
1397 1637 1567 1676 Λιὲανιόυ
1590 1637 1774 1688 διατριὸἧς
1788 1668 1796 1682 ,
1817 1637 2000 1688 Θεόδωρόν
2015 1653 2095 1675 τινα
2115 1638 2175 1675 καὶ

87 1703 265 1754 Μάξιμον·
285 1696 332 1740 ὧν
348 1706 366 1741 ὁ
380 1702 442 1753 μὲν
466 1702 700 1754 (Maximus)
719 1701 862 1754 ὕστερον
881 1702 1071 1745 ἐπίσκοπος
1094 1702 1231 1754 ἐγένετο
1257 1700 1466 1743 Σελευκείας
1484 1702 1548 1746 τῆς
1568 1699 1759 1750 Ἰσαύρων,
1779 1701 1905 1752 Μόψου
1929 1701 1964 1738 δὲ
1981 1700 2097 1745 ἑστίας
2111 1704 2176 1748 τῆς

88 1766 253 1810 Κιλικίας
272 1765 465 1818 Θεόδωρος·
482 1765 595 1816 [πρὸς
605 1764 641 1803 ὃν
652 1765 804 1803 πεσόντα
820 1765 949 1817 γράφει
961 1769 978 1804 ὅ
995 1769 1082 1809 θεῖος
1093 1764 1344 1818 Χρυσόστομος
1354 1763 1542 1810 ἐπιστολὴν
1561 1763 1724 1814 δευτέραν
1737 1764 1772 1812 ],
1790 1772 1856 1800 etc.
1871 1779 1890 1798 ι)
1901 1763 1984 1801 Haec
1998 1772 2176 1815 postrema

87 1827 199 1866 verba
229 1827 370 1865 uncinis
388 1827 525 1865 inclusa
547 1827 583 1865 in
611 1826 768 1865 editione
791 1827 939 1865 Roberti
959 1827 1133 1879 Stephani
1162 1836 1197 1864 et
1223 1825 1540 1877 Christophorsoni
1560 1824 1763 1862 habentur:
1788 1824 1920 1863 horum
1939 1839 2026 1863 vero
2050 1840 2174 1865 sensus

88 1898 164 1927 est:
179 1889 316 1928 Divum
333 1889 632 1942 Chrysostomum
648 1888 843 1927 secundam
859 1889 1046 1941 epistolam
1065 1888 1248 1940 scripsisse
1267 1887 1314 1925 ad
1334 1888 1568 1925 Theodorum
1583 1886 1727 1939 lapsum
1745 1902 1753 1923 ε
1771 1901 1849 1937 quae
1868 1887 2027 1925 clausula
2047 1889 2076 1926 si
2092 1903 2176 1928 vere

89 1953 271 1990 Sozomeni
291 1961 400 1998 esset,
415 1953 568 2004 alicujus
589 1953 625 1989 in
638 1966 676 1989 re
691 1966 800 2003 quam
819 1961 1014 1990 tractamus
1029 1952 1198 1990 momenti
1216 1952 1305 1989 foret
1320 1966 1332 2001 3
1351 1965 1479 1989 verum
1495 1964 1573 1988 eam
1586 1964 1606 1988 a
1625 1950 1776 1988 librario
1799 1951 1969 2002 quopiam
1989 1951 2174 1991 inductam

89 2013 198 2051 fuisse
214 2022 316 2066 putat
333 2013 508 2052 Henricus
525 2013 705 2060 Valesius,
720 2014 786 2052 hac
804 2023 988 2066 permotus
1006 2014 1156 2063 ratione,
1173 2027 1280 2064 quam
1291 2022 1396 2051 etnos
1412 2012 1628 2065 probamus:
1644 2012 1813 2052 videlicet
1826 2014 1999 2051 Joannem
2014 2022 2176 2052 nostrum

90 2076 275 2114 Sozomeni
292 2090 368 2115 aevo
388 2075 547 2114 nondum
563 2076 811 2129 Chrysostomi
826 2091 954 2115 nomen
973 2076 1143 2129 adeptum
1159 2076 1269 2115 fuisse
1286 2092 1297 2115 ι
1314 2089 1395 2114 cum
1415 2085 1534 2113 autem
1548 2075 1585 2113 in
1607 2074 1728 2113 codice
1751 2075 1952 2114 Fuketiano
1977 2075 2053 2114 baec
2071 2076 2176 2114 clau—

91 2138 170 2175 sula
184 2151 254 2176 non
270 2147 450 2187 exstaret,
472 2138 572 2176 illam
595 2140 774 2191 expunxit
789 2139 969 2179 Valesius.
994 2139 1155 2178 Savilius
1180 2139 1287 2177 etiam
1310 2138 1371 2189 qui
1395 2138 1494 2176 illam
1521 2137 1661 2175 uncinis
1688 2138 1858 2185 inclusit,
1875 2147 2075 2189 suspectam
2104 2138 2175 2176 lia-

91 2199 210 2238 buisse
222 2200 377 2240 videtur.
394 2201 579 2240 Sozomeni
594 2215 678 2253 ergo
691 2203 791 2241 locus
807 2203 857 2240 sic
872 2203 998 2251 habet;
1019 2203 1145 2242 Graeca
1165 2216 1248 2240 vero
1272 2201 1460 2239 brevitatis
1485 2215 1589 2239 causa
1612 2202 1837 2253 praeterimus
1856 2219 1862 2238 :
1886 2217 1904 2236 «
1925 2202 2049 2252 Neque
2078 2202 2176 2239 solus

93 2263 290 2312 (Joannes)
305 2262 371 2300 hos
387 2263 575 2314 magistros
594 2265 718 2302 adibat
730 2264 953 2313 (Carterium
968 2273 1001 2302 et
1015 2263 1265 2313 Diodorum),
1288 2262 1351 2301 sed
1371 2263 1478 2301 etiam
1503 2276 1586 2300 suos
1602 2276 1647 2300 ex
1667 2262 1817 2300 Libani}
1835 2262 1957 2300 schola
1975 2261 2112 2300 sodales
2131 2262 2177 2300 ad

92 2323 252 2375 idipsum
273 2325 450 2376 agendum
468 2325 637 2371 induxit,
657 2327 890 2365 Theodorum
907 2341 1035 2379 nempe
1050 2336 1083 2364 et
1102 2326 1306 2365 Maximum
1328 2341 1337 2362 ε
1356 2339 1512 2376 quorum
1532 2325 1591 2362 hic
1609 2324 1757 2375 quidem
1775 2325 1946 2364 Seleuciae
1973 2326 2009 2362 in
2042 2325 2176 2363 Isauria

92 2387 281 2439 episcopus
297 2387 463 2439 deinceps
481 2388 568 2435 fuit,
585 2389 798 2428 Theodorus
811 2390 999 2442 episcopus
1016 2389 1243 2441 Mopsuestiae
1264 2390 1299 2427 in
1321 2389 1448 2426 Cilicia
1461 2418 1472 2438 ,
1493 2388 1551 2426 vir
1570 2389 1606 2426 in
1626 2388 1736 2426 sacris
1754 2388 1953 2440 Scripturis
1977 2397 2010 2425 et
2035 2388 2071 2425 in
2091 2388 2177 2426 reli-

95 2450 175 2500 quis
192 2449 392 2502 disciplinis
418 2452 602 2490 rhetorum
635 2462 669 2490 et
698 2454 997 2506 philosophorum
1015 2454 1177 2505 apprime
1195 2452 1371 2491 eruditus.
1396 2455 1512 2503 Atque
1536 2453 1596 2490 hic
1620 2452 1766 2503 quidem
1783 2467 1864 2491 cum
1884 2452 2019 2491 divinis
2037 2453 2177 2504 legibus

94 2512 198 2550 initio
218 2512 319 2551 daret
331 2527 492 2565 operam,
504 2524 537 2553 et
553 2528 635 2553 cum
650 2517 780 2554 sanctis
795 2517 884 2554 viris
898 2526 1118 2563 versaretur,
1136 2516 1205 2553 hoc
1224 2514 1372 2553 vivendi
1393 2515 1598 2552 institutum
1621 2516 1817 2566 probabat,
1832 2515 2046 2565 civilemque
2065 2517 2176 2553 vitam

91 2574 298 2614 damnabat.
320 2578 458 2616 Verum
477 2577 514 2614 in
533 2579 716 2630 proposito
733 2593 801 2617 non
817 2580 1078 2632 perseveravit,
1098 2587 1303 2628 mutataque
1317 2577 1486 2614 sententia
1500 2606 1509 2621 ‚
1525 2576 1571 2614 ad
1590 2578 1776 2628 pristinam
1794 2578 1907 2615 vitam
1923 2578 2094 2628 abreptus
2108 2587 2174 2616 cst.

93 2639 276 2689 Cumque,
293 2648 333 2677 ut
352 2639 388 2677 in
409 2654 506 2678 more
521 2649 592 2686 est,
616 2642 838 2694 propositum
858 2656 965 2680 suum
988 2657 1034 2680 cx
1054 2651 1215 2680 veterum
1240 2640 1414 2692 exemplis
1439 2638 1640 2677 defenderet
1656 2670 1664 2681 ,
1690 2639 1891 2677 eruditione
1910 2654 2061 2691 namque
2081 2656 2177 2693 pra:-

94 2700 192 2739 ditus
207 2712 307 2750 erat,
330 2702 364 2740 in
390 2703 513 2741 urbem
533 2704 662 2754 rediit,
682 2704 750 2743 hoc
773 2705 961 2743 consilium
981 2705 1131 2758 pristino
1159 2713 1388 2756 anteponens.
1417 2703 1578 2752 Cumque
1594 2703 1821 2754 comperisset
1848 2705 2000 2742 Joannes
2028 2718 2109 2741 eum
2140 2704 2175 2741 in

94 2763 325 2802 saecularibus
356 2765 506 2815 negotiis
536 2768 690 2814 versari,
709 2776 742 2805 et
770 2767 815 2805 de
841 2782 955 2805 uxore
983 2767 1146 2805 ducenda
1177 2767 1356 2817 cogitare,
1375 2765 1538 2803 divinam
1567 2774 1599 2802 ct
1630 2774 1706 2802 tum
1739 2765 1881 2811 verbis,
1899 2774 1973 2802 tum
1994 2767 2176 2804 sententiis

94 2825 287 2864 humanam
309 2827 511 2866 facultatem
524 2828 752 2868 excedentem
768 2831 955 2882 epistolam
971 2831 1018 2869 ad
1039 2831 1155 2882 ipsum
1176 2831 1283 2867 misit.
1301 2833 1380 2878 Qua
1401 2829 1552 2880 perlecta
1575 2828 1655 2874 ille,
1674 2829 1879 2880 pirnitentia
1899 2829 2031 2866 ductus
2051 2843 2176 2866 rursus

67 2939 74 2946 .
94 2887 323 2926 facultatibus
338 2898 371 2926 et
391 2890 528 2941 nuptiis
558 2893 776 2930 renuntiavit
798 2908 806 2929 :
831 2892 1050 2943 Joannisque
1077 2893 1225 2930 consilio
1255 2900 1435 2935 servatus,
1464 2890 1510 2927 ad
1538 2889 1824 2941 philosophicam
1853 2889 1965 2927 vitam
1997 2904 2176 2940 regressus

95 2960 158 2989 cst.
176 2967 194 2986 n
217 2950 372 2990 Videtur
386 2965 468 2988 sane
483 2952 758 2991 Sozomenusde
773 2954 926 2992 secunda
946 2955 1093 3006 epistola
1112 2955 1187 2991 sivc
1207 2953 1376 3006 para-nesi
1396 2952 1501 2990 verba
1527 2952 1657 2998 tiu-cre,
1679 2951 1739 2988 ubi
1758 2951 2033 3002 Clu-ysostouius
2051 2952 2177 2988 Theo-

95 3012 225 3051 dorum
255 3028 274 3051 a
295 3014 471 3052 connubio
487 3025 646 3054 avertere
665 3026 825 3058 conatur,
857 3018 908 3055 lta
929 3028 1068 3055 censent
1084 3018 1262 3061 Savilius,
1283 3016 1448 3054 valesius
1475 3025 1505 3052 ct
1528 3014 1804 3056 'filleinontius;
1831 3015 1888 3050 cui
1906 3015 2085 3051 sententia·
2112 3028 2176 3065 ego

98 3089 167 3113 non
196 3089 378 3128 repugnO,
399 3076 480 3114 licet
508 3077 584 3114 lucc
612 3079 800 3116 oscitanter
827 3093 845 3116 a
874 3080 1067 3116 Sozomeno
1089 3079 1223 3116 narrari
1245 3086 1465 3129 compertum
1499 3076 1659 3113 habeam.
1688 3077 1775 3114 ,lure
1793 3085 1911 3112 autem
1936 3076 1982 3113 ab
2009 3076 2176 3114 omnibus

97 3135 305 3187 exploditur
321 3135 499 3180 Valesius,
517 3137 577 3187 qui
594 3151 698 3175 unam
719 3148 846 3190 putans
866 3139 987 3177 haberi
1009 3140 1256 3191 (ilirysostouii
1277 3138 1322 3176 :ul
1342 3136 1574 3176 'flu-odorum
1598 3137 1816 3188 p.·ir;1·uesin.
1832 3150 1956 3188 nempe
1969 3136 2175 3180 secundani.

98 3210 206 3235 ausus
221 3205 271 3234 est
289 3197 380 3234 circa
400 3197 526 3248 prioris
544 3200 756 3249 γνησιότητα
776 3200 953 3238 dubitare..
971 3203 1074 3239 Certe
1092 3202 1388 3253 Chrysostoiuum
1411 3214 1452 3236 ne
1474 3198 1529 3236 vel
1551 3198 1774 3250 prirnoribus
1790 3198 1937 3248 quidem
1958 3197 2070 3236 labris
2096 3199 2177 3236 atti-

101 3259 190 3311 gerit
205 3268 364 3312 oportet,
379 3260 441 3310 qni
461 3261 614 3312 primam
633 3264 826 3314 paraenesin
843 3278 910 3301 non
933 3264 1024 3302 iuter
1039 3265 1318 3315 elegantissimus
1337 3263 1412 3314 ejus
1426 3263 1516 3299 fetus
1536 3270 1723 3298 recenseat.

153 3322 271 3360 Unam
289 3320 399 3372 igitur
415 3323 661 3374 epistolam‘ad
680 3324 911 3363 Theodorum
926 3328 1215 3378 ltlopsucstcuuiu
1237 3326 1293 3362 liic
1310 3333 1479 3362 memorat
1493 3324 1727 3366 sozomenus,
1739 3332 1772 3359 rt
1788 3322 1949 3373 quidem,
1965 3331 2001 3359 ut
2018 3322 2174 3365 videtur.

102 3384 292 3422 secundam
311 3400 318 3420 ε
339 3398 446 3423 unam
469 3386 550 3424 item
579 3387 623 3425 ad
656 3388 817 3426 cumidem
853 3390 1053 3440 llesyrliius
1081 3391 1115 3427 in
1144 3388 1290 3440 Synmlu
1311 3387 1582 3438 Constantinop.
1616 3385 1743 3423 (Iollat.
1780 3388 1828 3430 Y,
1863 3400 1900 3437 p.
1931 3388 2035 3423 570:
2071 3400 2175 3423 uuam

104 3447 234 3497 pariter
249 3447 460 3486 'I'twoctorus
477 3449 641 3487 (la-sarm·
663 3451 748 3490 itml.
772 3468 806 3503 p.
829 3455 922 3494 μη),
942 3453 998 3490 ,χι-,1
1023 3454 1216 3490 multorum
1236 3465 1417 3492 ivisuiuu.
1435 3450 1702 3500 midan-snvstd
1722 3459 1785 3487 est.
1800 3448 1993 3485 :uluimliuu
2013 3450 2152 3499 longam
