2549 3825
872 283 1103 314 ADVERSUS
1137 282 1309 314 JUDAEOS
1346 281 1426 313 Vlt-

136 365 195 402 καὶ
217 368 318 415 ἡμεῖς
333 368 413 416 ὑμῖν
429 367 685 419 προθυμότερον
701 366 938 416 διαλεξόμεθα,
953 366 1009 404 διὰ
1029 369 1097 405 τῶν
1110 365 1163 419 ἔρ·

136 442 206 476 γων
223 429 333 465 αὐτῶν
347 431 360 448 ⁰
371 427 553 478 μαθόντες,
567 427 620 465 ὅτι
635 428 697 466 οὐκ
715 429 763 472 εἷς
778 427 910 480 πέτραν
931 427 1141 479 ἐσπείραμεν
1151 457 1161 475 ,

2098 263 2191 308 823

1239 374 1445 417 praesentem
1465 364 1589 402 horam
1610 372 1746 401 tantum
1766 361 1896 400 fervidi
1915 361 2025 400 simus
2044 370 2077 399 et
2096 362 2190 412 vigi-

1234 425 1360 472 lantes,
1370 423 1430 462 sed
1440 424 1557 475 ignem
1566 453 1576 471 ,
1591 436 1696 473 quem
1709 421 1846 460 habetis
1858 434 1962 469 nune,
1977 419 2156 458 accendite
2179 435 2189 469 ;

136 487 196 524 καὶ
229 491 326 538 ὑμεῖς
353 488 450 526 αὐτοὶ
472 488 724 540 προθυμότεροι
752 488 831 540 περὶ
861 487 924 535 τὴν
947 489 1010 533 τ’ἧς
1035 489 1162 538 ἀρετῆς
1186 492 1210 522 E
1236 486 1437 536 egressique
1464 486 1579 531 foras,
1607 482 1813 521 distribuite
1842 482 1991 519 salutem
2019 480 2188 519 civitatis.

136 548 299 598 ἐργασίαν
321 548 454 587 ἔσεσθε.
474 549 643 601 Καθάπερ
671 549 738 602 γὰρ
763 549 821 587 ἐπὶ
840 552 908 587 τῶν
928 549 1123 600 χρημάτων
1142 551 1160 585 ὁ

136 607 194 646 δύο
213 608 380 660 κερδάνας
394 609 590 662 χρυσίνους,
600 610 743 648 πλείονα
755 609 931 659 λαμὸάνει
946 608 1158 660 προθυμίαν,

134 669 219 718 πρὸς
232 669 272 706 τὸ
291 670 349 707 καὶ
366 671 449 707 δέκα
467 670 527 708 καὶ
541 670 650 708 εἴκοσι
667 669 830 714 συλλέξαι
850 669 911 708 καὶ
933 673 1140 719 συναγαγεῖν
1151 683 1158 690 ·

134 728 224 766 οὕτω
247 729 306 767 καὶ
326 730 383 768 ἐπὶ
402 732 464 776 τῆς
491 732 617 782 ἄρετ’-ῆς
642 730 800 781 γίνεται,
818 732 836 766 ὁ
865 729 1014 775 ποιήσας
1041 744 1075 764 τι
1097 743 1161 765 κα-

134 790 192 828 λὸν
218 789 318 841 ἔργον
343 791 403 830 καὶ
431 790 676 843 κατορθώσας,
693 792 753 829 ἀπ’
771 792 878 835 αὐτῆς
896 793 957 826 τοῦ
977 786 1161 838 κατορθώ-

134 866 242 900 ματος
272 855 334 898 τῆς
353 851 520 904 ἐργασίας
548 851 626 889 τινὰ
652 852 875 903 παράκλησιν
902 848 1077 899 λαμὸάνει
1097 849 1161 886 καὶ

133 912 359 964 παραίνεσιν,
380 913 470 951 ὥστε
493 913 552 950 καὶ
569 912 695 964 ἑτέρων
726 912 897 963 ἅψασθαι.
920 910 987 948 Ἵν’
1011 903 1068 948 οῦν
1100 908 1160 947 καὶ

131 973 209 1017 τοὺς
235 973 401 1026 ἀδελφοὺς
427 973 675 1023 διασώσωμεν,
694 972 754 1010 καὶ
788 974 923 1015 ἑαυτοῖς
949 969 1158 1022 συγγνώμην

132 1034 188 1072 ἐπὶ
211 1041 279 1077 τοῖς
295 1033 576 1086 ἡμαρτημένοις,
597 1034 728 1083 μᾶλλον
747 1031 783 1070 δὲ
799 1031 1000 1084 παρρησίαν
1024 1031 1158 1078 πολλὴν

130 1094 433 1146 προαποθώμεθα,
463 1094 523 1132 καὶ
563 1094 630 1145 πρὸ
668 1097 736 1131 τῶν
769 1093 886 1131 ἄλλων
926 1091 1090 1130 ἁπάντων
1119 1092 1158 1131 τὸ

129 1156 239 1206 ὄνομα
268 1159 328 1193 τοῦ
350 1157 442 1194 Θεοῦ
470 1155 670 1200 δοξάζεσθαι
695 1153 1036 1206 παρασκευάσωμεν,
1067 1152 1156 1201 μετὰ

131 1219 301 1266 γυναικῶν
332 1215 392 1254 καὶ
422 1216 572 1255 παιδίων
606 1215 665 1254 καὶ
691 1217 835 1254 οἰκετῶν
868 1215 925 1253 ἐπὶ
959 1214 1022 1262 τὴν
1045 1215 1155 1266 ἄγραν

128 1276 259 1324 ταύτην
276 1277 335 1315 καὶ
353 1277 416 1324 τὴν
437 1278 544 1328 θήραν
560 1276 764 1323 ἐξελθόντες,
785 1275 1018 1326 ε’κσπάσωμεν
1040 1277 1079 1313 ἐκ
1092 1278 1156 1322 τῆς

128 1341 187 1376 τοῦ
214 1338 374 1377 διαὲόλου
401 1338 545 1390 παγίδος
573 1338 650 1381 τοὺς
676 1337 937 1390 ἑζωγρημένους
967 1337 1024 1373 ὑπ’
1049 1340 1153 1374 αὐτοῦ

129 1400 178 1442 εἷς
193 1400 233 1439 τὸ
252 1399 383 1438 ἐκείνου
403 1400 552 1447 θέλημα·
575 1399 634 1437 καὶ
660 1399 708 1450 μὴ
731 1398 899 1451 πρότερον
920 1399 1151 1448 ἀποστῶμεν,

128 1461 192 1504 ἕως
211 1460 251 1498 ἂν
277 1460 319 1498 τὰ
344 1462 428 1512 παρ’
445 1464 546 1512 ἡμῶν
577 1461 717 1499 ἅπαντα
753 1458 1019 1511 πληρώσωμεν,
1045 1459 1085 1497 ἄν
1113 1474 1150 1496 τε

127 1522 337 1569 πείθωνται,
354 1521 395 1558 ἄν
415 1537 451 1559 τε
474 1521 523 1572 μὴ
552 1521 752 1560 πείθωνται·
774 1522 906 1571 μᾶλλον
929 1520 965 1558 δὲ
985 1520 1151 1559 ἀδύνατον

128 1582 358 1634 Χριστιανοὺς
377 1585 479 1626 ὄντας
493 1583 540 1634 μὴ
556 1585 752 1629 πεισθῆναι.
769 1582 870 1629 Πλὴν
887 1583 964 1620 ἀλλ’
984 1581 1042 1620 ἵνα
1064 1581 1153 1632 μηδὲ

127 1644 257 1692 ταύτην
278 1645 381 1697 ἔχητε
400 1645 588 1697 πρόφασιν,
610 1647 719 1682 ἐκεῖνο
737 1644 841 1694 λέγω,
861 1643 942 1681 ὅταν
963 1643 1077 1682 πολλὰ
1095 1660 1152 1681 κε-

125 1705 237 1749 νώσας
255 1706 409 1758 ῥήματα,
421 1706 480 1744 καὶ
500 1706 615 1744 πάντα
631 1704 822 1757 πληρώσας
840 1704 884 1742 τὰ
901 1704 998 1755 παρὰ
1013 1709 1152 1751 σαυτοῦ,

126 1765 203 1818 ἴδῃς
229 1767 332 1804 αὐτὸν
359 1766 407 1818 μὴ
437 1766 660 1817 πειθόμενον,
681 1766 790 1818 ἄγαγε
812 1766 898 1818 πρὸς
919 1765 998 1808 τοὺς
1031 1767 1152 1818 ἱερεῖς,

126 1828 186 1866 καὶ
211 1828 351 1872 πάντως
367 1831 410 1881 τῇ
430 1832 489 1867 τοῦ
509 1831 601 1868 Θεοῦ
619 1828 739 1881 χάριτι
757 1826 979 1880 περιέσονται
999 1830 1061 1874 τῆς
1087 1827 1153 1874 θή-

128 1904 209 1941 ρας,
227 1888 288 1927 καὶ
316 1889 356 1928 τὸ
391 1895 460 1927 πᾶν
498 1889 597 1928 ἔσται
629 1889 687 1928 σὸν
714 1892 774 1927 τοῦ
806 1887 1149 1941 χειραγωγήσαντος.

126 1950 251 1988 Ταῦτα
264 1950 324 1988 καὶ
339 1950 492 2002 γυναιξὶν
505 1952 536 1989 οἱ
549 1951 668 2002 ἄνδρες
689 1949 902 2001 διαλέγεσθε,
918 1949 978 1987 καὶ
992 1954 1153 2000 γυναῖκες

125 2010 291 2063 ἀνδράσι,
307 2013 365 2050 καὶ
385 2012 488 2050 παισὶ
502 2013 671 2064 πατέρες,
691 2011 750 2050 καὶ
770 2011 864 2064 φίλοι
884 2011 1008 2063 φίλοις.
1029 2010 1152 2048 Μαθέ-

124 2087 240 2110 τωσαν
264 2072 323 2111 καὶ
340 2072 523 2122 Ἰουδαῖοι,
543 2074 602 2112 καὶ
622 2075 654 2111 οἱ
673 2075 748 2124 μεθ’
770 2075 873 2124 ἡμῶν
894 2072 956 2123 μὲν
978 2072 1150 2123 τετάχθαι

125 2132 322 2182 δοκοῦντες,
343 2133 386 2171 τὰ
409 2134 443 2172 δὲ
465 2134 605 2172 ἐκείνων
624 2137 847 2186 φρονοῦντες,
867 2133 920 2171 ὅτι
945 2134 1078 2180 σπουδή
1099 2149 1151 2176 τις

126 2196 208 2244 ἡμῖν
231 2194 304 2233 ἐστὶ
324 2194 383 2233 καὶ
403 2195 540 2247 φροντὶς
567 2195 625 2233 καὶ
655 2193 830 2247 ἀγρυπνία
854 2193 942 2246 ὑπὲρ
958 2195 1028 2231 τῶν
1051 2194 1151 2231 ἀδελ-

125 2258 198 2307 φῶν
215 2258 284 2294 τῶν
303 2257 483 2309 ἡμετέρων
499 2259 568 2294 τῶν
579 2257 663 2308 πρὸς
684 2256 832 2298 ἐκείνους
849 2254 1146 2306 αὐτομολούντων.

126 2318 196 2356 Καὶ
221 2317 360 2360 πάντως
386 2318 455 2370 πρὸ
479 2321 580 2368 ’ἡμῶν
608 2320 732 2356 ἐκεῖνοι
757 2316 941 2355 διώσονται
967 2316 1046 2359 τοὺς
1065 2319 1149 2369 παρ’

124 2379 224 2427 ἡμῶν
247 2380 317 2416 ἐκεῖ
336 2381 528 2431 φοιτῶντας
542 2394 549 2401 ·
569 2379 702 2429 μᾶλλον
726 2378 761 2416 δὲ
781 2377 859 2416 οὐδὲ
885 2378 1054 2428 τολμήσει
1075 2380 1147 2415 λοι·

124 2438 188 2476 πόν
208 2455 260 2482 τις
284 2446 495 2492 καταφυγεῖν
515 2440 600 2491 πρὸς
620 2439 761 2486 αὐτοὺς,
777 2441 853 2477 ἀλλ’
876 2439 974 2477 ἔσται
991 2439 1030 2476 τὸ
1046 2442 1149 2489 σῶμα

125 2500 275 2552 καθαρὸν
290 2503 353 2546 τῆς
368 2501 597 2548 ’Exul-miae.
617 2500 662 2539 ‘O
682 2501 718 2539 δὲ
738 2501 840 2548 Θεὸς,
859 2503 876 2538 ὁ
896 2500 1003 2539 θέλων
1016 2500 1149 2544 πάντας

125 2564 279 2607 σωθῆναι
295 2561 509 2615 ἀνθρώπους,
521 2562 578 2600 καὶ
596 2565 642 2605 εἷς
653 2562 839 2613 ἐπίγνωσιν
852 2561 1014 2608 ἀληθείας
1026 2563 1148 2610 ἐλθεῖν,

124 2623 215 2672 ὑμᾶς
231 2637 268 2659 τε
285 2622 369 2675 πρὸς
384 2622 447 2669 τὴν
462 2622 571 2674 θήραν
593 2622 723 2669 ταύτην
741 2622 990 2672 δυναμώσειεν,
1002 2622 1150 2666 ἐκείνους

125 2681 158 2720 δὲ
179 2686 241 2730 τῆς
271 2683 405 2731 πλάνης
435 2683 562 2731 ταύτης
593 2684 792 2736 ἀπαγάγοι,
816 2684 875 2721 καὶ
895 2683 1028 2727 πάντας
1051 2686 1148 2735 κοινῇ

124 2743 312 2792 διασώσας,
326 2744 555 2790 καταξιώσειε
571 2748 631 2792 τῆς
653 2745 831 2796 βασιλείας
846 2748 916 2783 τῶν
933 2747 1086 2798 οὐρανῶν
1102 2747 1148 2789 εἰς

126 2804 224 2848 δόξαν
245 2808 370 2854 αὐτοῦ,
387 2806 441 2846 ὅτι
463 2809 556 2859 αὐτῷ
576 2806 702 2860 πρέπει
724 2812 745 2854 ἡ
769 2807 848 2852 δόξα
877 2807 936 2845 καὶ
959 2808 998 2846 τὸ
1024 2807 1148 2859 κράτος

126 2869 172 2910 εἰς
185 2867 262 2911 τοὺς
278 2870 404 2911 αἰῶνας
418 2871 486 2907 τῶν
506 2868 652 2908 αἰώνων.
669 2868 790 2919 Ἀμήν.

175 3302 185 3314 ““
214 3299 542 3343 1'1‹t‹·1n,um⁰cootx=..

1236 545 1345 593 Quod
1363 545 1393 582 si
1411 544 1579 595 ignoretis
1594 574 1604 591 ,
1634 542 1830 595 perquirite
1849 556 1906 580 eos
1930 542 1991 593 qui
2011 542 2067 580 his
2085 541 2191 579 malis

1236 615 1418 657 aegrotant.
1437 606 1496 643 Sic
1514 604 1608 642 enim
1626 613 1659 641 et
1677 617 1740 641 nos
1759 603 1861 641 vobis
1880 602 2054 654 promtius
2072 602 2188 639 liben-

1236 665 1376 716 tiusque
1390 666 1591 715 loquemur,
1615 664 1702 715 ipsis
1718 663 1818 701 factis
1838 671 2102 714 cognoscentes,
2124 677 2189 701 nos

1234 739 1303 763 non
1331 726 1367 763 in
1394 735 1530 777 petram
1559 739 1677 763 semen
1701 725 1846 776 jecisse,
1869 733 1901 761 et
1923 737 1984 761 vos
2006 724 2074 775 ipsi
2095 724 2185 762 circa

1234 784 1378 822 virtutis
1396 784 1683 822 exercitationem
1702 783 1800 820 eritis
1826 782 2024 820 alacriores.
2045 784 2185 828 Quem-

1233 845 1430 883 admodum
1449 845 1544 883 enim
1563 845 1599 882 in
1620 844 1801 896 pecuniis,
1828 843 1889 893 qui
1917 842 2008 880 duos
2030 843 2187 881 lucratus

1233 915 1284 944 est
1301 906 1440 952 aureos,
1462 905 1632 957 proclivis
1650 914 1700 942 est
1719 903 1765 940 ad
1784 903 1905 940 decem
1916 933 1926 950 ,
1942 912 1975 940 et
1994 903 2039 940 ad
2057 903 2186 954 viginti

1232 967 1451 1020 colligendos
1469 965 1822 1019 congregandosque:
1836 964 1886 1001 sic
1904 978 1968 1002 usu
1986 964 2082 1002 venit
2098 973 2133 1002 et
2150 966 2187 1002 in

1231 1028 1383 1078 virtute3
1404 1029 1464 1080 qui
1485 1028 1608 1066 fecerit
1639 1027 1776 1065 bonum
1795 1025 1940 1077 aliquod
1967 1039 2076 1077 opus,
2102 1026 2186 1062 offi-

1171 1066 1218 1090 673
1255 1091 1262 1097 ,

1182 1104 1206 1132 Α

1231 1105 1398 1142 elumque
1418 1089 1642 1143 praestiterit,
1662 1089 1988 1127 exstimulationem
2010 1086 2091 1125 inde
2117 1087 2187 1125 ali-

1229 1166 1338 1203 quam
1357 1161 1418 1190 aut
1437 1151 1720 1189 exhortationem
1739 1151 1784 1188 ad
1807 1149 1983 1201 agendum
2005 1149 2126 1197 sumit,
2149 1159 2187 1187 ut

1227 1214 1296 1251 alia
1322 1227 1463 1265 quoque
1485 1213 1665 1251 benetacta
1684 1211 1927 1264 aggrediatur.
1953 1212 2003 1248 L‘t
2021 1211 2133 1262 igitur
2152 1221 2186 1249 et

1227 1275 1351 1312 fratres
1368 1288 1567 1320 servemus,
1591 1282 1620 1311 et
1641 1273 1744 1311 nobis
1762 1273 1904 1310 veniam
1927 1285 1991 1323 pro
2009 1273 2181 1324 peccatis,

1226 1336 1298 1373 imo
1314 1336 1433 1388 potius
1447 1335 1595 1372 multam
1614 1334 1780 1372 fiduciam
1794 1347 2018 1385 reponamus,
2031 1332 2184 1384 denique

1225 1411 1388 1435 curemus
1415 1407 1447 1435 et
1466 1396 1580 1444 illud,
1610 1406 1647 1434 ut
1667 1405 1746 1434 ante
1765 1404 1889 1433 caetera
1916 1395 2034 1432 onmia
2054 1408 2181 1432 nomen

1224 1460 1290 1500 Dei
1305 1459 1633 1511 glorificetur3cu1n
1646 1457 1834 1505 uxoribus,
1845 1457 1981 1504 liberis,
1993 1466 2026 1493 et
2038 1457 2182 1494 famulis

1225 1523 1270 1562 ad
1286 1524 1381 1561 hunc
1397 1530 1564 1559 venatum
1580 1530 1613 1558 et
1633 1519 1835 1571 indaginem
1852 1517 2003 1568 egressi,
2019 1517 2183 1555 extraha-

1225 1600 1304 1624 mus
1323 1599 1340 1623 e
1359 1583 1495 1622 diaboli
1515 1583 1652 1634 laqueis
1673 1590 1793 1634 captos
1811 1579 1856 1617 ab
1877 1578 1939 1616 illo
1952 1609 1960 1622 ,
1985 1577 2182 1616 secundum

1225 1646 1338 1698 ipsius
1358 1645 1601 1683 voluntatem:
1621 1656 1685 1681 nec
1705 1641 1805 1693 prius
1824 1640 2056 1687 desistamus,
2073 1653 2181 1689 quam

1224 1706 1399 1759 quidquid
1418 1721 1479 1758 per
1496 1720 1558 1743 nos
1576 1704 1733 1757 praestari
1751 1702 1877 1755 poterit
1894 1700 2180 1753 praestiterimus,

1224 1768 1301 1806 sive
1316 1776 1475 1819 pareant,
1497 1767 1574 1804 sive
1591 1779 1658 1803 non
1678 1772 1837 1816 pareant.
1860 1762 1956 1810 Quin
1978 1762 2095 1814 potius
2115 1761 2182 1799 im-

1226 1829 1394 1881 possibile
1405 1837 1469 1872 est,
1485 1837 1523 1865 ut
1536 1825 1729 1864 Christiani
1746 1838 1825 1861 cum
1841 1823 1922 1870 sint,
1939 1836 2006 1860 non
2023 1832 2177 1874 pareant.

1225 1888 1295 1927 Sed
1322 1902 1366 1926 ne
1389 1887 1447 1926 vel
1472 1887 1565 1925 hanc
1591 1884 1853 1924 excusationem
1873 1882 2056 1928 habeatis,
2087 1881 2180 1920 illud

1223 1950 1322 1997 dico,
1336 1948 1364 1987 si
1380 1958 1568 2001 postquam
1582 1946 1694 1984 multa
1708 1944 1816 1983 verba
1828 1943 2012 1989 effuderis,
2027 1952 2059 1980 et
2074 1943 2180 1994 quid-

1225 2010 1312 2061 quid
1333 2024 1395 2063 per
1414 2019 1447 2048 te
1467 2008 1627 2062 praestari
1648 2006 1788 2059 poterit,
1809 2004 2022 2056 expleveris,
2045 2004 2180 2042 videris

1223 2072 1326 2109 illum
1343 2085 1412 2109 non
1431 2071 1695 2122 obtemperare3
1712 2066 1882 2105 adducito
1900 2065 1945 2102 ad
1965 2065 2177 2115 sacerdotes,

1222 2139 1256 2168 et
1284 2130 1430 2168 omnino
1453 2143 1515 2182 per
1543 2128 1607 2166 Dei
1635 2126 1785 2179 gratiam
1813 2125 1994 2177 potientur
2023 2134 2177 2173 venatu,

1223 2200 1406 2242 totumque
1426 2200 1527 2228 tuum
1558 2190 1645 2238 erit,
1673 2187 1731 2238 qui
1754 2187 1860 2224 illum
1879 2200 1985 2224 manu
2013 2186 2174 2226 duxeris.

1223 2251 1308 2289 Haec
1328 2261 1361 2289 et
1379 2251 1555 2289 uxoribus
1575 2249 1643 2288 viri
1660 2248 1792 2296 dicite,
1816 2257 1848 2285 et
1870 2262 1996 2285 uxores
2016 2247 2126 2295 viris,
2145 2256 2179 2285 et

1222 2322 1339 2364 patres
1353 2312 1436 2350 liliis
1451 2344 1461 2358 ,
1478 2322 1511 2350 et
1524 2311 1629 2350 amici
1642 2309 1780 2348 amicis.
1791 2309 1937 2347 Discunt
1949 2309 2023 2346 brec
2037 2308 2154 2347 Judaei
2167 2339 2175 2353 ,

1220 2374 1295 2411 etii
1324 2373 1384 2425 qui
1415 2374 1516 2411 nobis
1536 2373 1679 2424 quidem
1699 2369 1878 2422 conjuncti
1908 2368 2089 2415 videntur,
2118 2370 2177 2406 sed

1222 2449 1303 2472 cum
1332 2435 1404 2472 illis
1433 2435 1600 2477 sentiunt,
1622 2432 1724 2471 uobis
1751 2430 1896 2480 aliquod
1916 2428 2073 2466 studium
2101 2444 2176 2467 esse

1220 2511 1260 2534 ac
1280 2496 1576 2543 sollicitudinem,
1596 2493 1888 2544 vigilantiamque
1914 2505 1978 2542 pro
2007 2490 2175 2528 fratribus

1222 2558 1351 2596 nostris
1378 2557 1423 2595 ad
1450 2557 1532 2594 illos
1564 2555 1658 2593 ultro
1687 2552 1921 2591 currentibus.
1958 2551 2001 2589 Et
2030 2551 2174 2588 omuino

1221 2627 1301 2655 ante
1317 2632 1379 2655 uos
1394 2617 1472 2654 illos
1491 2615 1685 2666 corrigent,
1702 2612 1779 2663 qui,
1798 2625 1877 2648 cum
1898 2619 2023 2648 nostrae
2040 2611 2172 2662 profes-

1221 2679 1330 2716 sionis
1355 2679 1440 2724 sint‚
1462 2687 1577 2715 tamen
1603 2676 1664 2713 illo
1692 2681 1901 2712 commeant.
1926 2671 2024 2720 Quin
2055 2671 2172 2723 potius

1222 2755 1322 2778 uenio
1340 2740 1485 2793 posthac
1501 2750 1651 2776 ausurus
1664 2745 1714 2774 est
1731 2734 1776 2772 ad
1794 2734 1872 2771 illos
1888 2734 2094 2783 confugere,
2112 2733 2172 2770 sed

1220 2801 1284 2839 erit
1315 2815 1443 2853 corpus
1471 2798 1638 2838 Ecclesia·
1669 2810 1809 2849 purum.
1834 2796 1927 2832 Deus
1949 2803 2086 2835 mitent.
2109 2808 2170 2844 qui

1221 2862 1297 2900 vult
1323 2875 1443 2899 omues
1462 2860 1622 2898 homines
1643 2858 1718 2895 lieri
1739 2856 1855 2894 salvos
1871 2886 1878 2896 .
1900 2865 1930 2892 et
1951 2855 1994 2892 ad
2015 2855 2170 2905 uguitio-

1222 2938 1299 2962 ueiu
1320 2923 1478 2962 veritatis
1497 2922 1637 2967 xenirv,
1658 2929 1689 2956 ct
1720 2932 1782 2956 vos
1811 2916 1854 2954 aul
1878 2917 1982 2954 istum
2005 2925 2169 2954 venatum

1220 2984 1433 3031 corroboret,
1446 2991 1477 3020 ct
1493 2982 1572 3020 illos
1587 2980 1632 3018 ab
1649 2980 1713 3018 Ιιοι·
1727 2992 1844 3016 errore
1860 2977 1979 3015 liberet
1998 2993 2004 3013 :
2018 2976 2171 3028 «leuique

1219 3054 1361 3083 cunctos
1381 3043 1425 3081 ad
1445 3042 1594 3080 saluti-ui
1611 3050 1793 3078 revocatos
1809 3038 1936 3089 dignos
1954 3037 2078 3076 reddat
2100 3052 2170 3075 ca:-

1221 3109 1334 3144 lorum
1353 3119 1460 3156 reguo
1470 3134 1478 3147 ,
1492 3104 1526 3141 iu
1543 3103 1690 3154 gloriam
1704 3099 2169 3151 stt-itit.(1tti.'tipsicoturnit

1220 3169 1329 3218 gloria
1356 3177 1387 3206 vt
1415 3165 1568 3219 potentia
1592 3166 1624 3202 iu
1648 3163 1772 3202 §.rt-ula
1793 3162 2016 3201 =meoniorum.
2048 3166 2166 3200 :tun-n.
