2549 3825
663 278 894 308 ADVERSUS
927 278 1102 308 OPPL'GN
1111 278 1279 310 ATORES
1317 281 1426 312 vtTAE

292 361 434 412 ἔχοντας
452 363 466 380 ⁶
480 361 541 398 οὐκ
560 359 684 410 ἔφησεν
701 359 814 402 ἄλλως
828 357 996 396 δύνασθαι
1012 357 1202 405 σώζεσθαι,
1218 360 1309 406 πλὴν

291 421 321 458 εἷ
335 419 384 470 μὴ
399 420 506 463 οὕτως
520 419 627 463 αὐτὰς
637 419 750 471 ἔχοιεν
760 422 807 463 ὡς
821 420 881 457 οὐκ
890 418 1041 470 ἔχοντες,
1051 418 1172 472 καὶτῷ
1187 419 1310 473 κόσμῳ

291 480 341 531 μὴ
364 483 598 533 παραχρῶντο
615 496 623 504 ·
643 480 767 531 Ἡμεῖς
788 479 823 518 δὲ
846 480 940 527 αὐτὸ,
963 481 992 517 εἰ
1016 479 1151 531 βούλει,
1172 480 1230 518 καὶ
1259 484 1308 533 τῷ

289 542 382 594 λόγῳ
396 539 742 593 ἐπέλθωμεν.Ἔχεις
756 535 812 578 οῦν
822 543 930 579 εἰπεῖν
943 571 952 587 ,
963 540 1016 578 ὅτι
1033 540 1055 586 ἢ
1079 544 1139 579 σοῦ
1151 541 1307 590 συμὲου-

289 603 446 647 λεύοντος
463 603 609 650 ἤκουσεν
632 605 650 641 ὁ
670 602 756 648 υἱὸς,
769 601 792 648 ἢ
812 604 870 653 ἀφ’
902 604 1025 640 ἑαυτοῦ
1046 601 1179 640 συνεῖδέ
1203 618 1307 651 ποτε,

289 663 343 701 ὅτι
362 664 419 702 τὸν
438 662 684 714 ὀμνύντα,κᾶν
702 663 825 713 εὐορκῗι
836 691 847 710 ,
860 660 1116 713 ἀπροσκρούειν
1135 663 1184 700 ἔνι
1201 663 1305 712 Θεῷ;

289 724 337 764 Τί
356 724 404 773 δὲ,
419 725 471 763 ὅτι
485 725 543 763 τὸν
563 727 845 775 μνησικακοῦντα
861 725 1017 769 σωθῆναι
1037 723 1099 760 οὔκ
1116 722 1188 770 ἔνι;
1207 721 1306 762 Ὅδοὶ

287 785 372 837 γὰρ,
394 785 502 837 φησὶ,
526 783 751 835 μνησικάκων
777 786 826 827 εἷς
851 782 1009 822 θάνατον.
1042 782 1133 821 Ἀλλ’
1159 782 1214 822 ὅτι
1247 783 1304 821 τὸν

285 847 482 897 κακήγορον
514 846 624 889 οὕτως
661 845 838 895 ἠτίμωσεν
873 846 890 881 ὃ
924 844 1014 887 Θεὸς
1026 874 1036 891 ,
1068 847 1115 887 ὡς
1147 844 1206 882 καὶ
1244 847 1306 889 τῆς

285 906 514 958 ἀναγνώσεως
531 905 693 958 ἀπεῖρξαι
721 909 790 943 τῶν
821 905 920 943 Θείων
940 904 1074 954 λόγων5
1107 905 1155 942 Τί
1174 904 1210 944 δὲ
1222 935 1232 953 ,
1251 905 1305 944 ὅτι

285 966 343 1004 τὸν
359 967 509 1012 ἀλαζόνα
525 967 584 1005 καὶ
614 965 780 1017 ὖὸριστὴν
801 965 942 1010 ἐξέὸαλε
959 967 1026 1002 τῶν
1049 966 1203 1018 οὐρανῶν
1214 996 1225 1014 ,
1244 966 1304 1004 καὶ

283 1031 334 1082 τῷ
351 1031 412 1074 τῆς
427 1028 566 1079 γεέννης
580 1028 764 1079 παρέδωκε
779 1025 884 1079 πυρί;
900 1025 935 1064 τί
957 1025 1005 1074 δὲ,
1025 1026 1079 1064 ὅτι
1098 1025 1155 1065 τὸν
1172 1028 1304 1066 ἀκολά-

283 1105 377 1133 στοις
395 1091 567 1140 ἐνορῶντα
592 1089 782 1141 ὀφθαλμοῖς
809 1090 855 1132 ὡς
887 1088 1168 1140 ἀπηρτισμένον,
1198 1088 1305 1134 οὕτως

283 1150 429 1188 ἐκόλασε
464 1150 608 1202 μοιχόν;
645 1149 752 1188 Ἀλλὰ
784 1149 823 1187 τὸ
859 1149 1044 1202 πρόχειρον
1077 1153 1180 1188 τοῦτο
1197 1157 1304 1188 πᾶσιν

283 1211 498 1263 ἁμάρτημα,
517 1211 556 1249 τὸ
582 1210 711 1263 κρίνειν
731 1211 811 1254 τοὺς
826 1210 998 1257 πλησίον,
1020 1211 1079 1249 καὶ
1098 1211 1306 1263 χαλεπωτέ-

286 1274 591 1324 ρανθέπισπᾶσθαι
602 1271 665 1318 τὴν
680 1272 822 1310 κόλασιν
833 1301 843 1319 ,
854 1271 1057 1324 παρῄνεσάς
1071 1287 1156 1310 ποτε
1171 1279 1305 1324 φυγεῖν,

283 1332 439 1375 καὶτοὺς
465 1336 525 1370 τοῦ
544 1334 698 1384 Χριστοῦ
724 1331 805 1383 περὶ
823 1331 954 1370 τούτων
976 1331 1157 1382 κειμένους
1182 1332 1306 1381 νόμους

284 1393 434 1445 ἀνέγνως
475 1395 589 1444 αὖτῷ;
610 1393 632 1439 ἢ
661 1393 738 1431 οὐδὲ
765 1387 859 1436 οἶδας
888 1393 941 1430 ὅτι
965 1392 1049 1431 ποτὲ
1072 1392 1183 1431 ταῦτά
1204 1395 1304 1440 ἐστι;

282 1455 367 1499 Πῶς
385 1449 441 1492 οῦν
462 1454 550 1493 αὐτὰ
571 1454 755 1501 δυνήσεται
785 1458 972 1506 κατορθοῦν
989 1456 1008 1491 ὁ
1038 1454 1127 1500 υἱὸς,
1159 1447 1205 1491 ὧν
1229 1453 1305 1492 οὐδὲ

281 1515 360 1559 τοὺς
375 1515 500 1565 νόμους
523 1509 613 1553 οἶδεν
640 1519 657 1554 ὁ
680 1515 817 1565 μέλλων
847 1515 947 1553 αὐτὸν
976 1515 1124 1558 διδάξειν
1154 1515 1272 1566 πατήρ
1292 1534 1300 1562 ;

281 1576 352 1614 Καὶ
375 1576 441 1613 εἴθε
472 1580 573 1614 τοῦτο
600 1576 702 1626 μόνον
729 1571 770 1622 ἦν
798 1576 836 1613 τὸ
863 1576 970 1614 δεινὸν
988 1606 998 1623 ,
1030 1576 1070 1614 τὸ
1094 1576 1202 1626 μηδὲν
1235 1579 1304 1615 τῶν

279 1636 464 1688 χρησίμων
484 1636 734 1687 συμέουλεύειν
761 1639 876 1680 αὐτοῖς
888 1666 898 1684 ,
918 1637 977 1674 καὶ
999 1638 1061 1675 οὐκ
1080 1637 1120 1673 ἂν
1139 1641 1302 1675 τοσοῦτον

277 1692 320 1744 ἦν
334 1711 344 1721 ·
363 1696 435 1735 νυνὶ
457 1696 492 1735 δὲ
524 1696 646 1739 αὐτοὺς
665 1697 723 1734 καὶ
752 1696 838 1749 πρὸς
867 1697 1035 1735 τάναντία
1054 1699 1188 1735 ὠθεῖτε.
1211 1699 1302 1737 Οὐδὲ

277 1759 345 1810 γὰρ
365 1759 451 1796 ἄλλο
466 1761 582 1796 τιτῶν
599 1757 759 1809 πατέριον
776 1758 869 1796 ἔστιν
886 1760 1032 1797 ἀκοῦσαι
1045 1759 1301 1810 διαλεγομένων

278 1820 364 1870 πρὸς
393 1817 469 1863 τοὺς
495 1819 642 1866 παῖδας,
670 1817 752 1856 ὅταν
783 1817 905 1862 αὐτοὺς
933 1821 1186 1871 παρακαλῶσιν
1214 1819 1302 1871 ὑπὲρ

278 1883 340 1926 τῆς
360 1882 429 1918 τῶν
461 1879 573 1931 λόγων
600 1879 753 1925 σπουδῆς
771 1910 781 1927 ,
803 1879 880 1918 ἀλλ’
899 1879 921 1925 ἢ
946 1880 1047 1917 ταυτὶ
1066 1879 1111 1918 τὰ
1132 1880 1272 1932 ῥήματα
1293 1896 1301 1904 ·

278 1944 296 1979 ὁ
315 1942 432 1990 δεῖνα,
449 1940 548 1993 φησὶ,
567 1941 729 1984 ταπεινὸς
743 1941 802 1979 καὶ
815 1942 855 1979 ἐκ
873 1944 1045 1979 ταπεινῶν
1063 1941 1126 1988 τὴν
1147 1942 1215 1980 ἀπὸ
1233 1945 1302 1980 τῶν

277 2001 389 2052 λόγων
415 2001 634 2053 κτησάμενος
657 2001 826 2052 δύναμιν,
860 1996 943 2054 ἦρξε
972 2001 1139 2054 μεγίστας
1165 2002 1298 2055 ἀρχὰς,

277 2064 424 2101 πλοῦτον
445 2063 618 2110 ἐκτήσατο
651 2062 784 2112 πολὺν,
808 2069 957 2114 γυναῖκα
981 2063 1104 2101 ἔλαὸεν
1127 2063 1272 2116 εὔπορον
1291 2094 1301 2113 ,

278 2123 389 2162 οἰκίαν
405 2124 611 2176 ᾠκοδόμησε
627 2124 794 2176 λαμπρὰν
810 2154 820 2171 ,
843 2124 988 2177 φοὸερός
1003 2126 1094 2163 ἐστιν
1111 2125 1222 2163 ἅπασι
1242 2126 1302 2164 καὶ

278 2184 444 2230 ἐπίδοξος.
470 2185 585 2223 Πάλιν
604 2184 738 2237 ἔτερος,
758 2189 776 2224 ὁ
796 2186 890 2224 δεῖνα
906 2215 916 2233 ,
938 2185 1049 2238 φησὶ,
1071 2185 1135 2232 τὴν
1155 2186 1302 2226 Ἰταλῶν

279 2247 440 2297 γλῶσσαν
458 2246 716 2294 ἐκπαιδευθεὶς,
743 2248 777 2284 ἐν
796 2253 867 2290 τοῖς
895 2246 1084 2297 βασιλείοις
1109 2246 1182 2285 ἐστὶ
1202 2248 1301 2297 λαμ-

278 2306 384 2356 πρὸς,
400 2306 459 2344 καὶ
474 2307 589 2345 πάντα
615 2306 692 2356 ἄγει
709 2306 768 2344 καὶ
789 2306 885 2358 φέρει
901 2306 945 2345 τὰ
964 2306 1072 2345 ἔνδον.
1097 2308 1165 2346 Καὶ
1186 2307 1301 2360 ἕτερος

279 2366 393 2417 ἕτερον
426 2366 577 2404 δείκνυσι
608 2366 740 2414 πάλιν,
769 2367 897 2410 πάντες
916 2367 951 2405 δὲ
972 2366 1050 2410 τοὺς
1069 2368 1128 2406 ἐπὶ
1158 2371 1221 2419 γῆς
1247 2371 1301 2407 εὐ-

280 2426 441 2476 δοκίμους
456 2442 464 2450 ·
482 2430 550 2465 τῶν
572 2427 608 2465 δὲ
624 2428 658 2465 ἐν
679 2434 750 2471 τοῖς
774 2429 930 2479 οὐρανοῖς
955 2428 1033 2466 οὐδὲ
1064 2427 1158 2472 ἅπαξ
1175 2444 1226 2472 τις
1243 2430 1302 2479 με’-

281 2502 411 2536 μνηται
427 2516 436 2534 ,
457 2487 547 2525 ἀλλὰ
567 2487 630 2526 κᾶν
649 2491 845 2538 μνησθῆναι
865 2489 978 2540 ἕτερος
997 2489 1208 2541 ἐπιχειρήσῃ
1229 2520 1237 2538 ,
1256 2493 1303 2534 ὡς

280 2547 395 2586 πάντα
413 2549 616 2602 ἀνατρέπων
637 2549 832 2589 ἐλαύνεται.

335 2996 447 3035 ’Ὀταν
468 2999 526 3036 οὖν
554 2997 588 3042 ἐξ
608 3000 720 3051 ἀρχῆς
743 3000 858 3043 αὐτοῖς
876 3004 985 3037 ταῦτα
1015 3001 1186 3052 ἐπᾴδητε,
1205 3002 1299 3039 οὐδὲν

292 3063 299 3078 Ι
422 3067 430 3077 5
482 3065 490 3077 ’
638 3069 647 3081 ξ
696 3066 703 3078 Ι
847 3069 856 3080 5
905 3068 914 3083 ἱ
998 3068 1006 3079 Ι
1124 3071 1137 3081 κ
1160 3071 1173 3082 ’κ
1188 3070 1195 3080 Ι

281 3066 394 3117 ἕτερον
412 3067 478 3103 αλλ
510 3065 532 3112 ἢ
554 3066 617 3113 τὴν
637 3071 799 3105 υποΟεσιν
819 3083 941 3111 αυτους
957 3084 1098 3106 παντων
1120 3083 1298 3107 οιοασκετε

280 3134 348 3169 τῶν
380 3134 516 3179 κακῶν,
551 3132 610 3171 ’δύο
646 3132 723 3175 τοὺς
765 3135 1083 3186 τυραννικωτάτους
1113 3137 1300 3178 ἐντιθέντες

280 3197 409 3250 ἔρωτας
426 3227 435 3243 ,
452 3199 508 3236 τὸν
523 3202 590 3237 τῶν
606 3199 798 3251 χρημάτων
813 3200 905 3252 λέγω
920 3232 929 3248 ,
947 3203 1005 3239 καὶ
1023 3203 1080 3240 τὸν
1097 3203 1217 3241 τούτου
1234 3219 1300 3239 πα-

285 3265 542 3318 ρανομώτερον,
569 3266 626 3304 τὸν
650 3266 712 3313 τὴς
733 3266 832 3312 δόξης
852 3270 914 3314 τῆς
934 3271 1034 3313 κενῆς
1055 3270 1114 3307 καὶ
1136 3270 1298 3320 ματαίας.

329 3425 342 3438 ⁰
368 3414 470 3447 litlom
486 3422 536 3450 οὐκ
553 3422 663 3461 dynam
676 3423 785 3456 ἄλλως.

329 3466 344 3489 ¹¹
373 3465 475 3498 litium
495 3473 685 3514 προσκρούειν
701 3477 812 3512 ανάμτ,
833 3484 910 3516 &⁸121-
941 3472 1030 3505 lustu·
1051 3489 1225 3521 κακημιιοι,
1242 3476 1286 3505 >is

1470 283 1671 314 MONAST.
1710 286 1795 314 LlB.
1835 285 1902 315 ιιι.
2245 273 2328 316 103

1381 375 1459 400 mus
1475 393 1484 411 ,
1519 377 1606 401 num
1634 364 1686 412 is,
1710 366 1771 415 qui
1797 366 1833 403 iu
1863 365 1980 404 medio
2005 380 2123 403 rerum
2151 376 2328 413 versatur,

1381 423 1492 473 possit
1523 424 1624 462 illam
1658 435 1786 462 sortem
1817 425 1982 478 adipisci.
2019 427 2150 464 Beatus
2181 426 2328 478 quidem

1381 482 1514 521 Paulus
1533 484 1680 522 brevem
1699 485 1744 523 de
1759 485 1827 524 hoc
1847 487 2052 525 sententiam
2071 487 2177 536 tulit,
2200 501 2330 538 eosque

1381 543 1443 592 qui
1466 543 1598 583 habent
1617 559 1744 583 uxores
1756 575 1765 593 ,
1787 560 1856 584 non
1875 547 1980 585 aliter
1998 548 2114 586 salvos
2133 562 2207 586 esse
2226 563 2329 600 posse

1380 603 1596 654 declaravit,
1625 620 1733 657 quam
1751 607 1780 644 si
1804 621 1861 645 eas
1885 608 1933 645 ita
1952 608 2122 647 haherent
2144 618 2327 660 tamquam

1379 678 1451 702 uon
1470 665 1638 705 habentes
1651 697 1663 713 ,
1695 676 1730 704 et
1748 668 1882 705 mundo
1901 682 1971 705 non
1986 668 2229 707 abuterentur.
2253 671 2326 708 Nos

1378 734 1511 773 autem,
1533 727 1562 765 si
1582 728 1716 779 placet,
1735 727 1803 766 hoc
1820 728 2076 779 disquiramus.
2099 731 2248 768 Potesne
2267 729 2325 767 di-

1379 800 1470 832 cere,
1482 787 1543 824 vel
1556 797 1590 826 te
1604 798 1766 827 monente
1774 789 1954 827 audivisse
1967 789 2096 837 filium,
2105 790 2162 827 vel
2177 805 2197 827 a
2212 790 2326 842 seipso

1378 846 1568 895 didicisse,
1591 863 1671 887 eum
1699 850 1760 900 qui
1783 851 1900 901 jurat,
1923 850 2061 888 etiamsi
2083 864 2166 888 cum
2193 852 2326 889 ratione

1372 908 1482 960 juret,
1499 910 1615 948 Deum
1632 921 1746 948 tamen
1760 911 1964 949 offendere?
1981 915 2036 949 An
2052 912 2136 950 item
2153 927 2247 961 eum,
2264 914 2326 964 qui

1377 970 1591 1021 injuriarum
1611 973 1833 1023 recordatur,
1854 973 1995 1011 salvum
2015 988 2088 1012 esse
2108 988 2176 1012 non
2197 975 2329 1026 posse?

1328 1046 1352 1075 C
1376 1045 1458 1069 nam
1479 1033 1585 1082 Vzoe,
1602 1033 1718 1086 inquit
1731 1064 1741 1082 ,
1762 1034 2045 1074 recordantium
2065 1038 2254 1087 injurias,
2274 1037 2330 1074 ad

1376 1102 1549 1132 mortem.
1578 1097 1632 1132 An
1645 1125 1655 1144 ,
1687 1095 1785 1146 quod
1804 1095 2018 1134 maledicum
2041 1097 2091 1134 ita
2108 1095 2325 1135 dehonesta-

1377 1155 1469 1193 verit
1487 1156 1602 1204 Deus,
1623 1166 1663 1195 ut
1679 1171 1761 1195 eum
1780 1172 1800 1195 a
1818 1157 1952 1195 divinae
1969 1157 2163 1210 Scripturae
2179 1158 2328 1196 lectione

1377 1217 1543 1255 arceret?
1564 1232 1607 1255 an
1622 1247 1632 1264 ‚
1661 1218 1760 1269 quod
1788 1228 2013 1269 arrogantem
2035 1229 2068 1257 et
2090 1220 2329 1257 contumelio-

1379 1290 1457 1314 sum
1492 1277 1537 1315 de
1567 1279 1662 1317 caelis
1693 1280 1960 1327 exturbaverit‚
1988 1289 2021 1318 et
2048 1280 2216 1331 gehennae
2237 1281 2329 1332 ignis

1378 1337 1592 1377 tradiderit?
1611 1353 1654 1377 an
1665 1370 1675 1388 ,
1692 1339 1789 1390 quod
1805 1354 1885 1378 eum
1901 1340 1962 1391 qui
1979 1341 2171 1392 impudicis
2186 1342 2331 1393 respicit

1379 1398 1492 1436 oculis
1506 1429 1517 1447 ,
1549 1400 1649 1450 quasi
1669 1415 1751 1438 vere
1769 1401 1972 1439 adulterum
1993 1403 2148 1453 puniat?
2179 1406 2233 1440 An
2254 1404 2328 1441 fre-

1377 1472 1488 1509 quens
1507 1460 1599 1498 illud
1617 1471 1650 1499 et
1668 1462 1833 1500 omnibus
1849 1462 1952 1500 facile
1971 1471 2155 1514 peccatum
2167 1493 2177 1510 ‚
2203 1466 2327 1516 proxi-

1378 1533 1454 1557 mos
1481 1534 1607 1573 nempe
1621 1523 1783 1573 judicare
1801 1531 1833 1560 et
1858 1522 1907 1560 sic
1927 1523 2074 1573 gravius
2093 1523 2162 1561 sibi
2183 1525 2327 1576 suppli-

1377 1580 1470 1617 cium
1487 1581 1685 1628 attrahere,
1720 1592 1758 1619 ut
1779 1583 1914 1633 fugeret
1934 1584 2118 1626 monuisti,
2140 1594 2174 1622 et
2193 1585 2287 1635 leges
2307 1601 2328 1624 a

1376 1640 1519 1679 Christo
1535 1641 1602 1679 hac
1616 1641 1661 1679 de
1677 1656 1714 1680 re
1727 1643 1859 1694 positas
1873 1643 1941 1694 ipsi
1958 1643 2100 1694 legisti?
2116 1658 2160 1682 an
2172 1654 2210 1683 tu
2226 1646 2302 1697 ipse
2319 1676 2329 1693 ‚

1375 1714 1418 1737 ne
1446 1701 1477 1738 si
1501 1702 1672 1740 exsistant
1697 1703 1867 1754 quidem,
1900 1704 2018 1742 nosti?
2049 1705 2214 1751 Quonam
2243 1721 2329 1759 ergo

1327 1771 1352 1801 D
1376 1760 1480 1800 modo
1497 1764 1626 1815 poterit
1642 1778 1680 1801 ea
1699 1764 1795 1802 filius
1813 1765 1994 1815 perficere,
2018 1780 2171 1816 quorum
2188 1781 2251 1805 nec
2268 1783 2329 1820 pa-

1376 1831 1427 1860 ter
1442 1822 1528 1874 ipse,
1542 1824 1604 1874 qui
1621 1825 1724 1862 illum
1737 1825 1878 1863 erudire
1893 1825 2079 1872 debuerat,
2094 1827 2188 1878 legcs
2203 1829 2328 1866 novit?

1375 1888 1494 1933 Atque
1511 1885 1647 1923 utinam
1675 1885 1742 1923 hoc
1761 1887 1877 1924 solum
1896 1886 2017 1924 damni
2036 1887 2195 1936 adesset,
2230 1890 2330 1938 quod

1375 1945 1468 1982 nihil
1486 1946 1573 1985 utile
1589 1956 1707 1999 patres
1722 1947 1860 1986 consilii
1873 1947 2011 1995 darent,
2026 1962 2095 1986 non
2112 1958 2249 1987 tautum
2261 1952 2330 1989 uti-

1375 2020 1445 2057 que
1463 2007 1599 2045 malum
1625 2018 1715 2046 esset
1731 2024 1738 2044 τ
1756 2023 1849 2046 nunc
1867 2017 1986 2047 autem
2005 2023 2062 2046 eos
2082 2009 2128 2048 ad
2151 2011 2328 2048 contraria

1375 2081 1522 2118 prorsus
1538 2068 1736 2120 impellitis.
1755 2071 1878 2120 Neque
1897 2071 1990 2107 enim
2011 2070 2112 2109 aliud
2131 2080 2248 2122 patres
2268 2086 2330 2108 au-

1375 2129 1453 2168 dias
1463 2144 1544 2169 cum
1557 2131 1644 2170 filiis
1665 2141 1830 2180 tractare,
1842 2147 1923 2170 cum
1937 2147 1996 2171 cos
2016 2133 2061 2171 ad
2079 2134 2198 2173 studia
2209 2136 2330 2174 litera-

1373 2208 1456 2233 rum
1475 2195 1678 2243 hortantur,
1697 2196 1764 2234 nisi
1788 2197 1893 2235 verba
1915 2197 2122 2250 hujusmodi
2140 2214 2147 2235 ε
2165 2199 2246 2244 Ille,
2272 2200 2329 2237 in·

1375 2262 1475 2312 quit,
1502 2263 1677 2309 humilis,
1697 2263 1899 2315 humilique
1917 2265 1998 2302 loco
2017 2274 2142 2310 natus,
2157 2267 2329 2318 eloquen-

1375 2326 1461 2364 tiam
1482 2327 1648 2379 adeptus,
1663 2340 1822 2365 summos
1843 2328 2070 2378 magistratus
2083 2329 2253 2373 obtinuit,
2269 2329 2328 2368 di·-

1376 2393 1483 2431 vitias
1501 2394 1693 2444 acquisivit
1707 2394 1880 2444 ingentes,
1897 2408 2046 2432 uxorem
2057 2395 2162 2434 duxit
2177 2397 2328 2449 opulen—

1378 2469 1450 2497 tam
1467 2491 1476 2507 ‚
1499 2460 1704 2512 splendidas
1723 2461 1923 2499 construxit
1938 2460 2029 2498 mdes
2047 2491 2056 2509 ‚
2075 2463 2242 2500 omuibus
2263 2473 2328 2501 ter-

1378 2525 1448 2562 rori
1468 2534 1582 2574 est‚ct
1604 2525 1716 2576 gloria
1735 2526 1857 2576 fulget.
1880 2527 1981 2563 Alius
2001 2541 2142 2565 rursum
2159 2545 2166 2565 :
2185 2529 2262 2572 llic.
2279 2529 2328 2566 iu-

1328 2572 1352 2602 E
1377 2591 1468 2642 quit,
1483 2592 1605 2630 Latina
1620 2592 1740 2643 lingua
1753 2592 1976 2638 cruditus,i11
1997 2594 2090 2644 regia
2111 2594 2330 2633 clarissimus

1378 2668 1445 2709 est,
1461 2669 1659 2710 cunctaque
1679 2660 1773 2697 intus
1792 2659 2033 2699 administrat,
2052 2661 2096 2698 lii
2114 2661 2204 2699 alius
2217 2663 2326 2700 alium

1378 2743 1502 2766 rursus
1521 2728 1687 2775 ostendit,
1712 2728 1900 2779 cum-tique
1919 2744 1976 2766 eos
1995 2729 2058 2780 qui
2076 2730 2112 2768 iu
2131 2740 2221 2769 terra
2242 2732 2329 2769 insi·

1377 2810 1462 2846 gnos
1493 2806 1574 2833 suut
1608 2806 1823 2842 memorauit,
1856 2796 2048 2834 caeles-tium
2079 2808 2197 2836 autem
2232 2800 2329 2837 nulla

1379 2876 1526 2912 usquam
1547 2863 1678 2899 incutio
1695 2876 1704 2904 ;
1731 2863 1803 2899 imo
1823 2862 1852 2899 si
1873 2863 1953 2913 quis
1973 2864 2034 2901 illa
2053 2878 2330 2903 commemor.·u·e

1375 2930 1621 2980 aggrediatur,
1647 2939 1682 2967 ut
1702 2931 1764 2981 qui
1785 2939 1910 2968 cuum-i
1932 2942 2124 2983 pervertat,
2146 2935 2300 2985 ejicitur.

1428 3002 1464 3036 (ἱ,
1487 3003 1577 3036 (Iuni
1600 2999 1710 3049 igitur
1726 3014 1742 3035 u
1763 2999 1942 3051 principio
1960 3001 2034 3037 haw-
2053 3002 2125 3039 illis
2143 3004 2326 3049 oct-imnis,

1374 3067 1462 3104 nihi!
1484 3067 1584 3104 uliud
1613 3081 1671 3103 ms
1701 3081 1807 3116 quatu
1834 3067 1995 3105 onmium
2019 3069 2193 3108 malorum
2215 3082 2330 3109 mate-

1374 3134 1462 3170 riam
1485 3134 1618 3170 ‹loct-tis
1636 3164 1643 3176 ,
1674 3133 1764 3170 ‹luus
1787 3133 2059 3171 violentissinws
2087 3151 2222 3174 autores
2243 3137 2329 3174 iusi—

1375 3211 1534 3244 uuuutvs,
1558 3201 1790 3253 pecuniarum
1811 3200 1904 3244 dim,
1925 3210 1957 3238 ct
1976 3203 2036 3253 qui
2054 3203 2157 3255 louge
2175 3206 2329 3256 iniquior

1375 3278 1423 3306 cst
1440 3299 1448 3314 ,
1483 3283 1584 3307 vuum
1606 3267 1789 3319 inanisque
1809 3268 1942 3319 glorian
1966 3269 2100 3308 Horum
2122 3286 2204 3310 wit»
2222 3274 2328 3312 alter-

1324 3433 1406 3453 unus
1423 3447 1429 3457 ‚
1448 3429 1478 3452 vt
1498 3422 1541 3452 itu
1558 3420 1635 3462 legit
1653 3418 1857 3453 Ambrosius.
1880 3419 1937 3451 Alii
1955 3434 2129 3465 ωτιτγορεν.

1366 3485 1377 3498 ‘
1407 3475 1476 3505 Duo
1494 3475 1570 3506 Mas.
1590 3478 1817 3509 imminua«.
1839 3472 1898 3504 Alii
1915 3478 2105 3507 ἑπιεησέσέὃιι.

2344 1044 2436 1072 ΡΓΟν.
2460 1050 2510 1072 12.

2342 1086 2393 1116 ²8-
