<?xml version="1.0" encoding="UTF-8"?>
<!DOCTYPE html PUBLIC "-//W3C//DTD XHTML 1.0 Transitional//EN"
    "http://www.w3.org/TR/xhtml1/DTD/xhtml1-transitional.dtd">
<html xmlns="http://www.w3.org/1999/xhtml" xml:lang="en" lang="en">
 <head>
  <title>
</title>
<meta http-equiv="Content-Type" content="text/html;charset=utf-8" />
  <meta name='ocr-system' content='tesseract 3.04.00' />
  <meta name='ocr-capabilities' content='ocr_page ocr_carea ocr_par ocr_line ocrx_word'/>
</head>
<body>
  <div class='ocr_page' id='page_1' title='image "./operaomniaquaeex01johnuoft/operaomniaquaeex01johnuoft_0892.png"; bbox 0 0 2513 3871; ppageno 0'>
   <div class='ocr_carea' id='block_1_1' title="bbox 31 1545 216 1615">
    <p class='ocr_par' dir='ltr' id='par_1_1' title="bbox 31 1545 216 1615">
     <span class='ocr_line' id='line_1_1' title="bbox 31 1545 216 1580; baseline -0.016 -7"><span class='ocrx_word' id='word_1_1' title='bbox 31 1553 60 1573; x_wconf 78' lang='lat'>2.</span> <span class='ocrx_word' id='word_1_2' title='bbox 91 1545 164 1572; x_wconf 77' lang='lat' dir='ltr'>Cor.</span> <span class='ocrx_word' id='word_1_3' title='bbox 186 1550 216 1580; x_wconf 81' lang='lat'>7.</span> 
     </span>
     <span class='ocr_line' id='line_1_2' title="bbox 34 1595 81 1615; baseline 0 -1"><span class='ocrx_word' id='word_1_4' title='bbox 34 1595 81 1615; x_wconf 83' lang='lat' dir='ltr'>to.</span> 
     </span>
    </p>
   </div>
   <div class='ocr_carea' id='block_1_2' title="bbox 35 1983 212 2095">
    <p class='ocr_par' dir='ltr' id='par_1_2' title="bbox 35 1983 212 2095">
     <span class='ocr_line' id='line_1_3' title="bbox 35 1983 208 2011; baseline -0.012 -1"><span class='ocrx_word' id='word_1_5' title='bbox 35 1983 208 2011; x_wconf 64' lang='lat' dir='ltr'>invidorum</span> 
     </span>
     <span class='ocr_line' id='line_1_4' title="bbox 38 2024 212 2052; baseline -0.017 0"><span class='ocrx_word' id='word_1_6' title='bbox 38 2024 212 2052; x_wconf 64' lang='lat' dir='ltr'>miserabilis</span> 
     </span>
     <span class='ocr_line' id='line_1_5' title="bbox 35 2067 179 2095; baseline 0.014 -2"><span class='ocrx_word' id='word_1_7' title='bbox 35 2067 179 2095; x_wconf 80' lang='lat' dir='ltr'>conditio.</span> 
     </span>
    </p>
   </div>
   <div class='ocr_carea' id='block_1_3' title="bbox 55 3093 237 3123">
    <p class='ocr_par' dir='ltr' id='par_1_3' title="bbox 55 3093 237 3123">
     <span class='ocr_line' id='line_1_6' title="bbox 55 3093 237 3123; baseline 0.016 -5"><span class='ocrx_word' id='word_1_8' title='bbox 55 3093 166 3122; x_wconf 72' lang='lat' dir='ltr'>unuh.</span> <span class='ocrx_word' id='word_1_9' title='bbox 192 3103 237 3123; x_wconf 79' lang='lat'>¹0.</span> 
     </span>
    </p>
   </div>
   <div class='ocr_carea' id='block_1_4' title="bbox 52 3134 105 3174">
    <p class='ocr_par' dir='ltr' id='par_1_4' title="bbox 52 3134 105 3174">
     <span class='ocr_line' id='line_1_7' title="bbox 52 3134 105 3174; baseline 0 -13"><span class='ocrx_word' id='word_1_10' title='bbox 52 3134 105 3174; x_wconf 70' lang='lat'>4²·</span> 
     </span>
    </p>
   </div>
   <div class='ocr_carea' id='block_1_5' title="bbox 229 280 1208 2146">
    <p class='ocr_par' dir='ltr' id='par_1_5' title="bbox 229 280 1204 1950">
     <span class='ocr_line' id='line_1_8' title="bbox 233 280 324 325; baseline 0.022 -2"><span class='ocrx_word' id='word_1_11' title='bbox 233 280 294 325; x_wconf 74' lang='lat'>86</span> <span class='ocrx_word' id='word_1_12' title='bbox 307 297 324 325; x_wconf 79' lang='lat'>2</span> 
     </span>
     <span class='ocr_line' id='line_1_9' title="bbox 233 367 1192 427; baseline -0.011 -11"><span class='ocrx_word' id='word_1_13' title='bbox 233 377 316 416; x_wconf 86' lang='lat' dir='ltr'>iniit</span> <span class='ocrx_word' id='word_1_14' title='bbox 331 376 349 414; x_wconf 73' lang='lat'>3⁵</span> <span class='ocrx_word' id='word_1_15' title='bbox 366 374 446 427; x_wconf 88' lang='lat' dir='ltr'>quis</span> <span class='ocrx_word' id='word_1_16' title='bbox 472 372 724 424; x_wconf 83' lang='lat' dir='ltr'>magistratum</span> <span class='ocrx_word' id='word_1_17' title='bbox 757 368 904 408; x_wconf 74' lang='lat' dir='ltr'>amisit?</span> <span class='ocrx_word' id='word_1_18' title='bbox 920 382 992 420; x_wconf 84' lang='lat' dir='ltr'>qua</span> <span class='ocrx_word' id='word_1_19' title='bbox 1020 367 1067 406; x_wconf 89' lang='lat' dir='ltr'>de</span> <span class='ocrx_word' id='word_1_20' title='bbox 1087 381 1192 406; x_wconf 86' lang='lat' dir='ltr'>eausa</span> 
     </span>
     <span class='ocr_line' id='line_1_10' title="bbox 232 430 1192 478; baseline -0.009 -2"><span class='ocrx_word' id='word_1_21' title='bbox 232 438 291 476; x_wconf 84' lang='lat' dir='ltr'>bic.</span> <span class='ocrx_word' id='word_1_22' title='bbox 326 437 519 475; x_wconf 87' lang='lat' dir='ltr'>mulctatus</span> <span class='ocrx_word' id='word_1_23' title='bbox 547 433 632 472; x_wconf 76' lang='lat' dir='ltr'>est?</span> <span class='ocrx_word' id='word_1_24' title='bbox 660 431 754 470; x_wconf 89' lang='lat' dir='ltr'>unde</span> <span class='ocrx_word' id='word_1_25' title='bbox 776 431 838 469; x_wconf 89' lang='lat' dir='ltr'>ille</span> <span class='ocrx_word' id='word_1_26' title='bbox 870 430 1030 469; x_wconf 87' lang='lat' dir='ltr'>lucratus</span> <span class='ocrx_word' id='word_1_27' title='bbox 1058 437 1137 478; x_wconf 86' lang='lat' dir='ltr'>est,</span> <span class='ocrx_word' id='word_1_28' title='bbox 1159 438 1192 468; x_wconf 88' lang='lat' dir='ltr'>et</span> 
     </span>
     <span class='ocr_line' id='line_1_11' title="bbox 231 490 1192 550; baseline -0.006 -14"><span class='ocrx_word' id='word_1_29' title='bbox 231 496 533 550; x_wconf 81' lang='lat' dir='ltr'>locupletissimus</span> <span class='ocrx_word' id='word_1_30' title='bbox 559 493 706 532; x_wconf 75' lang='lat' dir='ltr'>evasit?</span> <span class='ocrx_word' id='word_1_31' title='bbox 725 491 813 544; x_wconf 88' lang='lat' dir='ltr'>quid</span> <span class='ocrx_word' id='word_1_32' title='bbox 844 491 906 530; x_wconf 88' lang='lat' dir='ltr'>ille</span> <span class='ocrx_word' id='word_1_33' title='bbox 926 490 1013 529; x_wconf 83' lang='lat' dir='ltr'>huie</span> <span class='ocrx_word' id='word_1_34' title='bbox 1046 490 1192 542; x_wconf 87' lang='lat' dir='ltr'>reliquit</span> 
     </span>
     <span class='ocr_line' id='line_1_12' title="bbox 230 551 1192 608; baseline -0.006 -12"><span class='ocrx_word' id='word_1_35' title='bbox 230 557 414 596; x_wconf 68' lang='lat' dir='ltr'>moriens?</span> <span class='ocrx_word' id='word_1_36' title='bbox 445 554 626 608; x_wconf 80' lang='lat' dir='ltr'>quomodo</span> <span class='ocrx_word' id='word_1_37' title='bbox 662 554 724 592; x_wconf 89' lang='lat' dir='ltr'>ille</span> <span class='ocrx_word' id='word_1_38' title='bbox 755 553 801 592; x_wconf 86' lang='lat' dir='ltr'>ab</span> <span class='ocrx_word' id='word_1_39' title='bbox 829 551 1024 591; x_wconf 84' lang='lat' dir='ltr'>hereditate</span> <span class='ocrx_word' id='word_1_40' title='bbox 1054 551 1192 602; x_wconf 83' lang='lat' dir='ltr'>abfuit,</span> 
     </span>
     <span class='ocr_line' id='line_1_13' title="bbox 229 612 1194 671; baseline -0.004 -14"><span class='ocrx_word' id='word_1_41' title='bbox 229 632 310 658; x_wconf 87' lang='lat' dir='ltr'>cum</span> <span class='ocrx_word' id='word_1_42' title='bbox 328 617 363 656; x_wconf 86' lang='lat' dir='ltr'>in</span> <span class='ocrx_word' id='word_1_43' title='bbox 381 617 507 671; x_wconf 87' lang='lat' dir='ltr'>primis</span> <span class='ocrx_word' id='word_1_44' title='bbox 521 615 714 655; x_wconf 71' lang='lat' dir='ltr'>heredibus</span> <span class='ocrx_word' id='word_1_45' title='bbox 729 629 766 654; x_wconf 86' lang='lat' dir='ltr'>se</span> <span class='ocrx_word' id='word_1_46' title='bbox 784 612 1066 653; x_wconf 85' lang='lat' dir='ltr'>adscribendum</span> <span class='ocrx_word' id='word_1_47' title='bbox 1085 622 1194 666; x_wconf 84' lang='lat' dir='ltr'>puta-</span> 
     </span>
     <span class='ocr_line' id='line_1_14' title="bbox 229 676 1195 719; baseline -0.004 -1"><span class='ocrx_word' id='word_1_48' title='bbox 229 682 321 719; x_wconf 75' lang='lat' dir='ltr'>verit</span> <span class='ocrx_word' id='word_1_49' title='bbox 341 680 359 718; x_wconf 67' lang='grc' dir='ltr'>Ξ)</span> <span class='ocrx_word' id='word_1_50' title='bbox 383 684 433 718; x_wconf 73' lang='lat' dir='ltr'>Ac</span> <span class='ocrx_word' id='word_1_51' title='bbox 455 681 567 718; x_wconf 88' lang='lat' dir='ltr'>multa</span> <span class='ocrx_word' id='word_1_52' title='bbox 585 679 652 717; x_wconf 86' lang='lat' dir='ltr'>alia</span> <span class='ocrx_word' id='word_1_53' title='bbox 675 677 732 716; x_wconf 84' lang='lat' dir='ltr'>his</span> <span class='ocrx_word' id='word_1_54' title='bbox 764 676 908 715; x_wconf 76' lang='lat' dir='ltr'>similia.</span> <span class='ocrx_word' id='word_1_55' title='bbox 927 677 981 716; x_wconf 93' lang='lat' dir='ltr'>Dc</span> <span class='ocrx_word' id='word_1_56' title='bbox 1006 676 1063 714; x_wconf 90' lang='lat' dir='ltr'>his</span> <span class='ocrx_word' id='word_1_57' title='bbox 1086 677 1195 715; x_wconf 89' lang='lat' dir='ltr'>rebus</span> 
     </span>
     <span class='ocr_line' id='line_1_15' title="bbox 232 739 1194 792; baseline -0.004 -12"><span class='ocrx_word' id='word_1_58' title='bbox 232 750 353 780; x_wconf 85' lang='lat' dir='ltr'>autem</span> <span class='ocrx_word' id='word_1_59' title='bbox 374 755 485 792; x_wconf 85' lang='lat' dir='ltr'>neque</span> <span class='ocrx_word' id='word_1_60' title='bbox 497 755 559 780; x_wconf 89' lang='lat' dir='ltr'>nos</span> <span class='ocrx_word' id='word_1_61' title='bbox 575 739 865 788; x_wconf 80' lang='lat' dir='ltr'>confabulemur,</span> <span class='ocrx_word' id='word_1_62' title='bbox 877 752 991 791; x_wconf 89' lang='lat' dir='ltr'>neque</span> <span class='ocrx_word' id='word_1_63' title='bbox 1008 739 1099 777; x_wconf 86' lang='lat' dir='ltr'>alios</span> <span class='ocrx_word' id='word_1_64' title='bbox 1114 751 1194 776; x_wconf 86' lang='lat' dir='ltr'>con·</span> 
     </span>
     <span class='ocr_line' id='line_1_16' title="bbox 229 799 1194 856; baseline -0.005 -14"><span class='ocrx_word' id='word_1_65' title='bbox 229 803 383 842; x_wconf 75' lang='lat' dir='ltr'>fabulari</span> <span class='ocrx_word' id='word_1_66' title='bbox 405 803 678 856; x_wconf 85' lang='lat' dir='ltr'>permittamus;</span> <span class='ocrx_word' id='word_1_67' title='bbox 701 800 765 840; x_wconf 88' lang='lat' dir='ltr'>sed</span> <span class='ocrx_word' id='word_1_68' title='bbox 788 800 1054 839; x_wconf 83' lang='lat' dir='ltr'>consideremus</span> <span class='ocrx_word' id='word_1_69' title='bbox 1074 799 1194 853; x_wconf 81' lang='lat' dir='ltr'>potius</span> 
     </span>
     <span class='ocr_line' id='line_1_17' title="bbox 231 861 1196 917; baseline -0.004 -14"><span class='ocrx_word' id='word_1_70' title='bbox 231 865 363 917; x_wconf 90' lang='lat' dir='ltr'>quibus</span> <span class='ocrx_word' id='word_1_71' title='bbox 377 864 486 903; x_wconf 90' lang='lat' dir='ltr'>dictis</span> <span class='ocrx_word' id='word_1_72' title='bbox 501 873 561 902; x_wconf 81' lang='lat' dir='ltr'>aut</span> <span class='ocrx_word' id='word_1_73' title='bbox 581 863 682 902; x_wconf 76' lang='lat' dir='ltr'>sactis</span> <span class='ocrx_word' id='word_1_74' title='bbox 707 865 778 901; x_wconf 88' lang='lat' dir='ltr'>Deo</span> <span class='ocrx_word' id='word_1_75' title='bbox 798 861 1034 916; x_wconf 84' lang='lat' dir='ltr'>placebimus.</span> <span class='ocrx_word' id='word_1_76' title='bbox 1054 862 1196 900; x_wconf 83' lang='lat' dir='ltr'>Rursus</span> 
     </span>
     <span class='ocr_line' id='line_1_18' title="bbox 232 922 1195 980; baseline -0.006 -15"><span class='ocrx_word' id='word_1_77' title='bbox 232 926 367 980; x_wconf 89' lang='lat' dir='ltr'>poteris</span> <span class='ocrx_word' id='word_1_78' title='bbox 376 935 522 979; x_wconf 88' lang='lat' dir='ltr'>propter</span> <span class='ocrx_word' id='word_1_79' title='bbox 536 927 653 964; x_wconf 80' lang='lat' dir='ltr'>Deum</span> <span class='ocrx_word' id='word_1_80' title='bbox 669 923 1011 976; x_wconf 79' lang='lat' dir='ltr'>silere,exagitatus,</span> <span class='ocrx_word' id='word_1_81' title='bbox 1027 922 1195 968; x_wconf 84' lang='lat' dir='ltr'>violatus,</span> 
     </span>
     <span class='ocr_line' id='line_1_19' title="bbox 233 983 1194 1040; baseline -0.005 -14"><span class='ocrx_word' id='word_1_82' title='bbox 233 988 372 1026; x_wconf 82' lang='lat' dir='ltr'>infinita</span> <span class='ocrx_word' id='word_1_83' title='bbox 392 987 484 1025; x_wconf 84' lang='lat' dir='ltr'>mala</span> <span class='ocrx_word' id='word_1_84' title='bbox 502 1001 641 1040; x_wconf 84' lang='lat' dir='ltr'>passus,</span> <span class='ocrx_word' id='word_1_85' title='bbox 662 986 691 1024; x_wconf 92' lang='lat' dir='ltr'>si</span> <span class='ocrx_word' id='word_1_86' title='bbox 708 987 799 1024; x_wconf 84' lang='lat' dir='ltr'>seras</span> <span class='ocrx_word' id='word_1_87' title='bbox 821 999 988 1037; x_wconf 82' lang='lat' dir='ltr'>generose</span> <span class='ocrx_word' id='word_1_88' title='bbox 1006 1012 1017 1030; x_wconf 88' lang='lat'>‚</span> <span class='ocrx_word' id='word_1_89' title='bbox 1043 993 1076 1022; x_wconf 93' lang='lat' dir='ltr'>et</span> <span class='ocrx_word' id='word_1_90' title='bbox 1096 983 1194 1021; x_wconf 81' lang='lat' dir='ltr'>nulla</span> 
     </span>
     <span class='ocr_line' id='line_1_20' title="bbox 234 1043 1195 1097; baseline -0.005 -11"><span class='ocrx_word' id='word_1_91' title='bbox 234 1047 423 1086; x_wconf 82' lang='lat' dir='ltr'>maledicta</span> <span class='ocrx_word' id='word_1_92' title='bbox 445 1047 573 1085; x_wconf 85' lang='lat' dir='ltr'>reseras</span> <span class='ocrx_word' id='word_1_93' title='bbox 606 1046 658 1084; x_wconf 90' lang='lat' dir='ltr'>illi</span> <span class='ocrx_word' id='word_1_94' title='bbox 679 1046 741 1097; x_wconf 82' lang='lat' dir='ltr'>qui</span> <span class='ocrx_word' id='word_1_95' title='bbox 766 1046 842 1084; x_wconf 65' lang='lat' dir='ltr'>haec</span> <span class='ocrx_word' id='word_1_96' title='bbox 875 1043 1091 1097; x_wconf 82' lang='lat' dir='ltr'>designavit.</span> <span class='ocrx_word' id='word_1_97' title='bbox 1117 1044 1195 1082; x_wconf 88' lang='lat' dir='ltr'>Non</span> 
     </span>
     <span class='ocr_line' id='line_1_21' title="bbox 234 1103 1195 1159; baseline -0.005 -12"><span class='ocrx_word' id='word_1_98' title='bbox 234 1117 355 1147; x_wconf 85' lang='lat' dir='ltr'>autem</span> <span class='ocrx_word' id='word_1_99' title='bbox 374 1107 524 1146; x_wconf 87' lang='lat' dir='ltr'>laudare</span> <span class='ocrx_word' id='word_1_100' title='bbox 541 1107 658 1146; x_wconf 89' lang='lat' dir='ltr'>solum</span> <span class='ocrx_word' id='word_1_101' title='bbox 688 1115 722 1145; x_wconf 89' lang='lat' dir='ltr'>et</span> <span class='ocrx_word' id='word_1_102' title='bbox 758 1106 963 1159; x_wconf 80' lang='lat' dir='ltr'>vituperare</span> <span class='ocrx_word' id='word_1_103' title='bbox 976 1136 987 1154; x_wconf 90' lang='lat'>‚</span> <span class='ocrx_word' id='word_1_104' title='bbox 1003 1119 1066 1143; x_wconf 90' lang='lat' dir='ltr'>nec</span> <span class='ocrx_word' id='word_1_105' title='bbox 1097 1103 1195 1143; x_wconf 90' lang='lat' dir='ltr'>domi</span> 
     </span>
     <span class='ocr_line' id='line_1_22' title="bbox 235 1165 1197 1218; baseline -0.004 -11"><span class='ocrx_word' id='word_1_106' title='bbox 235 1182 391 1216; x_wconf 87' lang='lat' dir='ltr'>manere,</span> <span class='ocrx_word' id='word_1_107' title='bbox 413 1177 474 1206; x_wconf 89' lang='lat' dir='ltr'>aut</span> <span class='ocrx_word' id='word_1_108' title='bbox 494 1169 587 1206; x_wconf 76' lang='lat' dir='ltr'>foras</span> <span class='ocrx_word' id='word_1_109' title='bbox 606 1168 669 1216; x_wconf 88' lang='lat' dir='ltr'>ire,</span> <span class='ocrx_word' id='word_1_110' title='bbox 691 1181 760 1206; x_wconf 94' lang='lat' dir='ltr'>non</span> <span class='ocrx_word' id='word_1_111' title='bbox 782 1167 896 1218; x_wconf 86' lang='lat' dir='ltr'>loqui,</span> <span class='ocrx_word' id='word_1_112' title='bbox 917 1176 979 1205; x_wconf 88' lang='lat' dir='ltr'>aut</span> <span class='ocrx_word' id='word_1_113' title='bbox 998 1166 1115 1212; x_wconf 87' lang='lat' dir='ltr'>silere,</span> <span class='ocrx_word' id='word_1_114' title='bbox 1135 1165 1197 1203; x_wconf 90' lang='lat' dir='ltr'>sed</span> 
     </span>
     <span class='ocr_line' id='line_1_23' title="bbox 235 1226 1197 1279; baseline -0.004 -12"><span class='ocrx_word' id='word_1_115' title='bbox 235 1229 341 1267; x_wconf 86' lang='lat' dir='ltr'>ctiam</span> <span class='ocrx_word' id='word_1_116' title='bbox 362 1229 461 1273; x_wconf 84' lang='lat' dir='ltr'>ssere,</span> <span class='ocrx_word' id='word_1_117' title='bbox 481 1228 618 1275; x_wconf 82' lang='lat' dir='ltr'>dolere,</span> <span class='ocrx_word' id='word_1_118' title='bbox 639 1237 672 1266; x_wconf 89' lang='lat' dir='ltr'>et</span> <span class='ocrx_word' id='word_1_119' title='bbox 691 1227 801 1266; x_wconf 82' lang='lat' dir='ltr'>laetari</span> <span class='ocrx_word' id='word_1_120' title='bbox 817 1241 959 1279; x_wconf 88' lang='lat' dir='ltr'>quoque</span> <span class='ocrx_word' id='word_1_121' title='bbox 977 1226 1026 1264; x_wconf 90' lang='lat' dir='ltr'>ad</span> <span class='ocrx_word' id='word_1_122' title='bbox 1045 1226 1197 1278; x_wconf 78' lang='lat' dir='ltr'>gloriam</span> 
     </span>
     <span class='ocr_line' id='line_1_24' title="bbox 235 1286 1198 1339; baseline -0.004 -10"><span class='ocrx_word' id='word_1_123' title='bbox 235 1290 301 1329; x_wconf 90' lang='lat' dir='ltr'>Dei</span> <span class='ocrx_word' id='word_1_124' title='bbox 322 1289 417 1329; x_wconf 88' lang='lat' dir='ltr'>lieet.</span> <span class='ocrx_word' id='word_1_125' title='bbox 442 1287 597 1338; x_wconf 81' lang='lat' dir='ltr'>Quando</span> <span class='ocrx_word' id='word_1_126' title='bbox 616 1289 711 1327; x_wconf 90' lang='lat' dir='ltr'>enim</span> <span class='ocrx_word' id='word_1_127' title='bbox 733 1288 791 1327; x_wconf 88' lang='lat' dir='ltr'>vel</span> <span class='ocrx_word' id='word_1_128' title='bbox 807 1288 950 1326; x_wconf 80' lang='lat' dir='ltr'>fratrem</span> <span class='ocrx_word' id='word_1_129' title='bbox 972 1286 1106 1325; x_wconf 82' lang='lat' dir='ltr'>videris</span> <span class='ocrx_word' id='word_1_130' title='bbox 1118 1300 1198 1339; x_wconf 89' lang='lat' dir='ltr'>pec-</span> 
     </span>
     <span class='ocr_line' id='line_1_25' title="bbox 235 1347 1199 1404; baseline -0.005 -14"><span class='ocrx_word' id='word_1_131' title='bbox 235 1361 374 1390; x_wconf 81' lang='lat' dir='ltr'>cantem</span> <span class='ocrx_word' id='word_1_132' title='bbox 391 1381 401 1399; x_wconf 91' lang='lat'>,</span> <span class='ocrx_word' id='word_1_133' title='bbox 420 1350 477 1390; x_wconf 75' lang='lat' dir='ltr'>vel</span> <span class='ocrx_word' id='word_1_134' title='bbox 496 1351 650 1404; x_wconf 89' lang='lat' dir='ltr'>teipsum</span> <span class='ocrx_word' id='word_1_135' title='bbox 671 1350 706 1388; x_wconf 95' lang='lat' dir='ltr'>in</span> <span class='ocrx_word' id='word_1_136' title='bbox 728 1358 910 1403; x_wconf 80' lang='lat' dir='ltr'>peccatum</span> <span class='ocrx_word' id='word_1_137' title='bbox 932 1347 1081 1400; x_wconf 88' lang='lat' dir='ltr'>aliquod</span> <span class='ocrx_word' id='word_1_138' title='bbox 1098 1347 1199 1386; x_wconf 88' lang='lat' dir='ltr'>dela-</span> 
     </span>
     <span class='ocr_line' id='line_1_26' title="bbox 235 1408 1200 1466; baseline -0.004 -15"><span class='ocrx_word' id='word_1_139' title='bbox 235 1411 498 1466; x_wconf 87' lang='lat' dir='ltr'>psum‚deinde</span> <span class='ocrx_word' id='word_1_140' title='bbox 514 1412 723 1464; x_wconf 81' lang='lat' dir='ltr'>ingemiscas</span> <span class='ocrx_word' id='word_1_141' title='bbox 738 1425 780 1450; x_wconf 86' lang='lat' dir='ltr'>ac</span> <span class='ocrx_word' id='word_1_142' title='bbox 791 1411 911 1449; x_wconf 90' lang='lat' dir='ltr'>animo</span> <span class='ocrx_word' id='word_1_143' title='bbox 929 1423 1091 1456; x_wconf 85' lang='lat' dir='ltr'>moereas,</span> <span class='ocrx_word' id='word_1_144' title='bbox 1103 1408 1200 1448; x_wconf 81' lang='lat' dir='ltr'>haud</span> 
     </span>
     <span class='ocr_line' id='line_1_27' title="bbox 236 1472 1201 1528; baseline -0.003 -15"><span class='ocrx_word' id='word_1_145' title='bbox 236 1473 482 1528; x_wconf 84' lang='lat' dir='ltr'>poenitendam</span> <span class='ocrx_word' id='word_1_146' title='bbox 501 1475 651 1513; x_wconf 85' lang='lat' dir='ltr'>salutem</span> <span class='ocrx_word' id='word_1_147' title='bbox 668 1488 711 1513; x_wconf 81' lang='lat' dir='ltr'>ex</span> <span class='ocrx_word' id='word_1_148' title='bbox 730 1474 799 1513; x_wconf 85' lang='lat' dir='ltr'>hoc</span> <span class='ocrx_word' id='word_1_149' title='bbox 821 1472 1029 1512; x_wconf 78' lang='lat' dir='ltr'>lucrifecisti</span> <span class='ocrx_word' id='word_1_150' title='bbox 1049 1489 1057 1508; x_wconf 91' lang='lat'>:</span> <span class='ocrx_word' id='word_1_151' title='bbox 1077 1486 1201 1524; x_wconf 89' lang='lat' dir='ltr'>quem—</span> 
     </span>
     <span class='ocr_line' id='line_1_28' title="bbox 235 1535 1201 1586; baseline -0.005 -10"><span class='ocrx_word' id='word_1_152' title='bbox 235 1536 431 1576; x_wconf 84' lang='lat' dir='ltr'>admodum</span> <span class='ocrx_word' id='word_1_153' title='bbox 465 1536 599 1575; x_wconf 88' lang='lat' dir='ltr'>Paulus</span> <span class='ocrx_word' id='word_1_154' title='bbox 617 1535 691 1573; x_wconf 90' lang='lat' dir='ltr'>ait:</span> <span class='ocrx_word' id='word_1_155' title='bbox 723 1536 798 1586; x_wconf 85' lang='lat' dir='ltr'>Qui</span> <span class='ocrx_word' id='word_1_156' title='bbox 828 1535 1042 1573; x_wconf 77' lang='lat' dir='ltr'>secundum</span> <span class='ocrx_word' id='word_1_157' title='bbox 1072 1535 1201 1572; x_wconf 82' lang='lat' dir='ltr'>Deum</span> 
     </span>
     <span class='ocr_line' id='line_1_29' title="bbox 236 1596 1198 1650; baseline -0.004 -13"><span class='ocrx_word' id='word_1_158' title='bbox 236 1599 352 1637; x_wconf 85' lang='lat' dir='ltr'>dolor</span> <span class='ocrx_word' id='word_1_159' title='bbox 370 1607 425 1636; x_wconf 81' lang='lat' dir='ltr'>cst</span> <span class='ocrx_word' id='word_1_160' title='bbox 440 1627 452 1648; x_wconf 90' lang='lat'><em>‚</em></span> <span class='ocrx_word' id='word_1_161' title='bbox 471 1598 639 1636; x_wconf 79' lang='lat' dir='ltr'>salutem</span> <span class='ocrx_word' id='word_1_162' title='bbox 658 1598 769 1636; x_wconf 79' lang='lat' dir='ltr'>haud</span> <span class='ocrx_word' id='word_1_163' title='bbox 782 1597 1046 1647; x_wconf 82' lang='lat' dir='ltr'>poenitendam</span> <span class='ocrx_word' id='word_1_164' title='bbox 1061 1596 1198 1650; x_wconf 63' lang='lat' dir='ltr'>efficit.</span> 
     </span>
     <span class='ocr_line' id='line_1_30' title="bbox 237 1660 1202 1709; baseline -0.003 -8"><span class='ocrx_word' id='word_1_165' title='bbox 237 1663 277 1702; x_wconf 86' lang='lat' dir='ltr'>Si</span> <span class='ocrx_word' id='word_1_166' title='bbox 298 1662 481 1701; x_wconf 87' lang='lat' dir='ltr'>florentem</span> <span class='ocrx_word' id='word_1_167' title='bbox 502 1661 655 1700; x_wconf 89' lang='lat' dir='ltr'>alterum</span> <span class='ocrx_word' id='word_1_168' title='bbox 677 1661 813 1709; x_wconf 83' lang='lat' dir='ltr'>videas,</span> <span class='ocrx_word' id='word_1_169' title='bbox 826 1660 938 1699; x_wconf 90' lang='lat' dir='ltr'>nolito</span> <span class='ocrx_word' id='word_1_170' title='bbox 960 1661 1012 1699; x_wconf 90' lang='lat' dir='ltr'>illi</span> <span class='ocrx_word' id='word_1_171' title='bbox 1033 1660 1202 1699; x_wconf 89' lang='lat' dir='ltr'>continuo</span> 
     </span>
     <span class='ocr_line' id='line_1_31' title="bbox 236 1721 1203 1775; baseline -0.003 -13"><span class='ocrx_word' id='word_1_172' title='bbox 236 1723 399 1763; x_wconf 84' lang='lat' dir='ltr'>invidere</span> <span class='ocrx_word' id='word_1_173' title='bbox 414 1754 425 1774; x_wconf 84' lang='lat'><em>,</em></span> <span class='ocrx_word' id='word_1_174' title='bbox 449 1723 511 1763; x_wconf 89' lang='lat' dir='ltr'>sed</span> <span class='ocrx_word' id='word_1_175' title='bbox 533 1725 609 1762; x_wconf 92' lang='lat' dir='ltr'>Deo</span> <span class='ocrx_word' id='word_1_176' title='bbox 624 1753 634 1772; x_wconf 93' lang='lat'><em>,</em></span> <span class='ocrx_word' id='word_1_177' title='bbox 657 1723 719 1775; x_wconf 84' lang='lat' dir='ltr'>qui</span> <span class='ocrx_word' id='word_1_178' title='bbox 752 1732 825 1761; x_wconf 90' lang='lat' dir='ltr'>tam</span> <span class='ocrx_word' id='word_1_179' title='bbox 853 1721 1065 1775; x_wconf 66' lang='lat' dir='ltr'>praeclarum</span> <span class='ocrx_word' id='word_1_180' title='bbox 1086 1722 1203 1760; x_wconf 80' lang='lat' dir='ltr'>effecit</span> 
     </span>
     <span class='ocr_line' id='line_1_32' title="bbox 237 1783 1204 1838; baseline -0.002 -14"><span class='ocrx_word' id='word_1_181' title='bbox 237 1786 384 1824; x_wconf 81' lang='lat' dir='ltr'>fratrem</span> <span class='ocrx_word' id='word_1_182' title='bbox 405 1794 522 1836; x_wconf 87' lang='lat' dir='ltr'>tunm,</span> <span class='ocrx_word' id='word_1_183' title='bbox 535 1785 687 1838; x_wconf 85' lang='lat' dir='ltr'>perinde</span> <span class='ocrx_word' id='word_1_184' title='bbox 705 1799 746 1824; x_wconf 87' lang='lat' dir='ltr'>ac</span> <span class='ocrx_word' id='word_1_185' title='bbox 765 1784 812 1823; x_wconf 88' lang='lat' dir='ltr'>de</span> <span class='ocrx_word' id='word_1_186' title='bbox 831 1783 985 1838; x_wconf 88' lang='lat' dir='ltr'>propriis</span> <span class='ocrx_word' id='word_1_187' title='bbox 1001 1783 1107 1824; x_wconf 91' lang='lat' dir='ltr'>bonis</span> <span class='ocrx_word' id='word_1_188' title='bbox 1122 1797 1204 1836; x_wconf 80' lang='lat' dir='ltr'>gra-</span> 
     </span>
     <span class='ocr_line' id='line_1_33' title="bbox 241 1845 1204 1900; baseline -0.003 -14"><span class='ocrx_word' id='word_1_189' title='bbox 241 1849 310 1886; x_wconf 86' lang='lat' dir='ltr'>tias</span> <span class='ocrx_word' id='word_1_190' title='bbox 341 1847 462 1900; x_wconf 83' lang='lat' dir='ltr'>agito,</span> <span class='ocrx_word' id='word_1_191' title='bbox 481 1857 514 1886; x_wconf 90' lang='lat' dir='ltr'>et</span> <span class='ocrx_word' id='word_1_192' title='bbox 534 1847 644 1899; x_wconf 85' lang='lat' dir='ltr'>hujus</span> <span class='ocrx_word' id='word_1_193' title='bbox 672 1846 804 1886; x_wconf 80' lang='lat' dir='ltr'>laetitiae</span> <span class='ocrx_word' id='word_1_194' title='bbox 829 1859 1066 1899; x_wconf 73' lang='lat' dir='ltr'>permagnum</span> <span class='ocrx_word' id='word_1_195' title='bbox 1094 1845 1204 1883; x_wconf 77' lang='lat' dir='ltr'>habes</span> 
     </span>
     <span class='ocr_line' id='line_1_34' title="bbox 242 1910 416 1950; baseline 0.011 -2"><span class='ocrx_word' id='word_1_196' title='bbox 242 1910 416 1950; x_wconf 77' lang='lat' dir='ltr'>fructum.</span> 
     </span>
    </p>

    <p class='ocr_par' dir='ltr' id='par_1_6' title="bbox 243 1968 1208 2146">
     <span class='ocr_line' id='line_1_35' title="bbox 298 1968 1204 2019; baseline -0.004 -9"><span class='ocrx_word' id='word_1_197' title='bbox 298 1972 333 2010; x_wconf 85' lang='lat'>5.</span> <span class='ocrx_word' id='word_1_198' title='bbox 351 1969 451 2019; x_wconf 89' lang='lat' dir='ltr'>Quid</span> <span class='ocrx_word' id='word_1_199' title='bbox 471 1971 568 2009; x_wconf 92' lang='lat' dir='ltr'>enim</span> <span class='ocrx_word' id='word_1_200' title='bbox 602 1969 735 2008; x_wconf 86' lang='lat' dir='ltr'>invidis</span> <span class='ocrx_word' id='word_1_201' title='bbox 758 1968 966 2007; x_wconf 88' lang='lat' dir='ltr'>hominibus</span> <span class='ocrx_word' id='word_1_202' title='bbox 988 1977 1040 2007; x_wconf 90' lang='lat' dir='ltr'>est</span> <span class='ocrx_word' id='word_1_203' title='bbox 1061 1968 1204 2006; x_wconf 88' lang='lat' dir='ltr'>misera-</span> 
     </span>
     <span class='ocr_line' id='line_1_36' title="bbox 243 2029 1207 2083; baseline -0.004 -12"><span class='ocrx_word' id='word_1_204' title='bbox 243 2031 358 2071; x_wconf 88' lang='lat' dir='ltr'>bilius</span> <span class='ocrx_word' id='word_1_205' title='bbox 374 2062 384 2080; x_wconf 91' lang='lat'>,</span> <span class='ocrx_word' id='word_1_206' title='bbox 401 2031 535 2083; x_wconf 88' lang='lat' dir='ltr'>quibus</span> <span class='ocrx_word' id='word_1_207' title='bbox 566 2045 647 2070; x_wconf 88' lang='lat' dir='ltr'>cum</span> <span class='ocrx_word' id='word_1_208' title='bbox 680 2030 784 2069; x_wconf 89' lang='lat' dir='ltr'>liceat</span> <span class='ocrx_word' id='word_1_209' title='bbox 815 2029 980 2082; x_wconf 84' lang='lat' dir='ltr'>gaudere,</span> <span class='ocrx_word' id='word_1_210' title='bbox 1001 2039 1035 2068; x_wconf 92' lang='lat' dir='ltr'>ct</span> <span class='ocrx_word' id='word_1_211' title='bbox 1051 2031 1207 2068; x_wconf 82' lang='lat' dir='ltr'>fructum</span> 
     </span>
     <span class='ocr_line' id='line_1_37' title="bbox 244 2091 1208 2146; baseline -0.002 -15"><span class='ocrx_word' id='word_1_212' title='bbox 244 2093 377 2132; x_wconf 83' lang='lat' dir='ltr'>laetitia:</span> <span class='ocrx_word' id='word_1_213' title='bbox 399 2108 472 2131; x_wconf 76' lang='lat' dir='ltr'>sua:</span> <span class='ocrx_word' id='word_1_214' title='bbox 495 2106 620 2146; x_wconf 75' lang='lat' dir='ltr'>capere</span> <span class='ocrx_word' id='word_1_215' title='bbox 636 2123 646 2140; x_wconf 96' lang='lat'>,</span> <span class='ocrx_word' id='word_1_216' title='bbox 665 2092 735 2145; x_wconf 90' lang='lat' dir='ltr'>ipsi</span> <span class='ocrx_word' id='word_1_217' title='bbox 767 2101 883 2130; x_wconf 86' lang='lat' dir='ltr'>tamen</span> <span class='ocrx_word' id='word_1_218' title='bbox 904 2091 1042 2130; x_wconf 90' lang='lat' dir='ltr'>malunt</span> <span class='ocrx_word' id='word_1_219' title='bbox 1064 2100 1208 2145; x_wconf 89' lang='lat' dir='ltr'>propter</span> 
     </span>
    </p>
   </div>
   <div class='ocr_carea' id='block_1_6' title="bbox 649 284 1191 320">
    <p class='ocr_par' dir='ltr' id='par_1_7' title="bbox 649 284 1191 320">
     <span class='ocr_line' id='line_1_38' title="bbox 649 284 1191 320; baseline -0.013 0"><span class='ocrx_word' id='word_1_220' title='bbox 649 289 669 320; x_wconf 88' lang='lat' dir='ltr'>S</span> <span class='ocrx_word' id='word_1_221' title='bbox 679 309 688 319; x_wconf 87' lang='lat'><em>.</em></span> <span class='ocrx_word' id='word_1_222' title='bbox 725 287 912 319; x_wconf 71' lang='lat' dir='ltr'>JOANMS</span> <span class='ocrx_word' id='word_1_223' title='bbox 947 284 1191 316; x_wconf 76' lang='lat' dir='ltr'>CHRYSOST.</span> 
     </span>
    </p>
   </div>
   <div class='ocr_carea' id='block_1_7' title="bbox 244 2153 1253 2206">
    <p class='ocr_par' dir='ltr' id='par_1_8' title="bbox 244 2153 1253 2206">
     <span class='ocr_line' id='line_1_39' title="bbox 244 2153 1253 2206; baseline -0.002 -12"><span class='ocrx_word' id='word_1_224' title='bbox 244 2155 379 2194; x_wconf 85' lang='lat' dir='ltr'>alienas</span> <span class='ocrx_word' id='word_1_225' title='bbox 408 2155 592 2194; x_wconf 77' lang='lat' dir='ltr'>felicitates</span> <span class='ocrx_word' id='word_1_226' title='bbox 621 2154 820 2200; x_wconf 86' lang='lat' dir='ltr'>dolerc;et</span> <span class='ocrx_word' id='word_1_227' title='bbox 853 2167 934 2192; x_wconf 90' lang='lat' dir='ltr'>cum</span> <span class='ocrx_word' id='word_1_228' title='bbox 969 2153 1094 2192; x_wconf 86' lang='lat' dir='ltr'>dolore</span> <span class='ocrx_word' id='word_1_229' title='bbox 1131 2154 1208 2206; x_wconf 89' lang='lat' dir='ltr'>ipso</span> <span class='ocrx_word' id='word_1_230' title='bbox 1244 2163 1253 2172; x_wconf 76' lang='grc'><em>“</em></span> 
     </span>
    </p>
   </div>
   <div class='ocr_carea' id='block_1_8' title="bbox 245 2214 1213 3370">
    <p class='ocr_par' dir='ltr' id='par_1_9' title="bbox 245 2214 1213 3370">
     <span class='ocr_line' id='line_1_40' title="bbox 245 2214 1208 2270; baseline -0.001 -15"><span class='ocrx_word' id='word_1_231' title='bbox 245 2230 388 2270; x_wconf 85' lang='lat' dir='ltr'>poenam</span> <span class='ocrx_word' id='word_1_232' title='bbox 408 2231 427 2254; x_wconf 90' lang='lat' dir='ltr'>a</span> <span class='ocrx_word' id='word_1_233' title='bbox 447 2217 536 2263; x_wconf 89' lang='lat' dir='ltr'>Deo,</span> <span class='ocrx_word' id='word_1_234' title='bbox 556 2225 587 2254; x_wconf 85' lang='lat' dir='ltr'>et</span> <span class='ocrx_word' id='word_1_235' title='bbox 604 2215 824 2268; x_wconf 89' lang='lat' dir='ltr'>supplicium</span> <span class='ocrx_word' id='word_1_236' title='bbox 846 2214 1072 2253; x_wconf 77' lang='lat' dir='ltr'>intolerabile</span> <span class='ocrx_word' id='word_1_237' title='bbox 1090 2230 1208 2255; x_wconf 88' lang='lat' dir='ltr'>arces-</span> 
     </span>
     <span class='ocr_line' id='line_1_41' title="bbox 245 2275 1209 2329; baseline -0.001 -13"><span class='ocrx_word' id='word_1_238' title='bbox 245 2278 345 2317; x_wconf 76' lang='lat' dir='ltr'>sere?</span> <span class='ocrx_word' id='word_1_239' title='bbox 364 2278 540 2316; x_wconf 79' lang='lat' dir='ltr'>Caeterum</span> <span class='ocrx_word' id='word_1_240' title='bbox 570 2276 658 2328; x_wconf 88' lang='lat' dir='ltr'>quid</span> <span class='ocrx_word' id='word_1_241' title='bbox 688 2275 810 2314; x_wconf 88' lang='lat' dir='ltr'>laudes</span> <span class='ocrx_word' id='word_1_242' title='bbox 840 2285 873 2314; x_wconf 89' lang='lat' dir='ltr'>et</span> <span class='ocrx_word' id='word_1_243' title='bbox 902 2276 1209 2329; x_wconf 83' lang='lat' dir='ltr'>vituperationes,</span> 
     </span>
     <span class='ocr_line' id='line_1_42' title="bbox 249 2337 1210 2386; baseline -0.001 -9"><span class='ocrx_word' id='word_1_244' title='bbox 249 2338 392 2377; x_wconf 88' lang='lat' dir='ltr'>dolores</span> <span class='ocrx_word' id='word_1_245' title='bbox 411 2347 443 2377; x_wconf 86' lang='lat' dir='ltr'>et</span> <span class='ocrx_word' id='word_1_246' title='bbox 464 2338 608 2376; x_wconf 67' lang='lat' dir='ltr'>laetitias</span> <span class='ocrx_word' id='word_1_247' title='bbox 629 2352 893 2386; x_wconf 85' lang='lat' dir='ltr'>commemoro;</span> <span class='ocrx_word' id='word_1_248' title='bbox 914 2337 975 2376; x_wconf 88' lang='lat' dir='ltr'>ubi</span> <span class='ocrx_word' id='word_1_249' title='bbox 996 2337 1102 2376; x_wconf 88' lang='lat' dir='ltr'>etiam</span> <span class='ocrx_word' id='word_1_250' title='bbox 1122 2352 1141 2376; x_wconf 89' lang='lat' dir='ltr'>a</span> <span class='ocrx_word' id='word_1_251' title='bbox 1165 2338 1210 2376; x_wconf 90' lang='lat' dir='ltr'>le-</span> 
     </span>
     <span class='ocr_line' id='line_1_43' title="bbox 246 2399 1210 2439; baseline -0.001 0"><span class='ocrx_word' id='word_1_252' title='bbox 246 2400 405 2439; x_wconf 71' lang='lat' dir='ltr'>vissimis</span> <span class='ocrx_word' id='word_1_253' title='bbox 432 2399 537 2438; x_wconf 82' lang='lat' dir='ltr'>rebus</span> <span class='ocrx_word' id='word_1_254' title='bbox 569 2403 602 2437; x_wconf 81' lang='lat' dir='ltr'>&#39;et</span> <span class='ocrx_word' id='word_1_255' title='bbox 623 2399 808 2437; x_wconf 81' lang='lat' dir='ltr'>vilissimis</span> <span class='ocrx_word' id='word_1_256' title='bbox 837 2399 1016 2437; x_wconf 82' lang='lat' dir='ltr'>maximas</span> <span class='ocrx_word' id='word_1_257' title='bbox 1036 2399 1210 2438; x_wconf 81' lang='lat' dir='ltr'>utilitates</span> 
     </span>
     <span class='ocr_line' id='line_1_44' title="bbox 250 2461 1209 2515; baseline 0 -15"><span class='ocrx_word' id='word_1_258' title='bbox 250 2461 505 2515; x_wconf 83' lang='lat' dir='ltr'>percipiemus,</span> <span class='ocrx_word' id='word_1_259' title='bbox 525 2461 552 2498; x_wconf 91' lang='lat' dir='ltr'>si</span> <span class='ocrx_word' id='word_1_260' title='bbox 580 2469 725 2513; x_wconf 90' lang='lat' dir='ltr'>propter</span> <span class='ocrx_word' id='word_1_261' title='bbox 745 2462 860 2499; x_wconf 91' lang='lat' dir='ltr'>Deum</span> <span class='ocrx_word' id='word_1_262' title='bbox 881 2461 1000 2513; x_wconf 90' lang='lat' dir='ltr'>ipsum</span> <span class='ocrx_word' id='word_1_263' title='bbox 1017 2475 1075 2500; x_wconf 87' lang='lat' dir='ltr'>eas</span> <span class='ocrx_word' id='word_1_264' title='bbox 1095 2461 1209 2500; x_wconf 84' lang='lat' dir='ltr'>sacia-</span> 
     </span>
     <span class='ocr_line' id='line_1_45' title="bbox 248 2523 1209 2573; baseline 0 -12"><span class='ocrx_word' id='word_1_265' title='bbox 248 2523 355 2562; x_wconf 76' lang='lat' dir='ltr'>mus?</span> <span class='ocrx_word' id='word_1_266' title='bbox 371 2523 467 2573; x_wconf 85' lang='lat' dir='ltr'>Quid</span> <span class='ocrx_word' id='word_1_267' title='bbox 484 2523 578 2561; x_wconf 93' lang='lat' dir='ltr'>enim</span> <span class='ocrx_word' id='word_1_268' title='bbox 595 2532 646 2561; x_wconf 89' lang='lat' dir='ltr'>est</span> <span class='ocrx_word' id='word_1_269' title='bbox 658 2531 802 2561; x_wconf 80' lang='lat' dir='ltr'>tonsura</span> <span class='ocrx_word' id='word_1_270' title='bbox 817 2523 973 2561; x_wconf 88' lang='lat' dir='ltr'>crinium</span> <span class='ocrx_word' id='word_1_271' title='bbox 988 2523 1209 2561; x_wconf 78' lang='lat' dir='ltr'>vilius?Hoc</span> 
     </span>
     <span class='ocr_line' id='line_1_46' title="bbox 250 2584 1209 2638; baseline 0 -15"><span class='ocrx_word' id='word_1_272' title='bbox 250 2594 364 2623; x_wconf 88' lang='lat' dir='ltr'>tamen</span> <span class='ocrx_word' id='word_1_273' title='bbox 388 2585 469 2623; x_wconf 90' lang='lat' dir='ltr'>licet</span> <span class='ocrx_word' id='word_1_274' title='bbox 489 2594 636 2638; x_wconf 88' lang='lat' dir='ltr'>propter</span> <span class='ocrx_word' id='word_1_275' title='bbox 659 2585 774 2622; x_wconf 90' lang='lat' dir='ltr'>Deum</span> <span class='ocrx_word' id='word_1_276' title='bbox 794 2584 922 2623; x_wconf 82' lang='lat' dir='ltr'>facere.</span> <span class='ocrx_word' id='word_1_277' title='bbox 939 2584 1094 2633; x_wconf 88' lang='lat' dir='ltr'>Quando</span> <span class='ocrx_word' id='word_1_278' title='bbox 1114 2585 1209 2623; x_wconf 91' lang='lat' dir='ltr'>enim</span> 
     </span>
     <span class='ocr_line' id='line_1_47' title="bbox 254 2646 1209 2699; baseline 0 -14"><span class='ocrx_word' id='word_1_279' title='bbox 254 2661 393 2685; x_wconf 88' lang='lat' dir='ltr'>comam</span> <span class='ocrx_word' id='word_1_280' title='bbox 415 2661 483 2685; x_wconf 91' lang='lat' dir='ltr'>non</span> <span class='ocrx_word' id='word_1_281' title='bbox 517 2646 761 2699; x_wconf 80' lang='lat' dir='ltr'>composueris</span> <span class='ocrx_word' id='word_1_282' title='bbox 777 2677 787 2694; x_wconf 88' lang='lat'>‚</span> <span class='ocrx_word' id='word_1_283' title='bbox 811 2661 924 2698; x_wconf 87' lang='lat' dir='ltr'>neque</span> <span class='ocrx_word' id='word_1_284' title='bbox 944 2646 1084 2684; x_wconf 88' lang='lat' dir='ltr'>vultum</span> <span class='ocrx_word' id='word_1_285' title='bbox 1109 2656 1209 2685; x_wconf 90' lang='lat' dir='ltr'>tuum</span> 
     </span>
     <span class='ocr_line' id='line_1_48' title="bbox 251 2707 1210 2759; baseline 0.001 -13"><span class='ocrx_word' id='word_1_286' title='bbox 251 2708 434 2746; x_wconf 77' lang='lat' dir='ltr'>ornaveris</span> <span class='ocrx_word' id='word_1_287' title='bbox 451 2737 461 2754; x_wconf 88' lang='lat'><strong>‚</strong></span> <span class='ocrx_word' id='word_1_288' title='bbox 484 2722 595 2759; x_wconf 85' lang='lat' dir='ltr'>neque</span> <span class='ocrx_word' id='word_1_289' title='bbox 628 2717 660 2746; x_wconf 89' lang='lat' dir='ltr'>te</span> <span class='ocrx_word' id='word_1_290' title='bbox 690 2709 738 2747; x_wconf 87' lang='lat' dir='ltr'>ad</span> <span class='ocrx_word' id='word_1_291' title='bbox 768 2707 954 2746; x_wconf 89' lang='lat' dir='ltr'>illecebras</span> <span class='ocrx_word' id='word_1_292' title='bbox 972 2722 1013 2747; x_wconf 86' lang='lat' dir='ltr'>ac</span> <span class='ocrx_word' id='word_1_293' title='bbox 1035 2708 1210 2747; x_wconf 87' lang='lat' dir='ltr'>lenocinia</span> 
     </span>
     <span class='ocr_line' id='line_1_49' title="bbox 252 2769 1207 2820; baseline 0.003 -14"><span class='ocrx_word' id='word_1_294' title='bbox 252 2783 390 2816; x_wconf 83' lang='lat' dir='ltr'>eorum,</span> <span class='ocrx_word' id='word_1_295' title='bbox 413 2770 472 2820; x_wconf 85' lang='lat' dir='ltr'>qui</span> <span class='ocrx_word' id='word_1_296' title='bbox 497 2779 528 2808; x_wconf 84' lang='lat' dir='ltr'>te</span> <span class='ocrx_word' id='word_1_297' title='bbox 546 2770 742 2816; x_wconf 88' lang='lat' dir='ltr'>intuentur,</span> <span class='ocrx_word' id='word_1_298' title='bbox 770 2769 951 2817; x_wconf 87' lang='lat' dir='ltr'>comseris‚</span> <span class='ocrx_word' id='word_1_299' title='bbox 977 2769 1040 2808; x_wconf 83' lang='lat' dir='ltr'>sed</span> <span class='ocrx_word' id='word_1_300' title='bbox 1059 2770 1207 2818; x_wconf 86' lang='lat' dir='ltr'>inculte,</span> 
     </span>
     <span class='ocr_line' id='line_1_50' title="bbox 251 2831 1209 2883; baseline 0.005 -17"><span class='ocrx_word' id='word_1_301' title='bbox 251 2838 283 2867; x_wconf 83' lang='lat' dir='ltr'>ct</span> <span class='ocrx_word' id='word_1_302' title='bbox 303 2841 475 2881; x_wconf 86' lang='lat' dir='ltr'>quantum</span> <span class='ocrx_word' id='word_1_303' title='bbox 497 2845 580 2869; x_wconf 84' lang='lat' dir='ltr'>usus</span> <span class='ocrx_word' id='word_1_304' title='bbox 599 2831 680 2879; x_wconf 86' lang='lat' dir='ltr'>fert,</span> <span class='ocrx_word' id='word_1_305' title='bbox 697 2831 850 2883; x_wconf 92' lang='lat' dir='ltr'>teipsum</span> <span class='ocrx_word' id='word_1_306' title='bbox 871 2832 1102 2883; x_wconf 77' lang='lat' dir='ltr'>apparaveris</span> <span class='ocrx_word' id='word_1_307' title='bbox 1130 2841 1209 2870; x_wconf 88' lang='lat' dir='ltr'>tan-</span> 
     </span>
     <span class='ocr_line' id='line_1_51' title="bbox 252 2891 1211 2945; baseline 0.005 -18"><span class='ocrx_word' id='word_1_308' title='bbox 252 2899 327 2929; x_wconf 88' lang='lat' dir='ltr'>tum</span> <span class='ocrx_word' id='word_1_309' title='bbox 346 2921 354 2938; x_wconf 86' lang='lat'>,</span> <span class='ocrx_word' id='word_1_310' title='bbox 376 2903 524 2944; x_wconf 83' lang='lat' dir='ltr'>propter</span> <span class='ocrx_word' id='word_1_311' title='bbox 547 2894 660 2931; x_wconf 86' lang='lat' dir='ltr'>Deum</span> <span class='ocrx_word' id='word_1_312' title='bbox 691 2891 803 2930; x_wconf 81' lang='lat' dir='ltr'>fecisti</span> <span class='ocrx_word' id='word_1_313' title='bbox 826 2922 836 2940; x_wconf 91' lang='lat'>,</span> <span class='ocrx_word' id='word_1_314' title='bbox 856 2901 889 2930; x_wconf 90' lang='lat' dir='ltr'>et</span> <span class='ocrx_word' id='word_1_315' title='bbox 908 2893 985 2945; x_wconf 85' lang='lat' dir='ltr'>ejus</span> <span class='ocrx_word' id='word_1_316' title='bbox 1013 2892 1211 2932; x_wconf 84' lang='lat' dir='ltr'>mercedem</span> 
     </span>
     <span class='ocr_line' id='line_1_52' title="bbox 254 2953 1211 3007; baseline 0.006 -19"><span class='ocrx_word' id='word_1_317' title='bbox 254 2953 550 3004; x_wconf 73' lang='lat' dir='ltr'>reportal›is‚tum</span> <span class='ocrx_word' id='word_1_318' title='bbox 566 2953 648 3005; x_wconf 83' lang='lat' dir='ltr'>quia</span> <span class='ocrx_word' id='word_1_319' title='bbox 670 2953 904 3007; x_wconf 84' lang='lat' dir='ltr'>cupiditatem</span> <span class='ocrx_word' id='word_1_320' title='bbox 925 2955 1121 3007; x_wconf 84' lang='lat' dir='ltr'>repressisti</span> <span class='ocrx_word' id='word_1_321' title='bbox 1137 2970 1211 2994; x_wconf 88' lang='lat' dir='ltr'>ma·</span> 
     </span>
     <span class='ocr_line' id='line_1_53' title="bbox 255 3013 1213 3068; baseline 0.007 -19"><span class='ocrx_word' id='word_1_322' title='bbox 255 3013 324 3050; x_wconf 74' lang='lat' dir='ltr'>lam</span> <span class='ocrx_word' id='word_1_323' title='bbox 346 3044 355 3058; x_wconf 83' lang='grc'>,</span> <span class='ocrx_word' id='word_1_324' title='bbox 382 3023 456 3052; x_wconf 84' lang='lat' dir='ltr'>tum</span> <span class='ocrx_word' id='word_1_325' title='bbox 489 3015 570 3066; x_wconf 80' lang='lat' dir='ltr'>quia</span> <span class='ocrx_word' id='word_1_326' title='bbox 591 3015 824 3054; x_wconf 87' lang='lat' dir='ltr'>ambitionem</span> <span class='ocrx_word' id='word_1_327' title='bbox 850 3015 1093 3068; x_wconf 85' lang='lat' dir='ltr'>importunam</span> <span class='ocrx_word' id='word_1_328' title='bbox 1110 3031 1213 3055; x_wconf 88' lang='lat' dir='ltr'>coer-</span> 
     </span>
     <span class='ocr_line' id='line_1_54' title="bbox 256 3074 1212 3128; baseline 0.008 -19"><span class='ocrx_word' id='word_1_329' title='bbox 256 3074 371 3111; x_wconf 78' lang='lat' dir='ltr'>cuisti.</span> <span class='ocrx_word' id='word_1_330' title='bbox 394 3075 431 3113; x_wconf 83' lang='lat' dir='ltr'>Si</span> <span class='ocrx_word' id='word_1_331' title='bbox 453 3076 545 3114; x_wconf 87' lang='lat' dir='ltr'>enim</span> <span class='ocrx_word' id='word_1_332' title='bbox 577 3079 637 3127; x_wconf 87' lang='lat' dir='ltr'>qui</span> <span class='ocrx_word' id='word_1_333' title='bbox 661 3077 829 3128; x_wconf 90' lang='lat' dir='ltr'>poculum</span> <span class='ocrx_word' id='word_1_334' title='bbox 855 3076 998 3128; x_wconf 74' lang='lat' dir='ltr'>frigida:</span> <span class='ocrx_word' id='word_1_335' title='bbox 1015 3078 1132 3117; x_wconf 87' lang='lat' dir='ltr'>solum</span> <span class='ocrx_word' id='word_1_336' title='bbox 1151 3079 1212 3117; x_wconf 83' lang='lat' dir='ltr'>dat</span> 
     </span>
     <span class='ocr_line' id='line_1_55' title="bbox 259 3136 1212 3186; baseline 0.01 -18"><span class='ocrx_word' id='word_1_337' title='bbox 259 3144 402 3185; x_wconf 76' lang='lat' dir='ltr'>propter</span> <span class='ocrx_word' id='word_1_338' title='bbox 423 3136 553 3179; x_wconf 82' lang='lat' dir='ltr'>Deum,</span> <span class='ocrx_word' id='word_1_339' title='bbox 566 3137 662 3186; x_wconf 77' lang='lat' dir='ltr'>regni</span> <span class='ocrx_word' id='word_1_340' title='bbox 681 3137 851 3175; x_wconf 71' lang='lat' dir='ltr'>caelorum</span> <span class='ocrx_word' id='word_1_341' title='bbox 871 3137 1107 3178; x_wconf 83' lang='lat' dir='ltr'>hereditatem</span> <span class='ocrx_word' id='word_1_342' title='bbox 1128 3139 1212 3178; x_wconf 78' lang='lat' dir='ltr'>adi-</span> 
     </span>
     <span class='ocr_line' id='line_1_56' title="bbox 261 3194 1212 3251; baseline 0.009 -20"><span class='ocrx_word' id='word_1_343' title='bbox 261 3194 310 3232; x_wconf 85' lang='lat' dir='ltr'>bit</span> <span class='ocrx_word' id='word_1_344' title='bbox 327 3212 335 3233; x_wconf 71' lang='grc' dir='ltr'>ι</span> <span class='ocrx_word' id='word_1_345' title='bbox 355 3196 414 3246; x_wconf 81' lang='lat' dir='ltr'>qui</span> <span class='ocrx_word' id='word_1_346' title='bbox 433 3197 550 3235; x_wconf 85' lang='lat' dir='ltr'>omnia</span> <span class='ocrx_word' id='word_1_347' title='bbox 568 3198 686 3235; x_wconf 75' lang='lat' dir='ltr'>fecerit</span> <span class='ocrx_word' id='word_1_348' title='bbox 702 3208 846 3251; x_wconf 88' lang='lat' dir='ltr'>propter</span> <span class='ocrx_word' id='word_1_349' title='bbox 870 3201 985 3238; x_wconf 90' lang='lat' dir='ltr'>Deum</span> <span class='ocrx_word' id='word_1_350' title='bbox 1004 3230 1012 3246; x_wconf 85' lang='lat'>‚</span> <span class='ocrx_word' id='word_1_351' title='bbox 1028 3200 1212 3240; x_wconf 85' lang='lat' dir='ltr'>considera</span> 
     </span>
     <span class='ocr_line' id='line_1_57' title="bbox 260 3257 1211 3316; baseline 0.011 -25"><span class='ocrx_word' id='word_1_352' title='bbox 260 3265 426 3305; x_wconf 76' lang='lat' dir='ltr'>quantam</span> <span class='ocrx_word' id='word_1_353' title='bbox 448 3257 595 3295; x_wconf 69' lang='lat' dir='ltr'>babebit</span> <span class='ocrx_word' id='word_1_354' title='bbox 615 3260 949 3311; x_wconf 54' lang='lat' dir='ltr'>compensationem.</span> <span class='ocrx_word' id='word_1_355' title='bbox 965 3261 1061 3308; x_wconf 88' lang='lat' dir='ltr'>Quin</span> <span class='ocrx_word' id='word_1_356' title='bbox 1078 3271 1110 3300; x_wconf 89' lang='lat' dir='ltr'>et</span> <span class='ocrx_word' id='word_1_357' title='bbox 1131 3276 1211 3316; x_wconf 87' lang='lat' dir='ltr'>pro·</span> 
     </span>
     <span class='ocr_line' id='line_1_58' title="bbox 261 3315 1212 3370; baseline 0.012 -23"><span class='ocrx_word' id='word_1_358' title='bbox 261 3322 336 3365; x_wconf 77' lang='lat' dir='ltr'>pter</span> <span class='ocrx_word' id='word_1_359' title='bbox 358 3315 469 3351; x_wconf 88' lang='lat' dir='ltr'>Deum</span> <span class='ocrx_word' id='word_1_360' title='bbox 493 3315 651 3354; x_wconf 80' lang='lat' dir='ltr'>incedere</span> <span class='ocrx_word' id='word_1_361' title='bbox 674 3347 683 3362; x_wconf 88' lang='lat'>‚</span> <span class='ocrx_word' id='word_1_362' title='bbox 712 3326 744 3354; x_wconf 80' lang='lat' dir='ltr'>et</span> <span class='ocrx_word' id='word_1_363' title='bbox 769 3326 913 3370; x_wconf 79' lang='lat' dir='ltr'>propter</span> <span class='ocrx_word' id='word_1_364' title='bbox 932 3320 1045 3357; x_wconf 83' lang='lat' dir='ltr'>Deum</span> <span class='ocrx_word' id='word_1_365' title='bbox 1084 3320 1212 3358; x_wconf 76' lang='lat' dir='ltr'>intueri</span> 
     </span>
    </p>
   </div>
   <div class='ocr_carea' id='block_1_9' title="bbox 1231 282 1839 315">
    <p class='ocr_par' dir='ltr' id='par_1_10' title="bbox 1231 282 1839 315">
     <span class='ocr_line' id='line_1_59' title="bbox 1231 282 1839 315; baseline 0 -2"><span class='ocrx_word' id='word_1_366' title='bbox 1231 284 1421 315; x_wconf 68' lang='lat' dir='ltr'>Attcutm‘</span> <span class='ocrx_word' id='word_1_367' title='bbox 1430 304 1440 314; x_wconf 85' lang='lat'><strong>.</strong></span> <span class='ocrx_word' id='word_1_368' title='bbox 1478 283 1649 315; x_wconf 72' lang='lat' dir='ltr'><strong>CONSTA</strong></span> <span class='ocrx_word' id='word_1_369' title='bbox 1658 283 1728 314; x_wconf 70' lang='lat' dir='ltr'>NT!</span> <span class='ocrx_word' id='word_1_370' title='bbox 1737 282 1820 313; x_wconf 69' lang='lat' dir='ltr'>Noe</span> <span class='ocrx_word' id='word_1_371' title='bbox 1829 303 1839 313; x_wconf 92' lang='lat'><em>.</em></span> 
     </span>
    </p>
   </div>
   <div class='ocr_carea' id='block_1_10' title="bbox 1265 366 2302 1402">
    <p class='ocr_par' dir='ltr' id='par_1_11' title="bbox 1265 366 2302 1402">
     <span class='ocr_line' id='line_1_60' title="bbox 1265 366 2293 420; baseline -0.002 -14"><span class='ocrx_word' id='word_1_372' title='bbox 1265 370 1473 417; x_wconf 78' lang='grc' dir='ltr'>ποιοῦντας,</span> <span class='ocrx_word' id='word_1_373' title='bbox 1491 367 1514 415; x_wconf 80' lang='grc' dir='ltr'>ἢ</span> <span class='ocrx_word' id='word_1_374' title='bbox 1539 368 1574 407; x_wconf 90' lang='grc' dir='ltr'>τί</span> <span class='ocrx_word' id='word_1_375' title='bbox 1606 367 1772 419; x_wconf 78' lang='grc' dir='ltr'>λέγοντας</span> <span class='ocrx_word' id='word_1_376' title='bbox 1791 368 1886 407; x_wconf 84' lang='grc' dir='ltr'>ἔστιν</span> <span class='ocrx_word' id='word_1_377' title='bbox 1919 366 2043 418; x_wconf 78' lang='grc' dir='ltr'>ἀρέσαι</span> <span class='ocrx_word' id='word_1_378' title='bbox 2062 368 2158 420; x_wconf 75' lang='grc' dir='ltr'>Θεῷ.</span> <span class='ocrx_word' id='word_1_379' title='bbox 2179 366 2293 407; x_wconf 81' lang='grc' dir='ltr'>Πάλιν</span> 
     </span>
     <span class='ocr_line' id='line_1_61' title="bbox 1265 428 2296 483; baseline -0.002 -14"><span class='ocrx_word' id='word_1_380' title='bbox 1265 430 1340 470; x_wconf 80' lang='grc' dir='ltr'>ἔστι</span> <span class='ocrx_word' id='word_1_381' title='bbox 1357 433 1503 483; x_wconf 74' lang='grc' dir='ltr'>σιγῆσαι</span> <span class='ocrx_word' id='word_1_382' title='bbox 1517 428 1575 468; x_wconf 78' lang='grc' dir='ltr'>διὰ</span> <span class='ocrx_word' id='word_1_383' title='bbox 1593 429 1651 470; x_wconf 80' lang='grc' dir='ltr'>τὸν</span> <span class='ocrx_word' id='word_1_384' title='bbox 1669 429 1777 476; x_wconf 81' lang='grc' dir='ltr'>Θεὸν,</span> <span class='ocrx_word' id='word_1_385' title='bbox 1800 428 2048 482; x_wconf 68' lang='grc' dir='ltr'>ῡὸριζόμενος,</span> <span class='ocrx_word' id='word_1_386' title='bbox 2066 428 2296 481; x_wconf 77' lang='grc' dir='ltr'>λοιδορούμε-</span> 
     </span>
     <span class='ocr_line' id='line_1_62' title="bbox 1266 489 2299 545; baseline -0.002 -15"><span class='ocrx_word' id='word_1_387' title='bbox 1266 508 1342 538; x_wconf 88' lang='grc' dir='ltr'>νος,</span> <span class='ocrx_word' id='word_1_388' title='bbox 1363 491 1474 545; x_wconf 88' lang='grc' dir='ltr'>μυρία</span> <span class='ocrx_word' id='word_1_389' title='bbox 1497 491 1648 544; x_wconf 69' lang='grc' dir='ltr'>πάσχων</span> <span class='ocrx_word' id='word_1_390' title='bbox 1678 490 1792 537; x_wconf 70' lang='grc' dir='ltr'>κακὰ,</span> <span class='ocrx_word' id='word_1_391' title='bbox 1811 490 1853 529; x_wconf 81' lang='grc' dir='ltr'>ἂν</span> <span class='ocrx_word' id='word_1_392' title='bbox 1885 490 1993 543; x_wconf 76' lang='grc' dir='ltr'>φέρῃς</span> <span class='ocrx_word' id='word_1_393' title='bbox 2023 489 2210 542; x_wconf 79' lang='grc' dir='ltr'><strong>γενναίως,</strong></span> <span class='ocrx_word' id='word_1_394' title='bbox 2238 489 2299 529; x_wconf 76' lang='grc' dir='ltr'>καὶ</span> 
     </span>
     <span class='ocr_line' id='line_1_63' title="bbox 1267 551 2299 607; baseline -0.001 -16"><span class='ocrx_word' id='word_1_395' title='bbox 1267 552 1376 605; x_wconf 80' lang='grc' dir='ltr'>μηδὲν</span> <span class='ocrx_word' id='word_1_396' title='bbox 1412 555 1510 607; x_wconf 76' lang='grc' dir='ltr'>ῥῆμα</span> <span class='ocrx_word' id='word_1_397' title='bbox 1553 552 1762 606; x_wconf 75' lang='grc' dir='ltr'>βλάσφημον</span> <span class='ocrx_word' id='word_1_398' title='bbox 1801 551 1982 604; x_wconf 79' lang='grc' dir='ltr'>ἐξενέγκῃς</span> <span class='ocrx_word' id='word_1_399' title='bbox 2011 553 2059 595; x_wconf 85' lang='grc' dir='ltr'>εἷς</span> <span class='ocrx_word' id='word_1_400' title='bbox 2095 552 2152 591; x_wconf 90' lang='grc' dir='ltr'>τὸν</span> <span class='ocrx_word' id='word_1_401' title='bbox 2187 555 2299 590; x_wconf 77' lang='grc' dir='ltr'>ταῦτα</span> 
     </span>
     <span class='ocr_line' id='line_1_64' title="bbox 1265 612 2300 666; baseline -0.001 -13"><span class='ocrx_word' id='word_1_402' title='bbox 1265 617 1448 653; x_wconf 76' lang='grc' dir='ltr'>ποιοῦντα.</span> <span class='ocrx_word' id='word_1_403' title='bbox 1470 616 1548 654; x_wconf 81' lang='grc' dir='ltr'>Οὐκ</span> <span class='ocrx_word' id='word_1_404' title='bbox 1578 614 1762 653; x_wconf 79' lang='grc' dir='ltr'>ἐπαινέσαι</span> <span class='ocrx_word' id='word_1_405' title='bbox 1787 613 1824 652; x_wconf 82' lang='grc' dir='ltr'>δὲ</span> <span class='ocrx_word' id='word_1_406' title='bbox 1848 614 1907 653; x_wconf 80' lang='grc' dir='ltr'>καὶ</span> <span class='ocrx_word' id='word_1_407' title='bbox 1939 612 2042 666; x_wconf 82' lang='grc' dir='ltr'>ψέξαι</span> <span class='ocrx_word' id='word_1_408' title='bbox 2073 613 2197 664; x_wconf 87' lang='grc' dir='ltr'>μόνον,</span> <span class='ocrx_word' id='word_1_409' title='bbox 2223 613 2300 652; x_wconf 70' lang='grc' dir='ltr'>οὐδὲ</span> 
     </span>
     <span class='ocr_line' id='line_1_65' title="bbox 1266 674 2300 728; baseline -0.001 -14"><span class='ocrx_word' id='word_1_410' title='bbox 1266 675 1362 715; x_wconf 77' lang='grc' dir='ltr'>ἔνδον</span> <span class='ocrx_word' id='word_1_411' title='bbox 1391 681 1509 726; x_wconf 84' lang='grc' dir='ltr'>μεῖναι</span> <span class='ocrx_word' id='word_1_412' title='bbox 1535 675 1595 714; x_wconf 70' lang='grc' dir='ltr'>καὶ</span> <span class='ocrx_word' id='word_1_413' title='bbox 1620 675 1768 720; x_wconf 76' lang='grc' dir='ltr'>ἐξελθεῖν</span> <span class='ocrx_word' id='word_1_414' title='bbox 1783 705 1793 724; x_wconf 88' lang='lat'>,</span> <span class='ocrx_word' id='word_1_415' title='bbox 1826 675 1902 714; x_wconf 75' lang='grc' dir='ltr'>οὐδὲ</span> <span class='ocrx_word' id='word_1_416' title='bbox 1934 674 2147 728; x_wconf 77' lang='grc' dir='ltr'>φθέγξασθαι</span> <span class='ocrx_word' id='word_1_417' title='bbox 2167 674 2228 714; x_wconf 68' lang='grc' dir='ltr'>καὶ</span> <span class='ocrx_word' id='word_1_418' title='bbox 2244 691 2300 714; x_wconf 74' lang='grc' dir='ltr'>σι-</span> 
     </span>
     <span class='ocr_line' id='line_1_66' title="bbox 1268 735 2300 789; baseline -0.002 -13"><span class='ocrx_word' id='word_1_419' title='bbox 1268 740 1393 789; x_wconf 83' lang='grc' dir='ltr'>γῆσαι,</span> <span class='ocrx_word' id='word_1_420' title='bbox 1406 736 1497 776; x_wconf 74' lang='grc' dir='ltr'>ἀλλὰ</span> <span class='ocrx_word' id='word_1_421' title='bbox 1520 736 1581 775; x_wconf 82' lang='grc' dir='ltr'>καὶ</span> <span class='ocrx_word' id='word_1_422' title='bbox 1598 738 1751 775; x_wconf 80' lang='grc' dir='ltr'>κλαῦσαι</span> <span class='ocrx_word' id='word_1_423' title='bbox 1766 736 1826 775; x_wconf 80' lang='grc' dir='ltr'>καὶ</span> <span class='ocrx_word' id='word_1_424' title='bbox 1845 737 2059 784; x_wconf 70' lang='grc' dir='ltr'>λυπηθῆναι,</span> <span class='ocrx_word' id='word_1_425' title='bbox 2071 735 2130 775; x_wconf 80' lang='grc' dir='ltr'>καὶ</span> <span class='ocrx_word' id='word_1_426' title='bbox 2149 739 2300 784; x_wconf 70' lang='grc' dir='ltr'>ἡσθῆναι</span> 
     </span>
     <span class='ocr_line' id='line_1_67' title="bbox 1269 797 2302 852; baseline 0 -16"><span class='ocrx_word' id='word_1_427' title='bbox 1269 798 1329 837; x_wconf 81' lang='grc' dir='ltr'>καὶ</span> <span class='ocrx_word' id='word_1_428' title='bbox 1341 799 1575 852; x_wconf 68' lang='grc' dir='ltr'>εὐφρανθῆναι</span> <span class='ocrx_word' id='word_1_429' title='bbox 1592 798 1686 838; x_wconf 84' lang='grc' dir='ltr'>ἔστιν</span> <span class='ocrx_word' id='word_1_430' title='bbox 1703 799 1750 842; x_wconf 85' lang='grc' dir='ltr'>εἷς</span> <span class='ocrx_word' id='word_1_431' title='bbox 1773 797 1873 842; x_wconf 75' lang='grc' dir='ltr'>δόξαν</span> <span class='ocrx_word' id='word_1_432' title='bbox 1889 797 2122 838; x_wconf 71' lang='grc' dir='ltr'>Θεοῦ.”Οταν</span> <span class='ocrx_word' id='word_1_433' title='bbox 2142 797 2210 850; x_wconf 77' lang='grc' dir='ltr'>γὰρ</span> <span class='ocrx_word' id='word_1_434' title='bbox 2223 797 2302 850; x_wconf 77' lang='grc' dir='ltr'>ἴδῃς</span> 
     </span>
     <span class='ocr_line' id='line_1_68' title="bbox 1269 858 2299 913; baseline 0 -15"><span class='ocrx_word' id='word_1_435' title='bbox 1269 859 1290 907; x_wconf 88' lang='grc' dir='ltr'>ἢ</span> <span class='ocrx_word' id='word_1_436' title='bbox 1307 861 1456 913; x_wconf 68' lang='grc' dir='ltr'>ἀδελφὸν</span> <span class='ocrx_word' id='word_1_437' title='bbox 1476 860 1741 913; x_wconf 79' lang='grc' dir='ltr'>ἁμαρτάνοντα,</span> <span class='ocrx_word' id='word_1_438' title='bbox 1758 858 1782 906; x_wconf 81' lang='grc' dir='ltr'>ἢ</span> <span class='ocrx_word' id='word_1_439' title='bbox 1802 859 1929 899; x_wconf 91' lang='grc' dir='ltr'>σαυτὸν</span> <span class='ocrx_word' id='word_1_440' title='bbox 1946 858 2213 913; x_wconf 83' lang='grc' dir='ltr'>παραπτώματι</span> <span class='ocrx_word' id='word_1_441' title='bbox 2231 875 2299 898; x_wconf 80' lang='grc' dir='ltr'>πε-</span> 
     </span>
     <span class='ocr_line' id='line_1_69' title="bbox 1270 916 2301 974; baseline -0.003 -13"><span class='ocrx_word' id='word_1_442' title='bbox 1270 921 1471 974; x_wconf 83' lang='grc' dir='ltr'>ριπεσόντα,</span> <span class='ocrx_word' id='word_1_443' title='bbox 1486 916 1563 960; x_wconf 72' lang='grc' dir='ltr'>εἶτα</span> <span class='ocrx_word' id='word_1_444' title='bbox 1582 921 1747 974; x_wconf 78' lang='grc' dir='ltr'>στενάξῃς</span> <span class='ocrx_word' id='word_1_445' title='bbox 1759 921 1818 960; x_wconf 78' lang='grc' dir='ltr'>καὶ</span> <span class='ocrx_word' id='word_1_446' title='bbox 1832 922 2008 973; x_wconf 82' lang='grc' dir='ltr'>λυπηθῇς,</span> <span class='ocrx_word' id='word_1_447' title='bbox 2029 920 2216 973; x_wconf 83' lang='grc' dir='ltr'>ἐκέρδανας</span> <span class='ocrx_word' id='word_1_448' title='bbox 2229 920 2301 959; x_wconf 73' lang='grc' dir='ltr'>ἀπὸ</span> 
     </span>
     <span class='ocr_line' id='line_1_70' title="bbox 1268 983 2301 1036; baseline -0.001 -13"><span class='ocrx_word' id='word_1_449' title='bbox 1268 987 1331 1032; x_wconf 81' lang='grc' dir='ltr'>τῆς</span> <span class='ocrx_word' id='word_1_450' title='bbox 1349 984 1464 1032; x_wconf 81' lang='grc' dir='ltr'>λύπης</span> <span class='ocrx_word' id='word_1_451' title='bbox 1483 983 1659 1035; x_wconf 80' lang='grc' dir='ltr'>σωτηρίαν</span> <span class='ocrx_word' id='word_1_452' title='bbox 1680 984 1964 1034; x_wconf 74' lang='grc' dir='ltr'>ἀμεταμέλητον,</span> <span class='ocrx_word' id='word_1_453' title='bbox 1985 983 2145 1036; x_wconf 81' lang='grc' dir='ltr'>καθάπερ</span> <span class='ocrx_word' id='word_1_454' title='bbox 2162 986 2181 1022; x_wconf 85' lang='grc' dir='ltr'><strong>ὁ</strong></span> <span class='ocrx_word' id='word_1_455' title='bbox 2199 984 2301 1022; x_wconf 77' lang='grc' dir='ltr'>Παῦ-</span> 
     </span>
     <span class='ocr_line' id='line_1_71' title="bbox 1269 1043 2301 1098; baseline -0.002 -14"><span class='ocrx_word' id='word_1_456' title='bbox 1269 1046 1328 1090; x_wconf 88' lang='grc' dir='ltr'>λός</span> <span class='ocrx_word' id='word_1_457' title='bbox 1346 1045 1474 1098; x_wconf 69' lang='grc' dir='ltr'>φησιν’·</span> <span class='ocrx_word' id='word_1_458' title='bbox 1491 1044 1535 1084; x_wconf 83' lang='grc' dir='ltr'><strong>Ἡ</strong></span> <span class='ocrx_word' id='word_1_459' title='bbox 1557 1045 1624 1098; x_wconf 74' lang='grc' dir='ltr'>γὰρ</span> <span class='ocrx_word' id='word_1_460' title='bbox 1645 1045 1736 1083; x_wconf 79' lang='grc' dir='ltr'>κατὰ</span> <span class='ocrx_word' id='word_1_461' title='bbox 1751 1045 1843 1084; x_wconf 89' lang='grc' dir='ltr'>Θεὸν</span> <span class='ocrx_word' id='word_1_462' title='bbox 1859 1043 1956 1090; x_wconf 84' lang='grc' dir='ltr'>λύπη</span> <span class='ocrx_word' id='word_1_463' title='bbox 1974 1043 2151 1095; x_wconf 77' lang='grc' dir='ltr'>σωτηρίαν</span> <span class='ocrx_word' id='word_1_464' title='bbox 2170 1045 2301 1094; x_wconf 82' lang='grc' dir='ltr'>ἀμετα-</span> 
     </span>
     <span class='ocr_line' id='line_1_72' title="bbox 1273 1104 2300 1158; baseline -0.001 -13"><span class='ocrx_word' id='word_1_465' title='bbox 1273 1106 1424 1157; x_wconf 81' lang='grc' dir='ltr'>μέλητον</span> <span class='ocrx_word' id='word_1_466' title='bbox 1454 1107 1720 1158; x_wconf 76' lang='grc' dir='ltr'>κατεργάζεται.</span> <span class='ocrx_word' id='word_1_467' title='bbox 1739 1104 1800 1145; x_wconf 81' lang='grc' dir='ltr'>Ἂν</span> <span class='ocrx_word' id='word_1_468' title='bbox 1817 1111 1830 1126; x_wconf 81' lang='grc'><em>“</em></span> <span class='ocrx_word' id='word_1_469' title='bbox 1852 1106 1927 1158; x_wconf 72' lang='grc' dir='ltr'>ἴδῃς</span> <span class='ocrx_word' id='word_1_470' title='bbox 1952 1105 2204 1155; x_wconf 73' lang='grc' dir='ltr'>εὐδοκιμοῦντα</span> <span class='ocrx_word' id='word_1_471' title='bbox 2223 1104 2300 1144; x_wconf 78' lang='grc' dir='ltr'>ἔτι-</span> 
     </span>
     <span class='ocr_line' id='line_1_73' title="bbox 1274 1163 2301 1222; baseline -0.003 -15"><span class='ocrx_word' id='word_1_472' title='bbox 1274 1184 1354 1222; x_wconf 90' lang='grc' dir='ltr'>ρον,</span> <span class='ocrx_word' id='word_1_473' title='bbox 1374 1163 1450 1207; x_wconf 71' lang='grc' dir='ltr'>εἶτα</span> <span class='ocrx_word' id='word_1_474' title='bbox 1470 1168 1520 1219; x_wconf 79' lang='grc' dir='ltr'>μὴ</span> <span class='ocrx_word' id='word_1_475' title='bbox 1543 1168 1741 1219; x_wconf 76' lang='grc' dir='ltr'>βασκῆνῃς,</span> <span class='ocrx_word' id='word_1_476' title='bbox 1761 1168 1839 1207; x_wconf 79' lang='grc' dir='ltr'>ἀλλ’</span> <span class='ocrx_word' id='word_1_477' title='bbox 1855 1170 1902 1211; x_wconf 81' lang='grc' dir='ltr'>ὡς</span> <span class='ocrx_word' id='word_1_478' title='bbox 1926 1167 1985 1205; x_wconf 80' lang='grc' dir='ltr'>ἐπὶ</span> <span class='ocrx_word' id='word_1_479' title='bbox 2001 1166 2140 1210; x_wconf 76' lang='grc' dir='ltr'>οἰκείοις</span> <span class='ocrx_word' id='word_1_480' title='bbox 2161 1167 2301 1216; x_wconf 78' lang='grc' dir='ltr'>ἀγαθοῖς</span> 
     </span>
     <span class='ocr_line' id='line_1_74' title="bbox 1271 1226 2301 1282; baseline -0.003 -14"><span class='ocrx_word' id='word_1_481' title='bbox 1271 1229 1532 1282; x_wconf 70' lang='grc' dir='ltr'>εὖχαριστὴσῃς</span> <span class='ocrx_word' id='word_1_482' title='bbox 1553 1232 1603 1281; x_wconf 81' lang='grc' dir='ltr'>τῷ</span> <span class='ocrx_word' id='word_1_483' title='bbox 1624 1231 1727 1281; x_wconf 83' lang='grc' dir='ltr'>Θεῷ,</span> <span class='ocrx_word' id='word_1_484' title='bbox 1747 1231 1797 1280; x_wconf 85' lang='grc' dir='ltr'>τῷ</span> <span class='ocrx_word' id='word_1_485' title='bbox 1823 1227 2012 1274; x_wconf 67' lang='grc' dir='ltr'>ποιήσαντι</span> <span class='ocrx_word' id='word_1_486' title='bbox 2043 1226 2207 1279; x_wconf 83' lang='grc' dir='ltr'>λαμπρόν</span> <span class='ocrx_word' id='word_1_487' title='bbox 2239 1243 2301 1266; x_wconf 85' lang='grc' dir='ltr'>σου</span> 
     </span>
     <span class='ocr_line' id='line_1_75' title="bbox 1271 1287 2301 1343; baseline -0.003 -14"><span class='ocrx_word' id='word_1_488' title='bbox 1271 1290 1329 1329; x_wconf 87' lang='grc' dir='ltr'>τὸν</span> <span class='ocrx_word' id='word_1_489' title='bbox 1351 1290 1499 1343; x_wconf 68' lang='grc' dir='ltr'>ἀδελφὸν</span> <span class='ocrx_word' id='word_1_490' title='bbox 1512 1319 1522 1337; x_wconf 87' lang='grc'>,</span> <span class='ocrx_word' id='word_1_491' title='bbox 1542 1289 1678 1337; x_wconf 73' lang='grc' dir='ltr'>καὶτῆς</span> <span class='ocrx_word' id='word_1_492' title='bbox 1695 1295 1809 1342; x_wconf 74' lang='grc' dir='ltr'>χαρᾶς</span> <span class='ocrx_word' id='word_1_493' title='bbox 1827 1289 1958 1336; x_wconf 81' lang='grc' dir='ltr'>ταύτης</span> <span class='ocrx_word' id='word_1_494' title='bbox 1976 1287 2085 1326; x_wconf 77' lang='grc' dir='ltr'>πολὺν</span> <span class='ocrx_word' id='word_1_495' title='bbox 2105 1287 2228 1331; x_wconf 68' lang='grc' dir='ltr'>ἔλαθες</span> <span class='ocrx_word' id='word_1_496' title='bbox 2243 1288 2301 1327; x_wconf 88' lang='grc' dir='ltr'>τὸν</span> 
     </span>
     <span class='ocr_line' id='line_1_76' title="bbox 1275 1350 1411 1402; baseline 0 -14"><span class='ocrx_word' id='word_1_497' title='bbox 1275 1350 1411 1402; x_wconf 82' lang='grc' dir='ltr'>μισθόν.</span> 
     </span>
    </p>
   </div>
   <div class='ocr_carea' id='block_1_11' title="bbox 1280 1958 2318 3373">
    <p class='ocr_par' dir='ltr' id='par_1_12' title="bbox 1280 1958 2318 3373">
     <span class='ocr_line' id='line_1_77' title="bbox 1331 1958 2304 2019; baseline 0.005 -16"><span class='ocrx_word' id='word_1_498' title='bbox 1331 1964 1380 2004; x_wconf 91' lang='grc' dir='ltr'>Τί</span> <span class='ocrx_word' id='word_1_499' title='bbox 1391 1964 1518 2017; x_wconf 73' lang='grc' dir='ltr'>γένοιτ’</span> <span class='ocrx_word' id='word_1_500' title='bbox 1527 1967 1567 2004; x_wconf 84' lang='grc' dir='ltr'>ἂν</span> <span class='ocrx_word' id='word_1_501' title='bbox 1581 1958 1651 2014; x_wconf 67' lang='grc' dir='ltr'>οἶν,</span> <span class='ocrx_word' id='word_1_502' title='bbox 1662 1967 1738 2006; x_wconf 82' lang='grc' dir='ltr'>εἶπέ</span> <span class='ocrx_word' id='word_1_503' title='bbox 1750 1982 1822 2018; x_wconf 86' lang='grc' dir='ltr'>μοι,</span> <span class='ocrx_word' id='word_1_504' title='bbox 1837 1969 1906 2007; x_wconf 81' lang='grc' dir='ltr'>τῶν</span> <span class='ocrx_word' id='word_1_505' title='bbox 1920 1968 2106 2019; x_wconf 81' lang='grc' dir='ltr'>βασκάνων</span> <span class='ocrx_word' id='word_1_506' title='bbox 2117 1966 2304 2008; x_wconf 72' lang='grc' dir='ltr'>ἐλεεινότα-</span> 
     </span>
     <span class='ocr_line' id='line_1_78' title="bbox 1281 2027 2307 2083; baseline 0.004 -18"><span class='ocrx_word' id='word_1_507' title='bbox 1281 2041 1353 2078; x_wconf 87' lang='grc' dir='ltr'>ρον,</span> <span class='ocrx_word' id='word_1_508' title='bbox 1376 2027 1459 2066; x_wconf 80' lang='grc' dir='ltr'>ὅταν</span> <span class='ocrx_word' id='word_1_509' title='bbox 1479 2027 1552 2073; x_wconf 77' lang='grc' dir='ltr'>ἐξὸν</span> <span class='ocrx_word' id='word_1_510' title='bbox 1570 2029 1630 2067; x_wconf 81' lang='grc' dir='ltr'>καὶ</span> <span class='ocrx_word' id='word_1_511' title='bbox 1643 2028 1780 2081; x_wconf 74' lang='grc' dir='ltr'>χαίρειν</span> <span class='ocrx_word' id='word_1_512' title='bbox 1798 2029 1857 2068; x_wconf 79' lang='grc' dir='ltr'>καὶ</span> <span class='ocrx_word' id='word_1_513' title='bbox 1877 2029 2068 2083; x_wconf 81' lang='grc' dir='ltr'>κερδαίνειν</span> <span class='ocrx_word' id='word_1_514' title='bbox 2089 2029 2146 2068; x_wconf 78' lang='grc' dir='ltr'>διὰ</span> <span class='ocrx_word' id='word_1_515' title='bbox 2165 2029 2229 2078; x_wconf 78' lang='grc' dir='ltr'>τὴν</span> <span class='ocrx_word' id='word_1_516' title='bbox 2240 2046 2307 2083; x_wconf 79' lang='grc' dir='ltr'>χα-</span> 
     </span>
     <span class='ocr_line' id='line_1_79' title="bbox 1281 2088 2307 2144; baseline 0.001 -18"><span class='ocrx_word' id='word_1_517' title='bbox 1281 2089 1356 2142; x_wconf 79' lang='grc' dir='ltr'>ρὰν,</span> <span class='ocrx_word' id='word_1_518' title='bbox 1368 2088 1465 2128; x_wconf 78' lang='grc' dir='ltr'>αὐτοὶ</span> <span class='ocrx_word' id='word_1_519' title='bbox 1479 2089 1539 2128; x_wconf 86' lang='grc' dir='ltr'>καὶ</span> <span class='ocrx_word' id='word_1_520' title='bbox 1550 2091 1735 2129; x_wconf 85' lang='grc' dir='ltr'>λυπεῖσθαι</span> <span class='ocrx_word' id='word_1_521' title='bbox 1752 2094 1916 2144; x_wconf 78' lang='grc' dir='ltr'>αἱρῶνται</span> <span class='ocrx_word' id='word_1_522' title='bbox 1931 2093 2064 2142; x_wconf 79' lang='grc' dir='ltr'>μᾶλλον</span> <span class='ocrx_word' id='word_1_523' title='bbox 2076 2091 2134 2130; x_wconf 72' lang='grc' dir='ltr'>ἐπὶ</span> <span class='ocrx_word' id='word_1_524' title='bbox 2149 2098 2223 2135; x_wconf 83' lang='grc' dir='ltr'>ταῖς</span> <span class='ocrx_word' id='word_1_525' title='bbox 2237 2095 2307 2131; x_wconf 80' lang='grc' dir='ltr'>τῶν</span> 
     </span>
     <span class='ocr_line' id='line_1_80' title="bbox 1281 2150 2306 2204; baseline 0 -15"><span class='ocrx_word' id='word_1_526' title='bbox 1281 2150 1408 2204; x_wconf 84' lang='grc' dir='ltr'>ἑτέρων</span> <span class='ocrx_word' id='word_1_527' title='bbox 1429 2151 1690 2201; x_wconf 79' lang='grc' dir='ltr'>εὖδοκιμήσεσι,</span> <span class='ocrx_word' id='word_1_528' title='bbox 1703 2151 1763 2190; x_wconf 74' lang='grc' dir='ltr'>καὶ</span> <span class='ocrx_word' id='word_1_529' title='bbox 1784 2151 1874 2202; x_wconf 78' lang='grc' dir='ltr'>μετὰ</span> <span class='ocrx_word' id='word_1_530' title='bbox 1893 2155 1956 2199; x_wconf 73' lang='grc' dir='ltr'>τῆς</span> <span class='ocrx_word' id='word_1_531' title='bbox 1973 2152 2086 2199; x_wconf 81' lang='grc' dir='ltr'>λύπης</span> <span class='ocrx_word' id='word_1_532' title='bbox 2104 2150 2155 2190; x_wconf 83' lang='grc' dir='ltr'>ἔτι</span> <span class='ocrx_word' id='word_1_533' title='bbox 2174 2151 2234 2190; x_wconf 80' lang='grc' dir='ltr'>καὶ</span> <span class='ocrx_word' id='word_1_534' title='bbox 2248 2151 2306 2191; x_wconf 86' lang='grc' dir='ltr'>κό-</span> 
     </span>
     <span class='ocr_line' id='line_1_81' title="bbox 1280 2212 2306 2265; baseline 0.001 -15"><span class='ocrx_word' id='word_1_535' title='bbox 1280 2215 1382 2251; x_wconf 89' lang='grc' dir='ltr'>λασιν</span> <span class='ocrx_word' id='word_1_536' title='bbox 1398 2214 1615 2251; x_wconf 83' lang='grc' dir='ltr'>ἐπισπᾶσθαι</span> <span class='ocrx_word' id='word_1_537' title='bbox 1637 2212 1735 2265; x_wconf 77' lang='grc' dir='ltr'>παρὰ</span> <span class='ocrx_word' id='word_1_538' title='bbox 1756 2217 1816 2252; x_wconf 78' lang='grc' dir='ltr'>τοῦ</span> <span class='ocrx_word' id='word_1_539' title='bbox 1830 2215 1936 2259; x_wconf 75' lang='grc' dir='ltr'>Θεοῦ,</span> <span class='ocrx_word' id='word_1_540' title='bbox 1950 2213 2011 2252; x_wconf 77' lang='grc' dir='ltr'>καὶ</span> <span class='ocrx_word' id='word_1_541' title='bbox 2025 2213 2200 2265; x_wconf 83' lang='grc' dir='ltr'>τιμωρίαν</span> <span class='ocrx_word' id='word_1_542' title='bbox 2220 2213 2306 2265; x_wconf 79' lang='grc' dir='ltr'>ἁφό-</span> 
     </span>
     <span class='ocr_line' id='line_1_82' title="bbox 1283 2273 2307 2329; baseline 0 -17"><span class='ocrx_word' id='word_1_543' title='bbox 1283 2289 1406 2329; x_wconf 85' lang='grc' dir='ltr'>ρητον;</span> <span class='ocrx_word' id='word_1_544' title='bbox 1428 2273 1498 2312; x_wconf 76' lang='grc' dir='ltr'>Καὶ</span> <span class='ocrx_word' id='word_1_545' title='bbox 1516 2274 1550 2312; x_wconf 87' lang='grc' dir='ltr'>τί</span> <span class='ocrx_word' id='word_1_546' title='bbox 1571 2274 1641 2326; x_wconf 80' lang='grc' dir='ltr'>χρὴ</span> <span class='ocrx_word' id='word_1_547' title='bbox 1663 2274 1776 2326; x_wconf 84' lang='grc' dir='ltr'>λέγειν</span> <span class='ocrx_word' id='word_1_548' title='bbox 1797 2275 1970 2320; x_wconf 84' lang='grc' dir='ltr'>ἐπαίνους,</span> <span class='ocrx_word' id='word_1_549' title='bbox 1989 2274 2049 2313; x_wconf 74' lang='grc' dir='ltr'>καὶ</span> <span class='ocrx_word' id='word_1_550' title='bbox 2077 2274 2205 2327; x_wconf 81' lang='grc' dir='ltr'>ψόγους</span> <span class='ocrx_word' id='word_1_551' title='bbox 2218 2303 2229 2323; x_wconf 95' lang='grc'>,</span> <span class='ocrx_word' id='word_1_552' title='bbox 2247 2275 2307 2313; x_wconf 74' lang='grc' dir='ltr'>καὶ</span> 
     </span>
     <span class='ocr_line' id='line_1_83' title="bbox 1280 2334 2307 2388; baseline -0.003 -13"><span class='ocrx_word' id='word_1_553' title='bbox 1280 2335 1394 2380; x_wconf 87' lang='grc' dir='ltr'>λύπας</span> <span class='ocrx_word' id='word_1_554' title='bbox 1408 2364 1418 2382; x_wconf 93' lang='grc'>,</span> <span class='ocrx_word' id='word_1_555' title='bbox 1437 2335 1495 2373; x_wconf 69' lang='grc' dir='ltr'>καὶ</span> <span class='ocrx_word' id='word_1_556' title='bbox 1509 2336 1644 2388; x_wconf 74' lang='grc' dir='ltr'>χαρὰς,</span> <span class='ocrx_word' id='word_1_557' title='bbox 1660 2334 1746 2374; x_wconf 82' lang='grc' dir='ltr'>ὅπου</span> <span class='ocrx_word' id='word_1_558' title='bbox 1765 2351 1805 2387; x_wconf 90' lang='grc' dir='ltr'>γε</span> <span class='ocrx_word' id='word_1_559' title='bbox 1829 2335 1889 2374; x_wconf 77' lang='grc' dir='ltr'>καὶ</span> <span class='ocrx_word' id='word_1_560' title='bbox 1911 2335 1981 2374; x_wconf 81' lang='grc' dir='ltr'>ἀπὸ</span> <span class='ocrx_word' id='word_1_561' title='bbox 2000 2337 2068 2374; x_wconf 83' lang='grc' dir='ltr'>τῶν</span> <span class='ocrx_word' id='word_1_562' title='bbox 2087 2335 2307 2387; x_wconf 83' lang='grc' dir='ltr'>μικροτάτων</span> 
     </span>
     <span class='ocr_line' id='line_1_84' title="bbox 1282 2395 2309 2449; baseline -0.001 -14"><span class='ocrx_word' id='word_1_563' title='bbox 1282 2399 1395 2436; x_wconf 79' lang='grc' dir='ltr'>αὐτῶν</span> <span class='ocrx_word' id='word_1_564' title='bbox 1436 2397 1495 2435; x_wconf 82' lang='grc' dir='ltr'>καὶ</span> <span class='ocrx_word' id='word_1_565' title='bbox 1537 2397 1793 2436; x_wconf 83' lang='grc' dir='ltr'>εὐτελεστάτων</span> <span class='ocrx_word' id='word_1_566' title='bbox 1828 2396 2048 2449; x_wconf 76' lang='grc' dir='ltr'>πραγμάτων</span> <span class='ocrx_word' id='word_1_567' title='bbox 2080 2396 2125 2434; x_wconf 81' lang='grc' dir='ltr'>τὰ</span> <span class='ocrx_word' id='word_1_568' title='bbox 2171 2395 2309 2448; x_wconf 80' lang='grc' dir='ltr'>μέγιστ’</span> 
     </span>
     <span class='ocr_line' id='line_1_85' title="bbox 1281 2458 2310 2511; baseline -0.002 -13"><span class='ocrx_word' id='word_1_569' title='bbox 1281 2459 1356 2498; x_wconf 84' lang='grc' dir='ltr'>ἔστι</span> <span class='ocrx_word' id='word_1_570' title='bbox 1383 2458 1663 2511; x_wconf 85' lang='grc' dir='ltr'>καρπώσασθαι,</span> <span class='ocrx_word' id='word_1_571' title='bbox 1680 2458 1720 2496; x_wconf 82' lang='grc' dir='ltr'>ἂν</span> <span class='ocrx_word' id='word_1_572' title='bbox 1750 2458 1807 2496; x_wconf 78' lang='grc' dir='ltr'>διὰ</span> <span class='ocrx_word' id='word_1_573' title='bbox 1832 2458 1890 2497; x_wconf 86' lang='grc' dir='ltr'>τὸν</span> <span class='ocrx_word' id='word_1_574' title='bbox 1913 2458 2004 2498; x_wconf 81' lang='grc' dir='ltr'>Θεὸν</span> <span class='ocrx_word' id='word_1_575' title='bbox 2026 2458 2115 2497; x_wconf 72' lang='grc' dir='ltr'>αὐτὰ</span> <span class='ocrx_word' id='word_1_576' title='bbox 2134 2461 2310 2509; x_wconf 73' lang='grc' dir='ltr'>ποιῶμενς</span> 
     </span>
     <span class='ocr_line' id='line_1_86' title="bbox 1281 2519 2312 2574; baseline -0.002 -14"><span class='ocrx_word' id='word_1_577' title='bbox 1281 2520 1330 2560; x_wconf 87' lang='grc' dir='ltr'>Τί</span> <span class='ocrx_word' id='word_1_578' title='bbox 1354 2520 1422 2574; x_wconf 77' lang='grc' dir='ltr'>γὰρ</span> <span class='ocrx_word' id='word_1_579' title='bbox 1449 2525 1509 2560; x_wconf 75' lang='grc' dir='ltr'>τοῦ</span> <span class='ocrx_word' id='word_1_580' title='bbox 1538 2519 1721 2573; x_wconf 82' lang='grc' dir='ltr'>κείρασθαι</span> <span class='ocrx_word' id='word_1_581' title='bbox 1750 2521 2014 2574; x_wconf 79' lang='grc' dir='ltr'>εὖτελέστερον;</span> <span class='ocrx_word' id='word_1_582' title='bbox 2033 2519 2126 2559; x_wconf 82' lang='grc' dir='ltr'>Ἀλλ’</span> <span class='ocrx_word' id='word_1_583' title='bbox 2151 2519 2225 2559; x_wconf 79' lang='grc' dir='ltr'>ἔστι</span> <span class='ocrx_word' id='word_1_584' title='bbox 2251 2519 2312 2559; x_wconf 78' lang='grc' dir='ltr'>καὶ</span> 
     </span>
     <span class='ocr_line' id='line_1_87' title="bbox 1283 2580 2310 2634; baseline -0.002 -13"><span class='ocrx_word' id='word_1_585' title='bbox 1283 2587 1386 2621; x_wconf 77' lang='grc' dir='ltr'>τοῦτο</span> <span class='ocrx_word' id='word_1_586' title='bbox 1400 2585 1548 2629; x_wconf 74' lang='grc' dir='ltr'>ποιῆσαι</span> <span class='ocrx_word' id='word_1_587' title='bbox 1569 2582 1624 2621; x_wconf 84' lang='grc' dir='ltr'>διὰ</span> <span class='ocrx_word' id='word_1_588' title='bbox 1637 2582 1696 2621; x_wconf 86' lang='grc' dir='ltr'>τὸν</span> <span class='ocrx_word' id='word_1_589' title='bbox 1714 2581 1819 2621; x_wconf 77' lang='grc' dir='ltr'>Θεόν.</span> <span class='ocrx_word' id='word_1_590' title='bbox 1833 2581 1950 2621; x_wconf 71' lang='lat' dir='ltr'>&#39;&#39;O-tow</span> <span class='ocrx_word' id='word_1_591' title='bbox 1967 2581 2036 2634; x_wconf 80' lang='grc' dir='ltr'>γὰρ</span> <span class='ocrx_word' id='word_1_592' title='bbox 2051 2581 2101 2633; x_wconf 84' lang='grc' dir='ltr'>μὴ</span> <span class='ocrx_word' id='word_1_593' title='bbox 2121 2581 2184 2628; x_wconf 76' lang='grc' dir='ltr'>τὴν</span> <span class='ocrx_word' id='word_1_594' title='bbox 2196 2580 2310 2632; x_wconf 82' lang='grc' dir='ltr'>κόμην</span> 
     </span>
     <span class='ocr_line' id='line_1_88' title="bbox 1285 2642 2309 2697; baseline -0.002 -13"><span class='ocrx_word' id='word_1_595' title='bbox 1285 2646 1417 2697; x_wconf 70' lang='grc' dir='ltr'>διαθῇς,</span> <span class='ocrx_word' id='word_1_596' title='bbox 1432 2644 1521 2695; x_wconf 82' lang='grc' dir='ltr'>μηδὲ</span> <span class='ocrx_word' id='word_1_597' title='bbox 1539 2644 1766 2695; x_wconf 81' lang='grc' dir='ltr'>καλλωπίσῃς</span> <span class='ocrx_word' id='word_1_598' title='bbox 1785 2644 1848 2690; x_wconf 75' lang='grc' dir='ltr'>τὴν</span> <span class='ocrx_word' id='word_1_599' title='bbox 1862 2644 1953 2695; x_wconf 53' lang='grc' dir='ltr'>ἄψιν,</span> <span class='ocrx_word' id='word_1_600' title='bbox 1968 2643 2059 2694; x_wconf 76' lang='grc' dir='ltr'>μηδὲ</span> <span class='ocrx_word' id='word_1_601' title='bbox 2079 2642 2165 2696; x_wconf 83' lang='grc' dir='ltr'>πρὸς</span> <span class='ocrx_word' id='word_1_602' title='bbox 2186 2642 2309 2694; x_wconf 59' lang='lat' dir='ltr'>&amp;stup</span> 
     </span>
     <span class='ocr_line' id='line_1_89' title="bbox 1284 2703 2309 2757; baseline -0.003 -12"><span class='ocrx_word' id='word_1_603' title='bbox 1284 2706 1343 2745; x_wconf 79' lang='grc' dir='ltr'>καὶ</span> <span class='ocrx_word' id='word_1_604' title='bbox 1362 2706 1502 2753; x_wconf 80' lang='grc' dir='ltr'>ἀπάτην</span> <span class='ocrx_word' id='word_1_605' title='bbox 1517 2709 1587 2744; x_wconf 83' lang='grc' dir='ltr'>τῶν</span> <span class='ocrx_word' id='word_1_606' title='bbox 1604 2705 1765 2757; x_wconf 84' lang='grc' dir='ltr'>ὁρώντων</span> <span class='ocrx_word' id='word_1_607' title='bbox 1785 2707 1911 2742; x_wconf 87' lang='grc' dir='ltr'>σαυτὸν</span> <span class='ocrx_word' id='word_1_608' title='bbox 1926 2703 2216 2756; x_wconf 78' lang='grc' dir='ltr'>κατακοσμήσῃς,</span> <span class='ocrx_word' id='word_1_609' title='bbox 2231 2703 2309 2742; x_wconf 76' lang='grc' dir='ltr'>ἀλλ’</span> 
     </span>
     <span class='ocr_line' id='line_1_90' title="bbox 1284 2765 2312 2819; baseline -0.003 -12"><span class='ocrx_word' id='word_1_610' title='bbox 1284 2768 1405 2812; x_wconf 81' lang='grc' dir='ltr'>ἁπλῶς</span> <span class='ocrx_word' id='word_1_611' title='bbox 1424 2767 1483 2806; x_wconf 71' lang='grc' dir='ltr'>καὶ</span> <span class='ocrx_word' id='word_1_612' title='bbox 1505 2769 1552 2810; x_wconf 83' lang='grc' dir='ltr'>ὡς</span> <span class='ocrx_word' id='word_1_613' title='bbox 1572 2768 1692 2818; x_wconf 73' lang='grc' dir='ltr'>ἔτυχεν</span> <span class='ocrx_word' id='word_1_614' title='bbox 1720 2765 1780 2804; x_wconf 77' lang='grc' dir='ltr'>καὶ</span> <span class='ocrx_word' id='word_1_615' title='bbox 1806 2766 1887 2805; x_wconf 76' lang='grc' dir='ltr'>ὅσον</span> <span class='ocrx_word' id='word_1_616' title='bbox 1902 2769 1924 2813; x_wconf 81' lang='grc' dir='ltr'>ἡ</span> <span class='ocrx_word' id='word_1_617' title='bbox 1945 2766 2048 2819; x_wconf 70' lang='grc' dir='ltr'>χρεία</span> <span class='ocrx_word' id='word_1_618' title='bbox 2075 2767 2216 2804; x_wconf 72' lang='grc' dir='ltr'>ἀπαιτεῖ</span> <span class='ocrx_word' id='word_1_619' title='bbox 2246 2766 2312 2816; x_wconf 83' lang='grc' dir='ltr'>μό-</span> 
     </span>
     <span class='ocr_line' id='line_1_91' title="bbox 1285 2826 2312 2879; baseline -0.004 -10"><span class='ocrx_word' id='word_1_620' title='bbox 1285 2845 1362 2879; x_wconf 88' lang='grc' dir='ltr'>νον,</span> <span class='ocrx_word' id='word_1_621' title='bbox 1378 2828 1434 2867; x_wconf 83' lang='grc' dir='ltr'>διὰ</span> <span class='ocrx_word' id='word_1_622' title='bbox 1457 2828 1514 2867; x_wconf 88' lang='grc' dir='ltr'>τὸν</span> <span class='ocrx_word' id='word_1_623' title='bbox 1535 2827 1626 2866; x_wconf 86' lang='grc' dir='ltr'>Θεὸν</span> <span class='ocrx_word' id='word_1_624' title='bbox 1646 2831 1746 2866; x_wconf 76' lang='grc' dir='ltr'>τοῦτο</span> <span class='ocrx_word' id='word_1_625' title='bbox 1771 2827 1939 2873; x_wconf 82' lang='grc' dir='ltr'>ἐποίησας</span> <span class='ocrx_word' id='word_1_626' title='bbox 1953 2858 1963 2876; x_wconf 87' lang='grc'>,</span> <span class='ocrx_word' id='word_1_627' title='bbox 1980 2827 2040 2866; x_wconf 78' lang='grc' dir='ltr'>καὶ</span> <span class='ocrx_word' id='word_1_628' title='bbox 2059 2827 2199 2872; x_wconf 87' lang='grc' dir='ltr'>πάντως</span> <span class='ocrx_word' id='word_1_629' title='bbox 2226 2826 2312 2873; x_wconf 67' lang='grc' dir='ltr'>ἔξεις</span> 
     </span>
     <span class='ocr_line' id='line_1_92' title="bbox 1286 2888 2311 2943; baseline 0.001 -16"><span class='ocrx_word' id='word_1_630' title='bbox 1286 2890 1344 2930; x_wconf 87' lang='grc' dir='ltr'>τὸν</span> <span class='ocrx_word' id='word_1_631' title='bbox 1360 2890 1496 2942; x_wconf 87' lang='grc' dir='ltr'>μισθὸν,</span> <span class='ocrx_word' id='word_1_632' title='bbox 1515 2888 1570 2928; x_wconf 76' lang='grc' dir='ltr'>ὅτι</span> <span class='ocrx_word' id='word_1_633' title='bbox 1589 2888 1777 2939; x_wconf 76' lang='grc' dir='ltr'>ἐπιθυμίαν</span> <span class='ocrx_word' id='word_1_634' title='bbox 1792 2889 1962 2934; x_wconf 74' lang='grc' dir='ltr'>ε’κόλασας</span> <span class='ocrx_word' id='word_1_635' title='bbox 1981 2890 2151 2943; x_wconf 80' lang='grc' dir='ltr'>πονηρὰν,</span> <span class='ocrx_word' id='word_1_636' title='bbox 2170 2889 2231 2929; x_wconf 72' lang='grc' dir='ltr'>καὶ</span> <span class='ocrx_word' id='word_1_637' title='bbox 2251 2904 2311 2943; x_wconf 73' lang='grc' dir='ltr'>φι-</span> 
     </span>
     <span class='ocr_line' id='line_1_93' title="bbox 1286 2950 2313 3004; baseline -0.003 -13"><span class='ocrx_word' id='word_1_638' title='bbox 1286 2951 1450 3004; x_wconf 86' lang='grc' dir='ltr'>λοτιμίαν</span> <span class='ocrx_word' id='word_1_639' title='bbox 1466 2952 1611 3003; x_wconf 79' lang='grc' dir='ltr'>ἄκαιρον</span> <span class='ocrx_word' id='word_1_640' title='bbox 1631 2950 1811 3002; x_wconf 59' lang='grc' dir='ltr'>ἐνέκοψας.</span> <span class='ocrx_word' id='word_1_641' title='bbox 1836 2952 1877 2990; x_wconf 61' lang='lat' dir='ltr'>lii</span> <span class='ocrx_word' id='word_1_642' title='bbox 1898 2950 1965 3003; x_wconf 79' lang='grc' dir='ltr'>γὰρ</span> <span class='ocrx_word' id='word_1_643' title='bbox 1985 2955 2004 2990; x_wconf 84' lang='grc' dir='ltr'>ὁ</span> <span class='ocrx_word' id='word_1_644' title='bbox 2022 2952 2189 3004; x_wconf 79' lang='grc' dir='ltr'>ποτήριον</span> <span class='ocrx_word' id='word_1_645' title='bbox 2209 2950 2313 3002; x_wconf 83' lang='grc' dir='ltr'>μόνον</span> 
     </span>
     <span class='ocr_line' id='line_1_94' title="bbox 1285 3011 2314 3067; baseline -0.002 -15"><span class='ocrx_word' id='word_1_646' title='bbox 1285 3016 1420 3067; x_wconf 76' lang='grc' dir='ltr'>ψυχροῦ</span> <span class='ocrx_word' id='word_1_647' title='bbox 1443 3012 1518 3057; x_wconf 72' lang='grc' dir='ltr'>δοὺς</span> <span class='ocrx_word' id='word_1_648' title='bbox 1534 3011 1591 3051; x_wconf 82' lang='grc' dir='ltr'>διὰ</span> <span class='ocrx_word' id='word_1_649' title='bbox 1611 3011 1668 3050; x_wconf 85' lang='grc' dir='ltr'>τὸν</span> <span class='ocrx_word' id='word_1_650' title='bbox 1681 3012 1788 3058; x_wconf 84' lang='grc' dir='ltr'>Θεὸν,</span> <span class='ocrx_word' id='word_1_651' title='bbox 1807 3013 1990 3064; x_wconf 80' lang='grc' dir='ltr'>βασιλείαν</span> <span class='ocrx_word' id='word_1_652' title='bbox 2009 3015 2164 3065; x_wconf 80' lang='grc' dir='ltr'>οὐρανῶν</span> <span class='ocrx_word' id='word_1_653' title='bbox 2184 3015 2314 3064; x_wconf 81' lang='grc' dir='ltr'>κληρο-</span> 
     </span>
     <span class='ocr_line' id='line_1_95' title="bbox 1286 3072 2316 3126; baseline -0.002 -12"><span class='ocrx_word' id='word_1_654' title='bbox 1286 3075 1446 3126; x_wconf 74' lang='grc' dir='ltr'>νομήσει,</span> <span class='ocrx_word' id='word_1_655' title='bbox 1462 3077 1480 3113; x_wconf 82' lang='grc' dir='ltr'><strong>ὁ</strong></span> <span class='ocrx_word' id='word_1_656' title='bbox 1501 3073 1619 3112; x_wconf 84' lang='grc' dir='ltr'>πάντα</span> <span class='ocrx_word' id='word_1_657' title='bbox 1636 3074 1744 3111; x_wconf 76' lang='grc' dir='ltr'>ποιῶν</span> <span class='ocrx_word' id='word_1_658' title='bbox 1760 3072 1817 3111; x_wconf 74' lang='grc' dir='ltr'>διὰ</span> <span class='ocrx_word' id='word_1_659' title='bbox 1835 3074 1892 3111; x_wconf 85' lang='grc' dir='ltr'>τὸν</span> <span class='ocrx_word' id='word_1_660' title='bbox 1913 3073 2004 3112; x_wconf 81' lang='grc' dir='ltr'>Θεὸν</span> <span class='ocrx_word' id='word_1_661' title='bbox 2024 3073 2185 3122; x_wconf 80' lang='grc' dir='ltr'>ἐννόησον</span> <span class='ocrx_word' id='word_1_662' title='bbox 2205 3074 2316 3119; x_wconf 75' lang='grc' dir='ltr'>πόσης</span> 
     </span>
     <span class='ocr_line' id='line_1_96' title="bbox 1288 3133 2315 3187; baseline -0.004 -11"><span class='ocrx_word' id='word_1_663' title='bbox 1288 3135 1526 3176; x_wconf 79' lang='grc' dir='ltr'>ἀπολαύσεται</span> <span class='ocrx_word' id='word_1_664' title='bbox 1549 3138 1610 3180; x_wconf 69' lang='grc' dir='ltr'>τῆς</span> <span class='ocrx_word' id='word_1_665' title='bbox 1629 3133 1791 3184; x_wconf 41' lang='lat' dir='ltr'>&amp;poncia</span> <span class='ocrx_word' id='word_1_666' title='bbox 1814 3135 1919 3174; x_wconf 69' lang='lat' dir='ltr'>&#39;Euri</span> <span class='ocrx_word' id='word_1_667' title='bbox 1937 3134 1996 3173; x_wconf 69' lang='grc' dir='ltr'>καὶ</span> <span class='ocrx_word' id='word_1_668' title='bbox 2012 3135 2165 3187; x_wconf 81' lang='grc' dir='ltr'>βαδίζειν</span> <span class='ocrx_word' id='word_1_669' title='bbox 2183 3133 2241 3173; x_wconf 71' lang='grc' dir='ltr'>διὸ</span> <span class='ocrx_word' id='word_1_670' title='bbox 2257 3134 2315 3174; x_wconf 78' lang='grc' dir='ltr'>τὸν</span> 
     </span>
     <span class='ocr_line' id='line_1_97' title="bbox 1287 3193 2317 3248; baseline -0.005 -11"><span class='ocrx_word' id='word_1_671' title='bbox 1287 3197 1394 3247; x_wconf 84' lang='grc' dir='ltr'>Θεὸν,</span> <span class='ocrx_word' id='word_1_672' title='bbox 1407 3197 1467 3236; x_wconf 72' lang='grc' dir='ltr'>καὶ</span> <span class='ocrx_word' id='word_1_673' title='bbox 1484 3195 1624 3248; x_wconf 82' lang='grc' dir='ltr'>βλέπειν</span> <span class='ocrx_word' id='word_1_674' title='bbox 1640 3194 1698 3233; x_wconf 78' lang='grc' dir='ltr'>διὰ</span> <span class='ocrx_word' id='word_1_675' title='bbox 1712 3195 1770 3233; x_wconf 88' lang='grc' dir='ltr'>τὸν</span> <span class='ocrx_word' id='word_1_676' title='bbox 1784 3196 1888 3234; x_wconf 82' lang='grc' dir='ltr'>Θεόν.</span> <span class='ocrx_word' id='word_1_677' title='bbox 1907 3197 1990 3240; x_wconf 86' lang='grc' dir='ltr'>Πῶς</span> <span class='ocrx_word' id='word_1_678' title='bbox 2005 3195 2079 3234; x_wconf 69' lang='grc' dir='ltr'>ἔστι</span> <span class='ocrx_word' id='word_1_679' title='bbox 2101 3195 2242 3248; x_wconf 75' lang='grc' dir='ltr'>βλέπειν</span> <span class='ocrx_word' id='word_1_680' title='bbox 2260 3193 2317 3234; x_wconf 79' lang='grc' dir='ltr'>διὰ</span> 
     </span>
     <span class='ocr_line' id='line_1_98' title="bbox 1288 3255 2318 3310; baseline -0.001 -12"><span class='ocrx_word' id='word_1_681' title='bbox 1288 3260 1346 3298; x_wconf 87' lang='grc' dir='ltr'>τὸν</span> <span class='ocrx_word' id='word_1_682' title='bbox 1366 3259 1458 3299; x_wconf 77' lang='grc' dir='ltr'>Θεὸν</span> <span class='ocrx_word' id='word_1_683' title='bbox 1469 3290 1478 3306; x_wconf 90' lang='grc'>,</span> <span class='ocrx_word' id='word_1_684' title='bbox 1493 3257 1551 3297; x_wconf 77' lang='grc' dir='ltr'>καὶ</span> <span class='ocrx_word' id='word_1_685' title='bbox 1571 3255 1724 3308; x_wconf 78' lang='grc' dir='ltr'>βαδίζειν</span> <span class='ocrx_word' id='word_1_686' title='bbox 1739 3255 1874 3304; x_wconf 66' lang='grc' dir='ltr'>ς”Οταν</span> <span class='ocrx_word' id='word_1_687' title='bbox 1888 3257 1937 3307; x_wconf 82' lang='grc' dir='ltr'>μὴ</span> <span class='ocrx_word' id='word_1_688' title='bbox 1954 3257 2039 3309; x_wconf 87' lang='grc' dir='ltr'>πρὸς</span> <span class='ocrx_word' id='word_1_689' title='bbox 2055 3257 2225 3310; x_wconf 85' lang='grc' dir='ltr'>πονηρίαν</span> <span class='ocrx_word' id='word_1_690' title='bbox 2240 3256 2318 3309; x_wconf 62' lang='lat' dir='ltr'>tp(-</span> 
     </span>
     <span class='ocr_line' id='line_1_99' title="bbox 1288 3318 2316 3373; baseline -0.002 -15"><span class='ocrx_word' id='word_1_691' title='bbox 1288 3337 1368 3373; x_wconf 72' lang='grc' dir='ltr'>χῃς,</span> <span class='ocrx_word' id='word_1_692' title='bbox 1379 3319 1461 3358; x_wconf 81' lang='grc' dir='ltr'>ὅταν</span> <span class='ocrx_word' id='word_1_693' title='bbox 1474 3319 1522 3371; x_wconf 79' lang='grc' dir='ltr'>μὴ</span> <span class='ocrx_word' id='word_1_694' title='bbox 1538 3319 1749 3372; x_wconf 78' lang='grc' dir='ltr'>περιεργάζῃ</span> <span class='ocrx_word' id='word_1_695' title='bbox 1760 3318 1802 3358; x_wconf 74' lang='grc' dir='ltr'>τὰ</span> <span class='ocrx_word' id='word_1_696' title='bbox 1815 3318 1984 3371; x_wconf 78' lang='grc' dir='ltr'>ἀλλότρια</span> <span class='ocrx_word' id='word_1_697' title='bbox 1997 3318 2124 3366; x_wconf 80' lang='grc' dir='ltr'>κάλλη,</span> <span class='ocrx_word' id='word_1_698' title='bbox 2137 3319 2220 3358; x_wconf 79' lang='grc' dir='ltr'>ὅταν</span> <span class='ocrx_word' id='word_1_699' title='bbox 2235 3318 2316 3357; x_wconf 77' lang='grc' dir='ltr'>ἰδὼν</span> 
     </span>
    </p>
   </div>
   <div class='ocr_carea' id='block_1_12' title="bbox 308 3454 1639 3504">
    <p class='ocr_par' dir='ltr' id='par_1_13' title="bbox 308 3454 1639 3504">
     <span class='ocr_line' id='line_1_100' title="bbox 308 3454 1639 3504; baseline 0.007 -19"><span class='ocrx_word' id='word_1_700' title='bbox 308 3465 317 3478; x_wconf 90' lang='grc'><em>·</em></span> <span class='ocrx_word' id='word_1_701' title='bbox 346 3458 426 3485; x_wconf 62' lang='lat' dir='ltr'>Anio·</span> <span class='ocrx_word' id='word_1_702' title='bbox 450 3459 509 3498; x_wconf 59' lang='grc' dir='ltr'>ἵξῃ,</span> <span class='ocrx_word' id='word_1_703' title='bbox 527 3454 640 3488; x_wconf 64' lang='lat' dir='ltr'>More-l.</span> <span class='ocrx_word' id='word_1_704' title='bbox 662 3456 759 3489; x_wconf 71' lang='lat' dir='ltr'>babet</span> <span class='ocrx_word' id='word_1_705' title='bbox 778 3462 879 3495; x_wconf 58' lang='lat' dir='ltr'>oin...</span> <span class='ocrx_word' id='word_1_706' title='bbox 908 3461 978 3491; x_wconf 72' lang='lat' dir='ltr'>Mox</span> <span class='ocrx_word' id='word_1_707' title='bbox 1008 3460 1147 3503; x_wconf 75' lang='lat' dir='ltr'>quidam</span> <span class='ocrx_word' id='word_1_708' title='bbox 1177 3463 1253 3495; x_wconf 67' lang='lat' dir='ltr'>Mu.</span> <span class='ocrx_word' id='word_1_709' title='bbox 1272 3467 1308 3501; x_wconf 72' lang='grc' dir='ltr'>ὡς</span> <span class='ocrx_word' id='word_1_710' title='bbox 1325 3468 1371 3498; x_wconf 66' lang='lat' dir='ltr'>arxi</span> <span class='ocrx_word' id='word_1_711' title='bbox 1391 3473 1491 3500; x_wconf 67' lang='grc' dir='ltr'>ιοιιοις</span> <span class='ocrx_word' id='word_1_712' title='bbox 1505 3467 1639 3504; x_wconf 63' lang='grc' dir='ltr'>ἀμιθοις.</span> 
     </span>
    </p>
   </div>
  </div>
 </body>
</html>
