2549 3825
915 301 972 330 DE
1008 301 1182 330 LAztRo
1217 302 1379 331 cosmo
1416 303 1495 330 vti.

182 382 368 428 τουτέστι,
405 400 472 422 των
508 384 671 432 δικαίων,
715 386 782 422 τῶν
814 382 1006 435 ἐναρέτων,
1037 383 1104 419 τῶν
1138 382 1199 428 τὴν

205 442 279 488 ἧξιν
300 443 435 491 ἐκείνην
464 445 665 496 λαχόντων·
683 444 786 483 Καὶξ
775 445 896 494 υμῶν,
927 442 1113 492 τουτέστι,

182 504 216 540 ἰν
237 503 387 556 πονηρία
402 505 461 542 καὶ
480 504 586 556 κακίᾳ
601 502 974 550 καταδαπανηθέντων.
992 502 1062 541 Καὶ
1081 507 1199 541 τοσοῦ-

181 564 239 600 τόν
260 566 333 602 ἐστι
355 564 446 615 μέγα
464 565 503 604 τὸ
516 565 659 617 χάσμα,
679 564 769 603 ὥστε
787 565 874 615 μήτε
896 567 1046 602 ἐντεῦθεν
1065 563 1200 603 ἓστῶτά

180 640 259 661 τινα
291 625 378 677 πρὸς
407 628 499 676 ὑμας
528 626 691 672 διαοηναι
729 625 916 674 δύνασθαι,
953 641 1041 675 μητε
1071 627 1199 663 ἐκεῖθεν

180 683 267 734 πρὸς
300 688 394 735 ἡμᾶς
427 686 648 738 διαπεράσαι.
688 680 788 729 Εἶδες
821 686 1004 737 χάσματος
1037 685 1198 737 ¹tt37361033

181 738 266 788 εἶδες
289 746 478 827 ἀπόκρισιν
498 747 639 798 γεέννης
660 746 788 800 βαρυτέ
774 761 874 798 ραν;
907 748 990 795 Ἀρα
1023 747 1057 782 ἐν
1081 760 1200 796 προοι-

181 806 272 855 μίοις
289 807 524 851 ἃάκούσαντες
542 808 606 854 τὴν
637 808 826 860 εὐημερίαν
854 811 915 845 τοῧ
944 806 1109 844 πλουσίου
1140 806 1200 843 καὶ

179 882 244 911 την
265 868 372 906 πολλ)
357 885 399 915 ην
431 869 656 943 θεραπείαν
636 882 678 914 ην
711 872 785 919 εἶχε
814 866 912 917 παρὰ
931 865 1072 904 πάντων
1098 867 1200 918 δορυ-

180 927 407 1001 φορούμενος,
422 929 482 967 καὶ
498 930 574 967 καθ’
591 928 741 975 ἑκάστην
757 927 893 978 ἡμέραν
907 929 951 978 τῇ
963 929 1076 978 τρυφῇ
1091 941 1200 976 προσ-

180 988 383 1038 η)ωμε’νος,
424 992 485 1028 οὐκ
530 989 705 1040 ἐνομίζετε
742 988 959 1040 μακαριστὸν
995 991 1103 1033 εἰναι;
1142 988 1201 1024 καὶ

178 1050 284 1087 πάλιν
304 1051 451 1102 ὁρῶντες
470 1049 527 1088 τὸν
561 1049 696 1096 πένητα
727 1048 786 1086 ἐπὶ
804 1053 864 1086 τοῦ
899 1050 1091 1091 πυλῶνος
1077 1064 1201 1122 ερριμ-

182 1109 283 1160 μένον
300 1110 360 1148 καὶ
376 1116 447 1154 τοῖς
460 1112 628 1162 χαλεποῖς
646 1110 818 1149 ἕλκεσιν
804 1125 946 1152 εκεινοις
963 1109 1202 1158 ἐκοεοομενον,

933 1169 1027 1184 '’NX

181 1170 242 1208 οὒκ
262 1170 478 1216 ἐταλανίζετε
507 1173 610 1209 αὐτοῦ
630 1187 693 1217 την
715 1170 829 1218 ζωήν,
851 1172 932 1209 Ἀλλ
966 1186 1036 1208 ιοου
1056 1186 1114 1208 νυν
1134 1170 1203 1208 ἀπὸ

181 1235 240 1270 τοῦ
259 1231 378 1276 τέλους
403 1235 472 1271 τῶν
492 1232 710 1285 πραγμάτων
734 1233 778 1270 τὰ
797 1231 937 1270 ἐναντία
955 1233 1091 1284 ὁρῶμεν
1111 1231 1202 1280 γινό-

183 1307 295 1342 μενα,
321 1293 382 1331 καὶ
410 1293 467 1331 τὸν
501 1293 562 1344 μὲν
595 1295 629 1332 ἐν
660 1292 823 1344 τηγάνοις
859 1292 948 1343 μετὰ
979 1291 1040 1337 τὴν
1070 1291 1202 1343 τρυφὴν

181 1353 317 1398 ἐκείνην
351 1354 413 1392 καὶ
445 1353 508 1402 τὴν
545 1354 653 1405 μέθην
672 1383 681 1402 ,
714 1355 772 1392 τὸν
808 1352 843 1392 δὲ
881 1355 915 1391 ἐν
955 1358 1026 1396 τοῖς
1060 1353 1204 1396 κόλποις

183 1417 243 1452 τοῦ
270 1414 494 1467 πατριάρχου
522 1415 611 1465 μετὰ
637 1414 700 1462 τὴν
719 1413 841 1453 πενίαν
861 1413 997 1458 ἐκείνην
1013 1413 1076 1460 τὴν
1097 1412 1204 1465 ἐσχά-

182 1489 246 1520 την
283 1474 343 1512 καὶ
373 1475 431 1514 τὸν
469 1475 583 1525 λιμόν.
604 1475 696 1514 Ἀλλ’
712 1474 768 1513 ἵνα
803 1474 851 1525 μὴ
888 1476 936 1518 εἷς
966 1473 1056 1512 πολὺ
1094 1477 1204 1525 μῆκος

182 1536 389 1587 ἔκτείνωμεν
407 1536 465 1575 τὸν
483 1537 586 1589 λόγον
598 1568 609 1586 ,
631 1540 732 1589 ἀρκεῖ
752 1536 858 1589 μέχρι
878 1536 1001 1574 τούτου
1024 1537 1204 1574 συστεῖλαι

181 1596 244 1643 τὴν
284 1598 532 1646 διδασκαλίαν,
558 1598 618 1636 καὶ
651 1597 899 1649 παρακαλέσαι
932 1596 996 1644 τὴν
1031 1595 1203 1648 ὑμετέραν

183 1656 342 1707 ἀγάπην,
366 1657 414 1709 μὴ
432 1658 496 1705 τὴν
515 1661 685 1697 πλατεῖαν
713 1657 944 1709 μεταδιώκειν
965 1657 1078 1704 πύλην
1090 1687 1099 1704 ,
1117 1657 1204 1707 μηοὲ

182 1718 246 1765 τὴν
260 1718 456 1772 εὐρύχωρον
475 1720 572 1768 ὁδὸν,
595 1720 685 1771 μηδὲ
703 1719 767 1766 τὴν
785 1719 901 1757 ἄνεσιν
918 1721 958 1757 ἐκ
977 1718 1107 1762 παντὸς
1126 1717 1207 1770 τρό-

182 1794 250 1817 που
270 1781 384 1826 ζητεῖν
397 1810 407 1828 ,
429 1781 520 1819 ἀλλὰ
537 1781 577 1820 τὸ
593 1781 690 1824 τέλος
706 1779 874 1833 ἑκατέρας
891 1782 1107 1826 ἐννοοῦντας,
1125 1778 1208 1817 ταύ-

182 1855 247 1888 την
267 1840 332 1891 μὲν
360 1841 518 1894 φεύγειν,
537 1841 781 1894 λογιζομένους
815 1840 855 1879 τὰ
881 1840 1120 1892 κατειληφότα
1147 1839 1206 1878 τὸν

2129 300 2224 344 979

1273 383 1406 420 crimen
1437 382 1590 420 occurrit
1620 397 1626 417 ε
1658 381 1707 418 sic
1736 380 1907 417 nimirum
1937 388 1969 416 et
1999 380 2035 415 in
2066 388 2223 430 tempore

1130 444 1199 479 τῶν
1222 446 1246 476 C
1274 443 1443 495 supplicii
1468 457 1508 481 ac
1528 441 1773 480 retributionis
1793 441 1944 478 multam
1963 440 2054 477 inter
2075 441 2222 492 praemia

1271 518 1460 556 possumus
1485 503 1727 541 differentiam
1750 502 1922 539 invenire.
1948 503 2094 539 Hiatus
2118 504 2222 538 enim

1272 579 1385 616 magn
1393 580 1435 603 us
1451 569 1681 602 constitutus
1697 572 1751 600 est
1766 565 1866 599 inter
1879 575 1960 608 nos,
1971 561 2039 598 hoc
2052 569 2116 607 est,
2129 561 2221 598 inter

1267 627 1397 677 justos,
1417 626 1549 663 virtute
1569 624 1749 677 praeditos,
1778 623 1838 673 qui
1861 622 2100 660 conditionem
2123 621 2222 658 illam

1272 687 1355 724 vitae
1374 687 1488 724 sortiti
1506 694 1600 734 sunt,
1624 687 1676 723 Et
1699 697 1782 730 vos,
1804 683 1872 721 hoc
1891 692 1957 729 est,
1976 683 2038 733 qui
2056 682 2121 720 toti
2140 683 2224 719 estis

1272 747 1428 797 nequitia
1443 755 1475 784 et
1494 745 1687 784 sceleribus
1711 743 1878 796 cooperti.
1893 743 2060 793 Adeoque
2073 756 2224 793 magnus

1272 817 1322 845 est
1340 807 1470 853 hiatus,
1493 809 1543 844 Ut
1564 819 1688 857 neque
1703 807 1910 856 quisquam
1931 817 2061 840 eorum
2079 806 2145 853 qui
2162 803 2224 839 hic

1272 870 1498 913 consistunt,
1514 866 1570 903 ad
1588 878 1659 902 vos
1689 866 1854 901 transire
1870 866 2004 913 possit,
2029 876 2152 913 neque
2174 864 2226 898 od

1274 940 1342 964 nos
1359 926 1450 963 inde
1468 934 1717 963 transmeare.
1737 922 1854 961 Vides
1870 922 1988 959 hiatus
2004 921 2226 972 magnitudi-

1272 988 1381 1025 nem?
1400 986 1500 1025 vides
1523 998 1731 1037 responsum
1751 982 1909 1034 gehenna
1922 981 2227 1034 gravius?Nonne

1275 1063 1294 1087 a
1313 1048 1491 1101 principio
1507 1061 1591 1085 cum
1609 1046 1879 1098 prosperitatem
1900 1043 2024 1081 divitis
2043 1042 2227 1088 audiretis,

1273 1118 1305 1147 et
1325 1110 1538 1160 obsequium
1555 1120 1627 1158 quo
1645 1106 1828 1144 colebatur
1848 1104 1894 1142 ab
1914 1103 2094 1151 omnibus,
2117 1103 2226 1141 satel-

1272 1170 1351 1208 litio
1368 1170 1533 1222 stipatus,
1553 1177 1586 1206 et
1605 1166 1768 1218 quotidie
1787 1165 1928 1204 deliciis
1946 1164 2124 1212 addictus,
2143 1163 2228 1202 bea-

1273 1230 1452 1269 tissimum
1466 1243 1539 1267 esse
1553 1228 1654 1266 illum
1670 1226 1945 1265 arbitrabamini
1965 1225 1983 1262 ,p
2002 1238 2125 1263 rursus
2137 1223 2226 1263 dum

1273 1305 1465 1344 pauperem
1479 1304 1544 1343 pro
1557 1289 1696 1327 foribus
1708 1288 1901 1340 abjectum,
1918 1295 1951 1324 et
1965 1286 2137 1338 gravibus
2152 1285 2224 1324 illis

1273 1354 1476 1405 expositum
1496 1350 1677 1389 ulceribus
1694 1348 1894 1395 cerneretis,
1913 1361 2030 1385 nonne
2058 1347 2225 1385 miseram

1272 1415 1348 1465 ejus
1363 1413 1476 1451 vitam
1491 1411 1699 1465 putabatis?
1714 1414 1761 1448 At
1776 1423 1855 1448 ecce
1866 1411 1942 1462 jam
1956 1409 2002 1446 ab
2018 1409 2094 1460 ipso
2107 1422 2226 1446 rerum

1272 1475 1344 1512 fine
1360 1475 1397 1512 in
1413 1473 1630 1512 contrarium
1647 1471 1826 1511 cernimus
1845 1479 1970 1508 cuncta
1991 1482 2173 1515 conversa,
2191 1478 2226 1506 et

1273 1535 1371 1573 hunc
1388 1535 1531 1586 quidem
1551 1542 1631 1586 post
1649 1532 1796 1570 delicias
1813 1531 1892 1569 illas
1911 1539 1944 1568 et
1963 1530 2170 1568 ebrietatem
2188 1529 2225 1566 in

1274 1597 1472 1655 tormentis,
1493 1595 1598 1632 illum
1618 1607 1704 1632 vero
1723 1601 1802 1643 post
1821 1600 2010 1658 egestatem
2039 1590 2139 1628 illam
2157 1603 2226 1628 ex-

1275 1665 1424 1695 tremam
1449 1665 1483 1694 et
1503 1656 1631 1694 famem
1662 1655 1698 1691 in
1727 1652 1938 1706 patriarchae
1967 1651 2048 1690 sinu
2076 1651 2227 1689 versari.

1276 1718 1312 1756 Υ
1315 1726 1533 1755 erumtamen
1546 1730 1589 1754 ne
1601 1714 1779 1768 prolixior
1790 1728 1892 1764 aequo
1903 1722 2002 1751 nostl
2004 1726 2023 1750 a
2039 1712 2084 1750 sit
2097 1711 2227 1754 oratio,

1278 1778 1411 1815 sufficit
1425 1786 1464 1815 ut
1478 1778 1548 1815 huc
1563 1790 1674 1827 usque
1687 1786 1891 1828 provectam
1906 1773 2106 1811 doctrinam
2127 1772 2230 1810 finia-

1278 1852 1372 1886 mus,
1390 1848 1424 1877 et
1439 1839 1619 1877 caritatem
1635 1847 1789 1877 vestram
1806 1836 2047 1881 cohortemur,
2062 1848 2104 1872 ne
2117 1834 2228 1871 latam

182 1902 346 1942 πλούσιον
362 1907 482 1942 τοῦτον
497 1933 507 1952 ,
530 1903 595 1951 τὴν
615 1903 652 1942 δὲ
671 1903 796 1951 στενὴν
828 1902 943 1949 πύλην
973 1901 1205 1952 μεταδιώκειν
1226 1915 1251 1945 Ε
1276 1910 1415 1954 portam
1430 1900 1625 1947 sectemini,
1643 1913 1756 1949 neque
1776 1898 1873 1935 viam
1891 1896 2098 1949 spatiosam,
2115 1908 2230 1945 neque

182 1963 242 2001 καὶ
262 1963 327 2011 τὴν
356 1964 588 2015 τεθλιμμένην
624 1965 722 2012 ὁδὸν,
742 1963 801 2002 ἵνα
829 1965 877 2006 εἷς
904 1963 944 2001 τὸ
973 1965 1036 2008 τῆς
1057 1962 1205 2007 ἀνέσεως

183 2024 310 2076 χωρίον
329 2024 417 2075 μετὰ
434 2026 497 2073 τὴν
522 2025 641 2064 ἐνθάδε
660 2027 774 2078 θλῖψιν
805 2027 1024 2071 καταντῆσαι
1043 2025 1202 2070 δυνηθῶ-

184 2101 260 2134 μεν.

181 2146 354 2200 θεωρίας,
380 2148 440 2186 καὶ
467 2149 532 2197 τὴν
557 2149 733 2195 ἐπιῧλαὸἦ
755 2151 823 2186 τῶν
842 2147 1085 2199 ἱπποδρομιῶν
1105 2146 1199 2187 θέαν,

303 2086 461 2139 Φεύγετε
490 2087 627 2136 τοίνυν,
659 2088 878 2140 παρακαλῶ,
915 2085 979 2129 τὰς
1016 2084 1204 2128 σατανικὰς

183 2207 252 2246 Διὰ
277 2208 344 2262 γὰρ
364 2209 443 2252 τοὺς
472 2209 709 2262 ὑποσυρέντας
739 2208 798 2247 καὶ
814 2209 900 2260 πρὸς
921 2207 984 2254 τὴν
1005 2206 1202 2259 εὐρύχωρον

182 2268 259 2307 ὁδὸν
279 2270 620 2321 βαδίσαντας,τα’ὖτα
640 2272 750 2308 εἰπεῖν
767 2269 783 2290 ¹³
796 2270 1039 2322 προήχθημεν,
1053 2267 1109 2306 ἵνα
1131 2284 1204 2318 μα·-

183 2329 346 2378 θόντες,’
331 2330 465 2378 εκείνην
488 2331 550 2382 μὲν
570 2331 814 2379 καταλίπωσι,
829 2331 929 2377 τὴν
911 2331 947 2370 03
967 2330 1202 2381 τεθλιμμένην

184 2389 387 2436 ὁδεύσαντες
397 2421 409 2438 ,
431 2392 494 2439 τὴν
515 2396 578 2440 τῆς
598 2395 726 2444 ἀρετῆς
756 2391 873 2444 λέγω,
892 2395 961 2430 τῶν
982 2392 1122 2431 κόλπων
1142 2408 1201 2430 του

1273 1961 1493 2013 voluptatem
1508 1962 1605 1998 omni
1618 1961 1753 1998 ratione
1765 1958 1981 2011 perquiratis
1995 1972 2002 1992 :
2017 1956 2079 1994 sed
2093 1956 2228 1993 utrius-

1276 2037 1344 2074 que
1361 2023 1470 2060 finem
1485 2022 1588 2060 vobis
1603 2022 1650 2060 ob
1667 2021 1792 2059 oculos
1810 2027 1990 2071 ponentes,
2004 2018 2094 2055 hanc
2109 2016 2228 2068 fugia-

1274 2086 1334 2132 tis,
1352 2085 1545 2136 cogitantes
1566 2097 1645 2134 quae
1663 2082 1818 2121 divitem
1832 2081 1942 2118 istum
1959 2079 2052 2116 mala
2076 2092 2229 2130 oppres-

1276 2146 1384 2184 serint
1401 2161 1412 2194 ;
1435 2153 1623 2196 angustam
1640 2152 1757 2181 autem
1779 2151 1813 2180 et
1832 2150 1965 2179 arctam
1986 2140 2083 2178 viam
2103 2153 2229 2191 perse-

1275 2205 1449 2258 quamini,
1481 2214 1520 2242 ut
1547 2204 1593 2242 ad
1622 2205 1741 2242 locum
1771 2202 1981 2240 deliciarum
2013 2208 2090 2252 post
2122 2200 2230 2250 hujus

1275 2267 1358 2307 vitae
1378 2280 1553 2304 aerumnas
1568 2265 1755 2318 pervenire
1773 2262 1962 2315 possimus.
1983 2261 2111 2311 Fugite
2129 2273 2227 2310 ergo,

1275 2342 1394 2378 quaeso
1409 2358 1418 2375 ‚
1449 2327 1603 2365 satanica
1637 2326 1699 2363 illa
1726 2324 1927 2377 spectacula
1947 2336 1988 2360 ac
2011 2320 2229 2373 perniciosos

1275 2389 1356 2427 illos
1375 2389 1460 2427 circi
1482 2387 1599 2426 ludos.
1626 2387 1656 2424 N
1661 2400 1717 2423 un
1746 2393 1890 2437 proptei
1909 2396 1967 2420 cos
1993 2383 2054 2432 qui
2074 2381 2228 2419 subdole

183 2451 402 2505 πατριάρχου
421 2453 549 2505 ὁμοίως
579 2456 630 2491 τῶ
656 2453 808 2506 Λαζάρῳ
836 2453 1031 2501 ἀξιωθῶσι,
1061 2463 1121 2492 και
1141 2438 1261 2504 τηςὸἳο
1274 2449 1414 2489 amacii
1439 2450 1595 2495 suerunt,
1618 2457 1723 2498 atquc
1746 2445 1789 2482 ad
1814 2446 2004 2497 spatiosam
2025 2443 2121 2480 viani
2146 2456 2229 2494 per-

182 2512 322 2562 γεέννης
336 2519 396 2553 τοῧ
415 2516 521 2567 πυρὸς
543 2517 642 2567 κοινῇ
657 2514 784 2558 πάντες
803 2513 1088 2567 ἐλευθερωθέντες
1102 2544 1111 2561 ,
1133 2530 1202 2552 των

183 2575 389 2628 ἀπορρήτων
414 2576 553 2616 ἐκείνων
580 2579 739 2629 ἀγαθῶν,
769 2576 790 2614 ἂ
812 2575 989 2628 ὀφθαλμὸς
1018 2578 1080 2614 οὐκ
1111 2569 1177 2614 εἶδε
1193 2606 1202 2622 ,

183 2634 242 2673 καὶ
272 2629 330 2681 οἷς
358 2638 419 2675 οὐκ
457 2637 633 2685 ἤκουσεν,
668 2636 946 2687 ἀπολαύσωμεν·
983 2629 1030 2675 ῶν
1068 2636 1203 2688 γένοιτο

183 2696 317 2741 πάντας
334 2702 426 2748 ἡμᾶς
444 2701 622 2751 ἐπιτυχεῖν
636 2727 646 2744 ,
665 2698 786 2750 χάριτι
806 2698 866 2736 καὶ
881 2697 1125 2750 φιλανθρωπία
1143 2701 1202 2736 τοῦ

184 2758 315 2810 Κυρίου
353 2761 454 2810 ἡμῶν
485 2759 601 2808 Ἰησοῦ
632 2761 808 2812 Χριστοῦ,
839 2758 915 2809 μεθ’
944 2753 981 2797 οὗ
1011 2761 1061 2812 τῷ
1087 2758 1203 2811 Πατρὶ

184 2820 260 2871 ἅμα
286 2823 337 2873 τῷ
366 2820 455 2875 ἁγίῳ
474 2820 659 2872 Πνεύματι
687 2820 788 2867 δόξα,
821 2820 969 2873 κράτος,
1006 2819 1116 2871 τιμὴ,
1147 2824 1203 2858 νῦν

185 2881 244 2920 καὶ
264 2882 338 2932 ἀεὶ,
358 2882 418 2921 καὶ
438 2884 485 2927 εἷς
504 2881 582 2928 τοὺς
600 2884 728 2926 αἰῶνας
746 2883 814 2920 τῶν
835 2882 981 2920 αἰώνων.
1005 2880 1127 2932 Ἀμήν.

232 3261 244 3276 ·
269 3251 344 3285 Mn,
360 3250 535 3294 plin-initiet
556 3249 658 3283 Snvil.
679 3251 710 3282 in
726 3260 828 3292 marg.
849 3252 1014 3285 ὰιοὺοντις.

1275 2520 1461 2555 rexerunt,
1475 2510 1550 2547 haec
1567 2508 1684 2546 diccie
1701 2505 1875 2556 compulsi
1897 2518 2033 2546 sumus,
2054 2512 2091 2540 ut
2111 2503 2228 2540 edocti

1276 2586 1357 2610 cum
1376 2572 1467 2609 banc
1486 2570 1661 2613 desei-‘nnn
1681 2578 1755 2606 tuni
1774 2581 1863 2619 ptr.
1855 2579 1922 2616 :gin
1930 2575 2042 2602 tis-rim
2062 2562 2184 2601 inc-cdi
2178 2577 2228 2600 ·n-

1276 2643 1341 2683 tes,
1366 2632 1513 2672 virtutis
1541 2631 1734 2677 nimirum,
1769 2628 1805 2664 in
1840 2596 2051 2678 patriarcha·
2081 2625 2225 2667 sinum,

1277 2692 1580 2746 quemadmodum
1603 2692 1772 2733 Lami-us,
1794 2688 1903 2739 recipi
1926 2696 2138 2726 inescantur.
2161 2695 2193 2723 ct
2209 2699 2229 2722 a

1277 2757 1435 2807 gehenna
1457 2755 1548 2805 ignis
1567 2753 1804 2791 communiter
1817 2763 1937 2786 onim-s
1953 2748 2107 2787 libi-rati.
2124 2746 2228 2784 bonis

1278 2818 1351 2856 iltis
1368 2817 1517 2862 arcanis,
1533 2829 1611 2866 qua·
1624 2813 1750 2852 oculus
1767 2825 1833 2848 non
1855 2811 1959 2855 vidit,
1984 2819 2016 2846 ct
2043 2807 2140 2845 auris
2159 2821 2228 2845 nou

1278 2877 1432 2924 audivit,
1454 2879 1617 2915 fruamur
1635 2891 1641 2911 :
1660 2888 1736 2925 quar
1756 2887 1817 2910 nos
1833 2884 1953 2908 ‹intucs
1979 2870 2113 2907 utinm»
2132 2868 2228 2906 obti-

1282 2953 1363 2978 nere
1384 2938 1566 2987 contingat
1587 2935 1699 2987 gratia
1715 2943 1747 2972 et
1768 2932 1984 2982 benignitate
2001 2930 2145 2968 Domini
2164 2942 2231 2967 no-

1279 3001 1342 3038 stri
1375 3001 1461 3038 Jcsu
1499 2997 1656 3041 Christi,
1692 3008 1771 3031 cuin
1806 3008 1876 3043 quo
1916 2992 2013 3029 thuri
2050 2990 2231 3041 sitinilque

1281 3060 1433 3114 Spiritui
1450 3067 1571 3097 sancto
1584 3055 1710 3107 gloria.
1727 3053 1928 3105 imperium,
1947 3053 2070 3096 honor.
2087 3065 2181 3090 nuuc
2196 3060 2231 3088 et

1281 3135 1430 3174 semper,
1447 3129 1479 3158 ct
1496 3120 1530 3158 in
1548 3118 1675 3156 stt-cula
1692 3115 1914 3154 mentorum.
1931 3117 2057 3152 Amen.

1296 3245 1311 3266 b
1337 3241 1427 3275 Etliti
1445 3248 1578 3285 ιζχθημα
1591 3266 1597 3278 ,
1614 3249 1728 3271 uuum
1739 3239 1816 3270 Mas.
1837 3243 2040 3283 n,:or,1'²»2,u³v.

1955 3509 2019 3544 (3⁸2.
