2513 3871
61 298 175 348 λζαηΙι.
194 307 224 337 7.

64 348 112 378 iq.

61 787 174 818 unuh.
200 794 250 818 20.

67 829 112 857 16.

1027 203 1272 235 cutwsos'r.

269 199 332 246 68

267 296 447 336 sententia:
464 294 626 334 obsistas.
653 292 753 341 Quid
773 290 885 342 igitur
905 289 967 326 ille
984 287 1074 325 dicit
1087 286 1106 324 ἶ)
1124 282 1219 325 Am

264 367 377 410 gusta
395 364 452 394 est
466 384 475 402 ‚
498 354 779 405 inquit,jan11a
795 379 805 398 ‚
828 359 866 389 et
884 357 996 388 arcta
1023 351 1106 396 via,
1132 361 1219 400 quoe

265 419 370 456 ducit
390 417 442 454 ad
455 418 582 452 vitam
597 444 606 459 ,
628 421 664 450 el
678 415 796 464 pauci
815 420 904 450 sunt
926 413 995 462 qm*
1018 412 1220 448 inveniunt

264 493 362 517 eam.
384 477 423 516 Si
452 489 538 514 vero
571 474 677 528 pauci
711 482 792 512 sunt
811 473 872 524 qui
898 471 1113 518 inveniunt,
1136 484 1220 510 sane

262 539 365 589 longe
380 536 575 590 pauciores,
592 535 654 587 qui
670 534 718 573 ad
739 535 845 572 finem
859 534 934 584 ejus
955 532 1142 585 pervenire
1155 546 1220 585 po-

262 607 393 636 terunt.
418 599 538 648 Neque
555 597 651 635 enim
668 609 789 634 omnes
804 595 865 646 qui
885 594 1104 646 principium
1120 593 1220 631 adie-

265 669 360 704 runt,
371 659 417 697 ad
433 661 539 698 finem
554 659 632 710 ejus
648 657 848 710 pertingere
861 664 1071 708 potuerunt3
1089 654 1147 693 sed
1158 654 1220 692 alii

267 720 344 773 ipso
362 720 481 759 statim
502 719 618 764 initio.
633 719 694 756 alii
715 718 750 756 in
769 717 899 764 medio,
919 717 980 755 alii
1002 716 1039 754 in
1059 716 1135 769 ipso
1150 716 1223 754 fere

267 790 372 834 portu
401 781 626 832 naufragium
652 781 821 818 fecerunt.
840 780 1069 827 Rursumque
1089 776 1221 815 multos

265 843 314 881 ait
334 856 409 882 esse
430 851 586 888 vocatos,
608 854 809 894 paucosque
827 840 968 878 electos.
989 840 1081 876 Cum
1100 838 1223 889 itaque

265 904 431 944 Christus
444 904 613 955 majorem
626 917 700 941 esse
717 901 944 954 pereuntium
960 909 1097 953 partem
1109 899 1219 948 dicat,

264 964 300 1003 in
315 965 438 1018 paucis
453 978 538 1004 vero
558 964 706 1002 salutem
719 962 932 1016 praefinitam
946 975 1023 1000 esse
1036 970 1221 1008 asseveret,

262 1025 351 1076 quid
365 1026 559 1064 adversum
579 1040 635 1063 me
654 1024 820 1078 pugnas?
835 1023 996 1075 ldipsum
1016 1022 1110 1061 enim
1133 1021 1221 1060 sacis

263 1101 305 1125 ac
321 1088 351 1126 si
369 1087 415 1126 de
431 1089 507 1126 Noe
524 1101 566 1125 ac
585 1086 630 1125 de
647 1086 788 1124 diluvio
801 1085 908 1124 verba
932 1084 1144 1123 facientibus
1161 1098 1221 1122 no-

264 1148 323 1186 bis
341 1148 589 1195 admirareris,
614 1148 643 1186 si
662 1160 785 1185 omnes
802 1145 990 1198 perierint,
1009 1144 1082 1182 duo
1101 1154 1219 1182 autem

263 1218 400 1247 tantum
421 1218 535 1247 tresve
558 1208 719 1247 homines
745 1207 966 1258 supplicium
998 1206 1218 1256 effugerint5

263 1282 346 1307 cum
370 1270 436 1308 bac
453 1270 588 1307 ratione
606 1268 708 1306 nobis
727 1281 766 1305 os
782 1268 965 1304 obstruere
984 1280 1086 1318 posse
1105 1275 1220 1318 putas,

263 1338 300 1367 ut
323 1342 393 1367 non
417 1330 538 1367 ausuri
555 1329 666 1366 simus
685 1328 856 1365 damnare
874 1326 1156 1364 multitudinem.
1177 1327 1218 1364 ld

260 1403 344 1428 saue
361 1390 463 1428 nobis
483 1403 551 1427 non
574 1387 861 1441 persuadebitur,
886 1400 998 1438 neque
1015 1387 1219 1425 multitudi-

261 1464 340 1488 nem
362 1450 461 1488 illam
481 1449 622 1487 veritati
644 1449 881 1500 praeferemus.
897 1448 1019 1498 Neque
1039 1450 1132 1486 enim
1159 1449 1216 1496 iis,

261 1524 339 1561 qua:
356 1519 440 1549 tunc
452 1510 690 1562 contigerunt,
705 1509 841 1546 minora
858 1508 1140 1559 suntbodierna3
1158 1510 1220 1548 sed

260 1573 376 1611 multo
388 1572 578 1618 deteriora,
593 1586 704 1623 eoque
717 1570 849 1622 magis,
863 1585 932 1622 quo
944 1571 1111 1622 gehennae
1126 1586 1220 1610 com-

261 1634 411 1672 minatio
432 1634 644 1681 intentatur,
663 1642 697 1670 et
716 1646 759 1670 ne
783 1632 833 1669 sic
851 1631 997 1682 quidem
1018 1632 1106 1670 vitia
1123 1634 1219 1671 exci-

258 1693 404 1732 duntur.
425 1696 515 1743 Quis
532 1695 641 1738 enim,
665 1693 953 1744 quaeso‚1atuum
975 1707 1042 1731 non
1059 1695 1219 1746 appellat

258 1755 430 1793 fratrem?
451 1755 540 1793 illud
571 1763 691 1792 autem
723 1753 890 1805 gebennae
924 1754 1015 1805 ignis
1046 1755 1132 1793 facit
1151 1757 1216 1794 ob-

259 1818 418 1856 noxium.
448 1818 540 1866 Quis
576 1831 645 1855 non
680 1816 872 1869 impudicis
900 1816 1014 1855 oculis
1028 1818 1215 1856 mulierem

259 1879 428 1931 respicit?
450 1881 515 1917 boc
542 1888 661 1916 autem
682 1888 733 1916 est
763 1888 1049 1916 consummatum
1075 1879 1213 1918 adulte-

723 211 762 241 S.
801 206 991 240 JOANMS

1237 1786 1268 1810 56

1243 1822 1267 1852 Α

251 1941 353 1977 n'um
371 1955 379 1976 ε
399 1940 578 1978 moechum
595 1953 678 1978 vero
694 1940 729 1978 in
743 1939 903 1976 eamdem
917 1939 1112 1988 gebennam
1129 1941 1215 1979 inci-

258 2000 343 2039 dere
361 2010 494 2039 certum
509 2010 574 2039 est.
589 2001 679 2049 Quis
695 2014 762 2038 non
773 2000 937 2051 juravit?
953 2000 1021 2038 hoe
1038 2010 1157 2039 autem
1171 2016 1216 2039 cx

260 2061 353 2099 malo
375 2075 519 2113 prorsus
533 2070 582 2098 est
601 2076 608 2101 :
632 2069 666 2098 at
685 2059 783 2112 quod
802 2074 847 2097 ex
859 2060 952 2098 malo
963 2069 1026 2107 est,
1039 2062 1217 2114 supplicio

260 2122 358 2162 haud
385 2122 495 2162 dubie
511 2123 719 2161 obnoxium.
739 2122 831 2171 Quis
860 2136 929 2160 non
946 2123 1061 2161 amico
1084 2124 1219 2162 invidit

259 2186 459 2237 umquam?
481 2185 517 2223 id
536 2199 618 2223 vero
637 2185 789 2222 ethnicis
804 2194 837 2221 et
857 2185 1061 2236 publicanis
1081 2187 1218 2238 pejores

261 2247 373 2284 facit:
396 2261 454 2285 eos
473 2255 591 2284 autem
606 2247 667 2297 qui
698 2246 770 2283 illis
789 2245 979 2283 deteriores
1010 2257 1092 2285 suut
1111 2277 1120 2294 ,
1150 2262 1216 2286 non

262 2322 363 2360 posse
380 2307 598 2360 supplicium
617 2307 770 2355 effugere
788 2306 917 2343 nemini
930 2321 996 2344 non
1013 2317 1140 2346 notum
1154 2319 1216 2347 est.

261 2367 353 2416 Quis
389 2365 614 2405 iracundiam
645 2379 786 2402 omnem
822 2377 867 2401 cx
898 2364 1003 2403 corde
1038 2366 1158 2417 ejecit,
1186 2377 1220 2405 et

263 2428 437 2474 omnium,
453 2429 513 2478 qui
533 2427 567 2464 in
584 2441 620 2465 se
638 2426 878 2476 deliquerunt,
895 2435 1036 2477 pecc-ata
1057 2428 1220 2466 remisit?

260 2504 344 2527 eum
364 2498 481 2527 autem
499 2488 559 2539 qui
585 2502 652 2525 non
677 2487 850 2525 remiserit
883 2488 1064 2526 tormentis
1097 2503 1219 2528 neces-

263 2551 357 2589 sario
377 2549 590 2588 tradendum
610 2563 684 2586 esse
699 2579 709 2595 ‚
728 2548 847 2586 nullus
861 2562 983 2586 eorum
1000 2579 1008 2594 ‚
1038 2550 1098 2600 qui
1118 2551 1219 2588 Chri-

265 2621 360 2649 stum
386 2610 552 2658 audierit‚
576 2618 767 2660 negaturus
783 2618 848 2647 est.
870 2609 960 2658 Quis
983 2624 1051 2647 non
1071 2611 1220 2650 servivit

267 2687 439 2710 mamona:
456 2673 473 2710 ἶ)
488 2686 569 2710 eum
591 2685 674 2709 vero
694 2670 756 2721 qui
779 2671 844 2723 ipsi
868 2671 1055 2717 servierit,
1085 2672 1219 2710 Christi

267 2734 472 2771 servitutem
492 2732 662 2783 abjecisse
691 2740 827 2769 certum
849 2741 920 2777 est,
947 2741 982 2770 at
1001 2732 1062 2782 qui
1087 2733 1222 2772 Christi

266 2795 473 2832 servitutem
491 2793 632 2843 abjecit,
647 2793 828 2845 propriam
845 2794 991 2831 salutem
1007 2793 1101 2831 haud
1113 2794 1224 2832 dubie

269 2855 468 2903 abnegavit.
490 2854 579 2902 Quis
596 2868 662 2891 non
686 2854 822 2891 occulte
846 2853 1057 2892 maledixit?
1079 2855 1142 2892 lios
1159 2870 1221 2893 au-

269 2925 339 2954 tem
362 2926 611 2966 vetusquuquc
632 2914 687 2952 lex
709 2915 985 2966 inteilieijubet,
1003 2925 1035 2953 et
1050 2917 1220 2967 jugulari.

269 2978 338 3016 Sed
368 2992 445 3028 quse
475 2976 668 3014 consolatio
702 2976 735 3013 in
771 2977 928 3028 propriis
957 2977 1084 3015 malis?
1113 2978 1221 3023 Quod

270 3052 390 3075 omnes
412 3051 474 3074 reu
503 3051 547 3074 ex
576 3035 737 3073 condicto
759 3037 791 3074 in
822 3038 986 3087 nequitiae
1012 3038 1220 3077 barathrum

270 3097 454 3137 decidant.
480 3097 573 3147 quod
604 3097 719 3148 ipsum
740 3098 827 3148 ejus,
854 3099 914 3148 qui
947 3113 1041 3136 nuuc
1060 3099 1216 3146 obtinet,

271 3158 387 3197 morbi
408 3166 655 3207 argumentum
675 3167 724 3194 est
748 3159 946 3196 maximum
962 3175 972 3209 5
991 3174 1071 3197 cum
1087 3160 1220 3199 scilicet

313 3300 330 3324 ὖ
357 3300 433 3331 Haee
450 3300 724 3339 ‹2223p21242....
751 3303 868 3338 ficu-122
893 3299 1010 3332 desunt
1035 3302 1066 3332 in
1094 3299 1184 3335 Edit.
1205 3302 1275 3333 Mo·

269 3350 326 3385 rel.
342 3378 350 3391 ,
368 3349 427 3383 sed
453 3351 485 3382 in
509 3349 610 3382 savit.
635 3357 667 3381 et
691 3351 723 3382 in
741 3350 921 3384 (lodicibus
939 3364 1015 3384 mss.
1036 3352 1202 3386 habentur
1215 3379 1224 3395 ‚
1241 3364 1272 3387 et

269 3404 310 3436 ab
329 3401 506 3436 Ambra-io
525 3400 607 3433 lec-ta
626 3409 711 3433 «unt.

1311 203 1521 235 ARCfflEP.
1558 203 1921 235 cONSTAN‘rmoP.

1294 289 1317 333 ἡ
1336 285 1428 334 πύλη
1441 317 1453 335 ,
1477 287 1538 325 καὶ
1563 286 1779 338 τεθλιμμένη
1809 290 1831 332 ἡ
1860 286 1936 329 ὁδὸς
1951 287 1974 332 ἡ
1989 285 2174 338 ἀπάγουσα
2190 287 2238 331 εἰς
2251 284 2316 334 τὴν

1295 347 1402 394 ζωὴν,
1415 348 1475 386 καὶ
1490 348 1602 399 ὀλίγοι
1620 349 1707 386 εἰσὶν
1727 350 1758 386 οἱ
1775 347 1990 399 εὑρίσκοντες
2015 347 2138 394 αὐτήν.
2165 349 2208 387 Εἰ
2229 348 2264 387 δὲ
2283 350 2316 386 οἱ

1295 408 1509 461 εὑρίσκοντες
1523 409 1646 460 ὀλίγοι,
1656 410 1777 460 πολλῷ
1794 409 1927 458 μᾶλλον
1941 410 1973 446 ot
1989 407 2074 460 πρὸς
2088 409 2128 448 τὸ
2143 409 2241 453 τέλος
2256 411 2317 447 αὗ-

1294 473 1357 516 τῆς
1383 471 1512 522 φθάσαι
1538 471 1736 522 δυνάμενοι.
1768 472 1822 509 Οὐ
1847 470 1915 520 γὰρ
1940 468 1982 515 δὴ
2005 469 2133 514 πάντες
2151 470 2226 509 ὅσοι
2253 473 2318 518 τῆς

1296 532 1410 582 ἀρχῆς
1426 532 1603 578 ἐπέδησαν
1620 563 1630 579 ,
1651 532 1710 570 καὶ
1741 532 1826 584 πρὸς
1850 531 1889 568 τὸ
1908 529 2018 581 πέρας
2041 531 2149 576 αὐτῆς
2166 530 2319 583 ἴσχυσαν

1296 596 1419 639 στῆναι
1433 610 1440 618 ·
1463 595 1539 632 ἀλλ’
1561 597 1592 632 οἱ
1615 593 1676 644 μὲν
1698 595 1730 631 ἐν
1750 597 1820 635 τοῖς
1847 590 2045 642 προοιμίοις
2061 621 2070 638 ,
2102 594 2134 630 οἱ
2158 591 2192 630 δὲ
2213 594 2248 630 ἐν
2267 594 2319 643 τῷ

1298 654 1418 706 μέσῳ,
1438 656 1561 692 πολλοὶ
1578 655 1612 692 δὲ
1634 655 1692 692 καὶ
1713 654 1796 705 προς
1820 654 1913 706 αὐτῷ
1931 656 1982 703 τῷ
2005 651 2122 702 λιμένι
2148 668 2320 691 κατεπον-

1297 715 1479 761 τίσθησαν.
1509 717 1576 754 Καὶ
1605 717 1711 754 πάλιν
1738 713 1886 758 πολλοὺς
1917 713 1980 764 μὲν
2011 707 2099 750 εἶναί
2129 729 2215 764 φησι
2242 713 2320 758 τοὺς

1296 776 1457 823 κλητοὺς,
1472 777 1608 827 ὀλίγους
1624 776 1660 813 δὲ
1680 776 1758 819 τοὺς
1774 775 1968 817 ἐκλεκτούς.
1989 773 2104 813 εὈταν
2119 769 2176 812 οὖν
2193 778 2212 813 ὁ
2230 775 2320 828 Χρι-

1296 838 1375 881 στὸς
1390 839 1430 877 τὸ
1451 838 1513 888 μὲν
1531 838 1636 876 πλέον
1656 832 1743 876 εἶναι
1764 840 1825 883 τῆς
1841 835 2037 882 ἀπωλείας,
2052 837 2087 874 ἐν
2102 835 2138 874 δὲ
2155 841 2225 879 τοῖς
2240 835 2319 875 ὀλί-

1298 915 1372 950 γοις
1386 900 1614 951 περιωρίσθαι
1627 898 1691 946 τὴν
1708 898 1884 950 σωτηρίαν
1905 896 2163 949 ἀποφαίνηται,
2183 897 2217 935 τί
2235 898 2322 951 πρὸς

1299 961 1360 1010 ἐμὲ
1378 961 1496 1012 μάχῃ
1511 961 1650 999 Ταύτὸν
1667 960 1735 1012 γὰρ
1754 965 1863 1002 ποιεῖς
1880 989 1889 1005 ,
1909 958 2031 1009 ὥσπερ
2049 958 2088 996 ἂν
2110 961 2139 997 εἷ
2160 958 2220 997 καὶ
2239 958 2321 1011 περὶ

1299 1025 1368 1059 τῶν
1393 1021 1493 1060 κατὰ·
1514 1021 1572 1059 τὸν
1605 1023 1684 1060 Νῶε
1704 1020 1979 1069 συμίεὸηκότων
1998 1019 2112 1071 λόγων
2130 1018 2320 1072 γινομένων

1298 1085 1384 1131 ἡμῖν
1399 1083 1604 1132 ἐθαύμαζες,
1624 1083 1655 1119 εἷ
1671 1082 1799 1124 πάντες
1819 1081 1882 1131 μὲν
1901 1081 2119 1128 ἀπολώλασι,
2137 1080 2195 1119 δύο
2211 1080 2247 1120 δὲ
2262 1080 2322 1119 καὶ

1298 1148 1389 1194 τρεῖς
1405 1143 1582 1195 ἄνθρωποι
1603 1142 1701 1192 μόνοι
1717 1141 1780 1188 τὴν
1797 1141 1970 1188 τοσαύτην
1986 1142 2143 1194 διέφυγον
2165 1141 2323 1187 κόλασιν,

1298 1203 1407 1255 ταύτῃ
1436 1205 1640 1255 προσδοκῶν
1664 1203 1835 1255 ἐμφράξαι
1863 1206 1965 1254 ἡμῶν
1988 1204 2028 1241 τὸ
2045 1203 2162 1253 στόμα
2177 1233 2186 1250 ,
2217 1205 2264 1246 ὡς
2282 1205 2322 1241 οὗ

1297 1265 1508 1314 τολμώντων
1532 1264 1770 1302 καταδικάσαι
1793 1263 1833 1301 τὸ
1852 1266 1996 1309 πλῆθος.
2029 1263 2112 1301 Ἀλλ
2137 1265 2176 1302 οὐ
2202 1263 2323 1302 πεισό-

1299 1329 1388 1373 μεθα
1409 1328 1524 1371 τοῦτο,
1547 1324 1622 1363 οὐδὲ
1636 1328 1698 1369 τῆς
1718 1323 1881 1371 ἀληθείας
1894 1323 1971 1367 τοὺς
1990 1323 2138 1367 πολλοὺς
2154 1324 2324 1376 προτιμή-

1298 1401 1416 1435 σομεν.
1434 1387 1524 1424 Οὐδὲ
1545 1386 1613 1436 γὰρ
1633 1388 1702 1423 τῶν
1721 1385 1802 1423 τότε
1822 1385 2100 1435 συμὸεὸηκότων
2119 1385 2254 1424 ἐλάττω
2278 1384 2323 1423 τὰ

1298 1449 1379 1493 νῦν,
1411 1447 1501 1485 ἀλλὰ
1521 1447 1581 1484 καὶ
1606 1447 1726 1498 πολλῷ
1755 1445 1959 1499 μιαρώτεροι
1976 1475 1986 1491 ,
2016 1445 2087 1499 ὅσῳ
2116 1446 2176 1484 καὶ
2201 1446 2323 1498 γέεννα

1296 1507 1428 1552 τούτοις
1441 1507 1632 1554 ἦπείληται
1647 1538 1655 1554 ,
1676 1508 1735 1545 καὶ
1760 1507 1802 1546 τὰ
1823 1509 1886 1552 τῆς
1903 1507 2028 1550 κακίας
2041 1508 2120 1546 οὐδὲ
2139 1506 2247 1550 οὕτως
2265 1508 2323 1545 ἐκ·

1297 1569 1476 1608 κόπτεται.
1488 1570 1554 1613 Τίς
1572 1569 1651 1622 γὰρ,
1668 1568 1746 1607 εἰπέ
1766 1585 1837 1619 μοι,
1855 1568 1971 1619 μωρὸν
1986 1569 2024 1605 οὐ
2037 1569 2137 1606 καλεῖ
2151 1568 2209 1606 τὸν
2225 1568 2324 1606 ἀδελ·

1295 1630 1382 1682 φόν;
1405 1635 1505 1669 τοῦτο
1532 1630 1567 1669 δὲ
1591 1630 1777 1669 ὑπεύθυνον
1801 1635 1893 1668 ποιεῖ
1912 1632 1962 1681 τῷ
1980 1632 2041 1675 τῆς
2063 1629 2203 1680 γεέννης
2224 1629 2321 1680 πυρί.

1295 1692 1359 1736 Τίς
1378 1693 1439 1730 οὐκ
1454 1686 1540 1730 εἶδεν
1561 1691 1766 1733 ἀκολάστοις
1786 1693 1978 1743 ὀφθαλμοῖς
1997 1692 2044 1734 εἷς
2062 1695 2210 1741 γυναῖκα
2228 1705 2239 1739 ;
2261 1690 2322 1729 καὶ

1294 1758 1397 1792 τοῦτο
1422 1754 1457 1792 δὲ
1480 1753 1622 1805 μοιχεία
1646 1751 1893 1805 ἀπηρτισμένη
1909 1767 1917 1775 ·
1938 1751 1954 1772 ‘¹
1972 1751 2030 1790 τὸν
2051 1751 2086 1790 δὲ
2106 1751 2229 1803 μοιχὸν
2252 1751 2321 1789 πά·-

1292 1816 1345 1852 λιν
1379 1817 1425 1858 εἷς
1454 1815 1517 1862 τὴν
1553 1817 1616 1853 αὐτ
1625 1814 1660 1860 ἦν
1695 1814 1831 1865 ἀνάγκη
1853 1812 2041 1863 ἐμπίπτειν
2068 1813 2221 1864 γέενναν.
2252 1811 2319 1855 Τίς

1291 1879 1352 1914 οὐκ
1371 1876 1506 1926 ὤμοσε,
1528 1879 1630 1913 τοῦτο
1652 1874 1688 1913 δὲ
1707 1876 1747 1912 ἐκ
1771 1880 1831 1913 τοῦ
1849 1878 2003 1926 πονηροῦ
2019 1874 2160 1918 πάντως
2174 1890 2183 1898 ·
2215 1874 2255 1912 τὸ
2281 1873 2318 1912 δὲ

1293 1940 1332 1975 ἐκ
1346 1941 1406 1975 τοῦ
1425 1940 1590 1988 πονηροῦ,
1611 1936 1670 1974 καὶ
1693 1936 1776 1974 αὐτὸ
1794 1935 1970 1979 κολάσεως
1992 1934 2144 1978 πάντως.
2169 1934 2236 1978 Τίς
2255 1938 2318 1972 οὐκ

1294 1998 1465 2045 ἐδάσκηνε
1484 1998 1574 2049 φίλῳ
1590 1996 1694 2044 ποτέ;
1710 2001 1810 2035 τοῦτο
1830 1995 1866 2035 δὲ
1888 1996 1947 2034 καὶ
1965 1998 2108 2035 ἐθνικῶν
2128 1996 2188 2034 καὶ
2206 1997 2317 2034 τελω-

1295 2063 1360 2097 νῶν
1381 2060 1517 2111 χείρους
1538 2063 1648 2096 ποιεῖ·
1680 2057 1758 2100 τοὺς
1778 2058 1813 2096 δὲ
1841 2057 1983 2095 ἐκείνων
2011 2057 2149 2110 χείρους
2173 2055 2227 2095 ὅτι
2255 2058 2317 2095 οὐκ

1295 2120 1343 2158 ἔνι
1365 2121 1509 2158 κόλασιν
1536 2121 1713 2171 διαφυγεῖν
1728 2148 1737 2165 ,
1757 2118 1862 2156 παντί
1879 2133 1944 2156 που
1965 2118 2067 2164 δῆλόν
2090 2121 2177 2156 ἐστι.
2196 2117 2261 2161 Τίς
2279 2119 2321 2155 ἐκ

1295 2181 1440 2233 καρδίας
1459 2182 1600 2219 ἅπασαν
1621 2183 1723 2231 μῆνιν
1745 2180 1894 2226 ἐξήλασε
1908 2209 1917 2226 ,
1950 2180 2010 2217 καὶ
2041 2179 2086 2218 τὰ
2102 2179 2243 2218 πάντων
2273 2181 2321 2223 εἰς

1267 2281 1275 2286 ,
1296 2243 1397 2281 αὐτὸν
1418 2242 1774 2293 πεπλημμεληκότων
1795 2242 1909 2280 εἴασεν
1929 2241 2189 2293 &pape-Agamem
2209 2240 2267 2279 τὸν
2284 2240 2320 2278 δὲ

1295 2307 1357 2343 οὐκ
1375 2303 1522 2356 ἀφέντα,
1543 2306 1596 2342 ὅτι
1613 2310 1685 2347 τοῖς
1707 2303 1990 2354 βασανιστηρίοις
2011 2303 2147 2353 ἀνάγκη
2166 2304 2321 2354 παραδο-

1297 2368 1398 2410 θῆναι
1415 2393 1423 2409 ,
1455 2367 1523 2402 τῶν
1544 2363 1745 2411 ἀκηκοότων
1766 2369 1826 2402 τοῦ
1848 2365 2000 2416 Χριστοῦ
2032 2363 2142 2407 οὐδεὶς
2161 2364 2313 2414 ἀντερεῖ.

1297 2426 1362 2470 Τίς
1383 2428 1418 2465 δὲ
1438 2426 1500 2463 οὐκ
1520 2425 1699 2464 ἐδούλευσε
1717 2427 1767 2476 τῷ
1785 2431 1938 2476 μαμωνᾷ
1953 2439 1963 2471 ;
1980 2424 2038 2462 τὸν
2052 2422 2088 2461 δὲ
2108 2422 2229 2476 ἐκείνῳ
2244 2425 2319 2462 δου-

1296 2487 1469 2526 λεύσαντα
1496 2487 1630 2536 ἀνάγκη
1658 2486 1947 2538 παραιτήσασθαι
1981 2488 2041 2522 τοῦ
2069 2485 2222 2535 Χριστοῦ
2250 2485 2315 2531 τὴν

1297 2548 1452 2587 δουλείαν
1467 2561 1474 2568 “
1497 2548 1632 2593 ἐκείνην
1651 2548 1687 2585 δὲ
1708 2548 1950 2598 ἀρνησάμενον
1967 2576 1976 2591 ,
2009 2546 2069 2583 καὶ
2100 2544 2164 2591 τὴν
2187 2544 2318 2583 οἰκείαν

1297 2610 1432 2660 ἀνάγκη
1462 2609 1639 2660 σωτηρίαν
1658 2608 1888 2659 ἀρνήσασθαι.
1919 2607 1983 2650 Τίς
1999 2612 2012 2628 ”
2033 2609 2071 2645 οὐ
2093 2606 2317 2659 κακηγόρησε

1297 2671 1431 2723 λάθρα;
1465 2670 1605 2712 τούτους
1625 2669 1661 2707 δὲ
1687 2669 1746 2707 καὶ
1771 2672 1792 2715 ἡ
1810 2668 1946 2706 παλαιὰ
1968 2667 2240 2706 ἀποκτίννυσθαι
2260 2683 2318 2706 κε·

1297 2733 1409 2778 λεύει,
1442 2731 1502 2769 καὶ
1534 2729 1850 2781 κατασφάττεσθαι.
1873 2728 1978 2768 Ἀλλὰ
1997 2728 2047 2771 τίς
2067 2732 2088 2775 η
2109 2728 2317 2781 παραμυθία

1296 2799 1364 2834 τῶν
1385 2794 1518 2834 οἰκείων
1541 2797 1682 2840 κακῶν;
1703 2793 1755 2832 Τὸ
1777 2793 1910 2835 πάντας
1930 2792 2049 2845 ὥσπερ
2066 2792 2105 2831 ἔκ
2125 2808 2216 2837 τινος
2235 2809 2317 2832 συν-

1295 2857 1452 2907 θήματος
1471 2856 1555 2906 πρὸς
1576 2855 1615 2892 τὸ
1634 2858 1696 2900 τῆς
1726 2854 1849 2897 κακίας
1868 2855 2052 2899 ὀλισθῆσαι
2077 2852 2250 2906 βάραθρον
2268 2883 2278 2900 ,
2300 2855 2321 2893 ὃ

1296 2918 1356 2956 καὶ
1372 2918 1456 2955 αὐτὸ
1471 2920 1532 2962 τῆς
1549 2915 1766 2967 κατεχούσης
1788 2915 1887 2953 νόσου
1906 2914 2095 2965 τεκμήριόν
2121 2917 2196 2953 ἐστι
2220 2915 2319 2966 μέγι-

1296 2994 1375 3017 στον
1390 3008 1399 3025 ,
1433 2977 1515 3015 ὅταν
1559 2982 1658 3015 τοῦτο
1703 2975 1928 3027 παραμυθίαν
1967 2975 2052 3027 φέρῃ
2095 2978 2165 3013 τῶν
2197 2978 2317 3014 κακῶν

1297 3043 1311 3058 “
1328 3044 1432 3090 ἡμῖν,
1453 3040 1471 3078 ὃ
1491 3040 1644 3088 μείζονος
1673 3037 1793 3083 ὀδύνης
1821 3037 1982 3075 ὑπόθεσιν
2009 3031 2096 3075 εἶναι
2116 3039 2239 3089 ἐρχῆν.
2262 3039 2317 3076 Οὖ

1293 3100 1361 3152 γὰρ
1388 3100 1429 3147 δὴ
1460 3100 1499 3137 τὸ
1525 3098 1671 3141 πολλοὺς
1689 3099 1782 3150 ἔχειν
1799 3097 1980 3139 notmannis:
2010 3099 2078 3134 τῶν
2103 3096 2315 3149 ἁμαρτημά-

1294 3178 1362 3199 των
1389 3160 1606 3199 ἀπαλλάττει
1632 3163 1701 3198 τῶν
1735 3159 1968 3211 νἐγκλημιιίτων
1997 3162 2114 3209 ἡμᾶς,
2151 3159 2210 3197 καὶ
2244 3160 2315 3196 τῶν

1353 3312 1366 3325 ²
1391 3301 1485 3334 Unus
1501 3299 1613 3333 Codex
1632 3305 1681 3334 02ae
1700 3306 1913 3345 iaxta-sepme-

1353 3356 1369 3371 “”
1394 3355 1405 3396 [
1424 3353 1661 3397 ὐμῑνὸιινὶΙίυε,
1678 3361 1711 3385 et
1726 3351 1810 3385 infra
1830 3356 1905 3396 ὑμᾶς
1918 3377 1927 3395 ,
1943 3360 1974 3385 et
1991 3351 2053 3385 sub
2067 3350 2161 3384 litera
2178 3351 2203 3383 C
2217 3366 2311 3393 τεμω·

1305 3412 1373 3452 [εἶν-ι
1397 3404 1500 3449 '‘Qui-20]
