<?xml version="1.0" encoding="UTF-8"?>
<!DOCTYPE html PUBLIC "-//W3C//DTD XHTML 1.0 Transitional//EN"
    "http://www.w3.org/TR/xhtml1/DTD/xhtml1-transitional.dtd">
<html xmlns="http://www.w3.org/1999/xhtml" xml:lang="en" lang="en">
 <head>
  <title>
</title>
<meta http-equiv="Content-Type" content="text/html;charset=utf-8" />
  <meta name='ocr-system' content='tesseract 3.04.00' />
  <meta name='ocr-capabilities' content='ocr_page ocr_carea ocr_par ocr_line ocrx_word'/>
</head>
<body>
  <div class='ocr_page' id='page_1' title='image "./operaomniaquaeex01johnuoft/operaomniaquaeex01johnuoft_0017.png"; bbox 0 0 2253 3830; ppageno 0'>
   <div class='ocr_carea' id='block_1_1' title="bbox 999 245 2159 277">
    <p class='ocr_par' dir='ltr' id='par_1_1' title="bbox 999 245 2159 277">
     <span class='ocr_line' id='line_1_1' title="bbox 999 245 2159 277; baseline 0 -1"><span class='ocrx_word' id='word_1_1' title='bbox 999 247 1242 277; x_wconf 64' lang='lat' dir='ltr'><strong>PREFU‘to.</strong></span> <span class='ocrx_word' id='word_1_2' title='bbox 2097 245 2159 276; x_wconf 79' lang='lat' dir='ltr'><strong>Vll</strong></span> 
     </span>
    </p>
   </div>
   <div class='ocr_carea' id='block_1_2' title="bbox 520 560 1723 615">
    <p class='ocr_par' dir='ltr' id='par_1_2' title="bbox 520 560 1723 615">
     <span class='ocr_line' id='line_1_2' title="bbox 520 560 1723 615; baseline 0.001 -16"><span class='ocrx_word' id='word_1_3' title='bbox 520 562 698 613; x_wconf 82' lang='lat' dir='ltr'><strong>Quantus</strong></span> <span class='ocrx_word' id='word_1_4' title='bbox 714 560 991 599; x_wconf 80' lang='lat' dir='ltr'><em>anecdotorum</em></span> <span class='ocrx_word' id='word_1_5' title='bbox 1017 573 1199 598; x_wconf 80' lang='lat' dir='ltr'><strong>numerus</strong></span> <span class='ocrx_word' id='word_1_6' title='bbox 1219 574 1321 599; x_wconf 85' lang='lat' dir='ltr'><strong>nune</strong></span> <span class='ocrx_word' id='word_1_7' title='bbox 1334 564 1503 613; x_wconf 84' lang='lat' dir='ltr'><strong>primum</strong></span> <span class='ocrx_word' id='word_1_8' title='bbox 1518 563 1723 615; x_wconf 83' lang='lat' dir='ltr'><strong>efferatur.</strong></span> 
     </span>
    </p>
   </div>
   <div class='ocr_carea' id='block_1_3' title="bbox 63 681 2164 2748">
    <p class='ocr_par' dir='ltr' id='par_1_3' title="bbox 63 681 2164 2748">
     <span class='ocr_line' id='line_1_3' title="bbox 125 681 2156 736; baseline 0.001 -15"><span class='ocrx_word' id='word_1_9' title='bbox 125 682 301 722; x_wconf 87' lang='lat' dir='ltr'><strong>Homilias</strong></span> <span class='ocrx_word' id='word_1_10' title='bbox 319 682 564 736; x_wconf 87' lang='lat' dir='ltr'><strong>opusculaque</strong></span> <span class='ocrx_word' id='word_1_11' title='bbox 583 682 653 720; x_wconf 89' lang='lat' dir='ltr'><strong>alia</strong></span> <span class='ocrx_word' id='word_1_12' title='bbox 669 681 829 720; x_wconf 87' lang='lat' dir='ltr'><strong>nondum</strong></span> <span class='ocrx_word' id='word_1_13' title='bbox 849 682 977 721; x_wconf 84' lang='lat' dir='ltr'><strong>emissa</strong></span> <span class='ocrx_word' id='word_1_14' title='bbox 999 681 1127 719; x_wconf 91' lang='lat' dir='ltr'><strong>iisdem</strong></span> <span class='ocrx_word' id='word_1_15' title='bbox 1142 696 1187 719; x_wconf 86' lang='lat' dir='ltr'><strong>ex</strong></span> <span class='ocrx_word' id='word_1_16' title='bbox 1203 681 1348 720; x_wconf 87' lang='lat' dir='ltr'><strong>latebris</strong></span> <span class='ocrx_word' id='word_1_17' title='bbox 1369 682 1560 721; x_wconf 85' lang='lat' dir='ltr'><strong>eduximus</strong></span> <span class='ocrx_word' id='word_1_18' title='bbox 1573 714 1583 733; x_wconf 94' lang='lat'><strong>,</strong></span> <span class='ocrx_word' id='word_1_19' title='bbox 1601 692 1634 721; x_wconf 90' lang='lat' dir='ltr'><strong>et</strong></span> <span class='ocrx_word' id='word_1_20' title='bbox 1660 683 1805 734; x_wconf 86' lang='lat' dir='ltr'><strong>quidem</strong></span> <span class='ocrx_word' id='word_1_21' title='bbox 1832 693 1929 721; x_wconf 89' lang='lat' dir='ltr'><strong>tanto</strong></span> <span class='ocrx_word' id='word_1_22' title='bbox 1949 698 2096 724; x_wconf 88' lang='lat' dir='ltr'><strong>numero</strong></span> <span class='ocrx_word' id='word_1_23' title='bbox 2117 695 2156 724; x_wconf 89' lang='lat' dir='ltr'><strong>ut</strong></span> 
     </span>
     <span class='ocr_line' id='line_1_4' title="bbox 74 744 2155 801; baseline 0 -16"><span class='ocrx_word' id='word_1_24' title='bbox 74 747 148 785; x_wconf 86' lang='lat' dir='ltr'><strong>sola</strong></span> <span class='ocrx_word' id='word_1_25' title='bbox 165 747 326 798; x_wconf 88' lang='lat' dir='ltr'><strong>amplum</strong></span> <span class='ocrx_word' id='word_1_26' title='bbox 350 746 515 784; x_wconf 88' lang='lat' dir='ltr'><strong>volumen</strong></span> <span class='ocrx_word' id='word_1_27' title='bbox 545 745 715 783; x_wconf 82' lang='lat' dir='ltr'><strong>conficere</strong></span> <span class='ocrx_word' id='word_1_28' title='bbox 733 744 886 783; x_wconf 83' lang='lat' dir='ltr'><strong>valeant.</strong></span> <span class='ocrx_word' id='word_1_29' title='bbox 912 745 951 782; x_wconf 94' lang='lat' dir='ltr'><strong>In</strong></span> <span class='ocrx_word' id='word_1_30' title='bbox 980 744 1024 782; x_wconf 90' lang='lat' dir='ltr'><strong>iis</strong></span> <span class='ocrx_word' id='word_1_31' title='bbox 1054 758 1138 781; x_wconf 87' lang='lat' dir='ltr'><strong>vero</strong></span> <span class='ocrx_word' id='word_1_32' title='bbox 1166 757 1295 795; x_wconf 82' lang='lat' dir='ltr'><strong>magna</strong></span> <span class='ocrx_word' id='word_1_33' title='bbox 1325 746 1461 783; x_wconf 89' lang='lat' dir='ltr'><strong>cautela</strong></span> <span class='ocrx_word' id='word_1_34' title='bbox 1493 745 1666 784; x_wconf 88' lang='lat' dir='ltr'><strong>utendum</strong></span> <span class='ocrx_word' id='word_1_35' title='bbox 1687 745 1879 795; x_wconf 81' lang='lat' dir='ltr'><strong>duximus,</strong></span> <span class='ocrx_word' id='word_1_36' title='bbox 1900 760 1981 784; x_wconf 90' lang='lat' dir='ltr'><strong>cum</strong></span> <span class='ocrx_word' id='word_1_37' title='bbox 2014 762 2058 785; x_wconf 93' lang='lat' dir='ltr'><strong>ne</strong></span> <span class='ocrx_word' id='word_1_38' title='bbox 2090 763 2155 801; x_wconf 90' lang='lat' dir='ltr'><strong>pro</strong></span> 
     </span>
     <span class='ocr_line' id='line_1_5' title="bbox 72 806 2158 862; baseline 0 -15"><span class='ocrx_word' id='word_1_39' title='bbox 72 809 383 861; x_wconf 55' lang='lat' dir='ltr'><strong>legitimisspuria</strong></span> <span class='ocrx_word' id='word_1_40' title='bbox 401 809 648 860; x_wconf 88' lang='lat' dir='ltr'><strong>proferantur,</strong></span> <span class='ocrx_word' id='word_1_41' title='bbox 668 817 746 845; x_wconf 90' lang='lat' dir='ltr'><strong>tum</strong></span> <span class='ocrx_word' id='word_1_42' title='bbox 773 807 878 846; x_wconf 88' lang='lat' dir='ltr'><strong>etiam</strong></span> <span class='ocrx_word' id='word_1_43' title='bbox 901 822 943 845; x_wconf 87' lang='lat' dir='ltr'><strong>ne</strong></span> <span class='ocrx_word' id='word_1_44' title='bbox 961 806 1205 844; x_wconf 87' lang='lat' dir='ltr'><strong>consarcinata</strong></span> <span class='ocrx_word' id='word_1_45' title='bbox 1224 821 1329 859; x_wconf 88' lang='lat' dir='ltr'><strong>opera</strong></span> <span class='ocrx_word' id='word_1_46' title='bbox 1343 838 1352 854; x_wconf 91' lang='lat'><strong>,</strong></span> <span class='ocrx_word' id='word_1_47' title='bbox 1373 822 1417 845; x_wconf 80' lang='lat' dir='ltr'><strong>ex</strong></span> <span class='ocrx_word' id='word_1_48' title='bbox 1444 808 1570 846; x_wconf 84' lang='lat' dir='ltr'><strong>multis</strong></span> <span class='ocrx_word' id='word_1_49' title='bbox 1585 809 1738 846; x_wconf 88' lang='lat' dir='ltr'><strong>aliarum</strong></span> <span class='ocrx_word' id='word_1_50' title='bbox 1759 809 1960 847; x_wconf 89' lang='lat' dir='ltr'><strong>orationum</strong></span> <span class='ocrx_word' id='word_1_51' title='bbox 1980 811 2158 862; x_wconf 74' lang='lat' dir='ltr'>excerptis</span> 
     </span>
     <span class='ocr_line' id='line_1_6' title="bbox 74 870 2156 925; baseline 0 -15"><span class='ocrx_word' id='word_1_52' title='bbox 74 873 296 920; x_wconf 79' lang='lat' dir='ltr'><strong>concinnata,</strong></span> <span class='ocrx_word' id='word_1_53' title='bbox 318 872 373 910; x_wconf 81' lang='lat' dir='ltr'><strong>vel</strong></span> <span class='ocrx_word' id='word_1_54' title='bbox 389 887 407 910; x_wconf 93' lang='lat' dir='ltr'><strong>a</strong></span> <span class='ocrx_word' id='word_1_55' title='bbox 424 872 622 923; x_wconf 79' lang='lat' dir='ltr'>nugacibus</span> <span class='ocrx_word' id='word_1_56' title='bbox 639 871 816 910; x_wconf 85' lang='lat' dir='ltr'><strong>Graeculis</strong></span> <span class='ocrx_word' id='word_1_57' title='bbox 828 902 838 920; x_wconf 90' lang='lat'><strong>,</strong></span> <span class='ocrx_word' id='word_1_58' title='bbox 858 871 916 908; x_wconf 83' lang='lat' dir='ltr'><strong>vel</strong></span> <span class='ocrx_word' id='word_1_59' title='bbox 932 870 977 908; x_wconf 86' lang='lat' dir='ltr'><strong>ab</strong></span> <span class='ocrx_word' id='word_1_60' title='bbox 993 870 1074 907; x_wconf 89' lang='lat' dir='ltr'><strong>aliis</strong></span> <span class='ocrx_word' id='word_1_61' title='bbox 1089 871 1151 921; x_wconf 89' lang='lat' dir='ltr'><strong>qui</strong></span> <span class='ocrx_word' id='word_1_62' title='bbox 1167 871 1236 908; x_wconf 86' lang='lat' dir='ltr'><strong>hac</strong></span> <span class='ocrx_word' id='word_1_63' title='bbox 1255 871 1381 908; x_wconf 81' lang='lat' dir='ltr'><strong>techna</strong></span> <span class='ocrx_word' id='word_1_64' title='bbox 1397 871 1647 923; x_wconf 86' lang='lat' dir='ltr'><strong>Chrysostomi</strong></span> <span class='ocrx_word' id='word_1_65' title='bbox 1667 887 1760 910; x_wconf 75' lang='lat' dir='ltr'><strong>nova</strong></span> <span class='ocrx_word' id='word_1_66' title='bbox 1780 887 1887 925; x_wconf 91' lang='lat' dir='ltr'><strong>opera</strong></span> <span class='ocrx_word' id='word_1_67' title='bbox 1907 873 2156 921; x_wconf 76' lang='lat' dir='ltr'><strong>venditabant,</strong></span> 
     </span>
     <span class='ocr_line' id='line_1_7' title="bbox 74 934 2156 989; baseline 0 -14"><span class='ocrx_word' id='word_1_68' title='bbox 74 951 117 975; x_wconf 93' lang='lat' dir='ltr'><strong>ne</strong></span> <span class='ocrx_word' id='word_1_69' title='bbox 133 936 192 974; x_wconf 89' lang='lat' dir='ltr'><strong>illa</strong></span> <span class='ocrx_word' id='word_1_70' title='bbox 209 967 218 985; x_wconf 95' lang='lat'><strong>,</strong></span> <span class='ocrx_word' id='word_1_71' title='bbox 237 936 381 987; x_wconf 86' lang='lat' dir='ltr'><strong>inquam</strong></span> <span class='ocrx_word' id='word_1_72' title='bbox 394 967 403 982; x_wconf 87' lang='lat'><strong>‚</strong></span> <span class='ocrx_word' id='word_1_73' title='bbox 420 946 644 989; x_wconf 82' lang='lat' dir='ltr'><strong>repetantur,</strong></span> <span class='ocrx_word' id='word_1_74' title='bbox 665 950 732 974; x_wconf 88' lang='lat' dir='ltr'><strong>neu</strong></span> <span class='ocrx_word' id='word_1_75' title='bbox 749 936 804 973; x_wconf 92' lang='lat' dir='ltr'><strong>bis</strong></span> <span class='ocrx_word' id='word_1_76' title='bbox 821 945 919 974; x_wconf 79' lang='lat' dir='ltr'><strong>terve</strong></span> <span class='ocrx_word' id='word_1_77' title='bbox 944 934 1067 972; x_wconf 90' lang='lat' dir='ltr'><strong>eadem</strong></span> <span class='ocrx_word' id='word_1_78' title='bbox 1092 935 1283 986; x_wconf 85' lang='lat' dir='ltr'><strong>prodeant,</strong></span> <span class='ocrx_word' id='word_1_79' title='bbox 1299 935 1396 986; x_wconf 89' lang='lat' dir='ltr'><strong>quod</strong></span> <span class='ocrx_word' id='word_1_80' title='bbox 1411 945 1444 973; x_wconf 86' lang='lat' dir='ltr'><strong>et</strong></span> <span class='ocrx_word' id='word_1_81' title='bbox 1464 936 1559 988; x_wconf 86' lang='lat' dir='ltr'><strong>apud</strong></span> <span class='ocrx_word' id='word_1_82' title='bbox 1591 937 1889 989; x_wconf 81' lang='lat' dir='ltr'><strong>Clirysostomum</strong></span> <span class='ocrx_word' id='word_1_83' title='bbox 1905 946 1937 974; x_wconf 91' lang='lat' dir='ltr'><strong>et</strong></span> <span class='ocrx_word' id='word_1_84' title='bbox 1953 936 2049 989; x_wconf 89' lang='lat' dir='ltr'><strong>apud</strong></span> <span class='ocrx_word' id='word_1_85' title='bbox 2065 937 2156 976; x_wconf 87' lang='lat' dir='ltr'><strong>alios</strong></span> 
     </span>
     <span class='ocr_line' id='line_1_8' title="bbox 74 997 2155 1051; baseline 0 -14"><span class='ocrx_word' id='word_1_86' title='bbox 74 1009 211 1037; x_wconf 85' lang='lat' dir='ltr'><strong>sanctos</strong></span> <span class='ocrx_word' id='word_1_87' title='bbox 233 1009 348 1051; x_wconf 87' lang='lat' dir='ltr'><strong>patres</strong></span> <span class='ocrx_word' id='word_1_88' title='bbox 370 1013 438 1037; x_wconf 93' lang='lat' dir='ltr'><strong>non</strong></span> <span class='ocrx_word' id='word_1_89' title='bbox 467 999 575 1037; x_wconf 86' lang='lat' dir='ltr'><strong>semel</strong></span> <span class='ocrx_word' id='word_1_90' title='bbox 593 998 764 1036; x_wconf 87' lang='lat' dir='ltr'><strong>accidisse</strong></span> <span class='ocrx_word' id='word_1_91' title='bbox 792 998 1045 1050; x_wconf 85' lang='lat' dir='ltr'><strong>comperimus.</strong></span> <span class='ocrx_word' id='word_1_92' title='bbox 1075 998 1140 1035; x_wconf 88' lang='lat' dir='ltr'><strong>Est</strong></span> <span class='ocrx_word' id='word_1_93' title='bbox 1168 997 1276 1034; x_wconf 88' lang='lat' dir='ltr'><strong>etiam</strong></span> <span class='ocrx_word' id='word_1_94' title='bbox 1302 1012 1383 1035; x_wconf 90' lang='lat' dir='ltr'><strong>cum</strong></span> <span class='ocrx_word' id='word_1_95' title='bbox 1410 998 1556 1036; x_wconf 88' lang='lat' dir='ltr'><strong>mutatis</strong></span> <span class='ocrx_word' id='word_1_96' title='bbox 1577 999 1759 1050; x_wconf 83' lang='lat' dir='ltr'><strong>prioribus</strong></span> <span class='ocrx_word' id='word_1_97' title='bbox 1780 999 1938 1037; x_wconf 83' lang='lat' dir='ltr'><strong>homiliae</strong></span> <span class='ocrx_word' id='word_1_98' title='bbox 1956 1013 2016 1037; x_wconf 88' lang='lat' dir='ltr'><strong>seu</strong></span> <span class='ocrx_word' id='word_1_99' title='bbox 2033 1000 2155 1038; x_wconf 80' lang='lat' dir='ltr'><strong>verbis</strong></span> 
     </span>
     <span class='ocr_line' id='line_1_9' title="bbox 74 1059 2156 1114; baseline 0 -15"><span class='ocrx_word' id='word_1_100' title='bbox 74 1075 135 1099; x_wconf 88' lang='lat' dir='ltr'><strong>seu</strong></span> <span class='ocrx_word' id='word_1_101' title='bbox 155 1061 330 1113; x_wconf 87' lang='lat' dir='ltr'><strong>periodis,</strong></span> <span class='ocrx_word' id='word_1_102' title='bbox 350 1075 428 1112; x_wconf 85' lang='lat' dir='ltr'><strong>quae</strong></span> <span class='ocrx_word' id='word_1_103' title='bbox 447 1060 578 1099; x_wconf 84' lang='lat' dir='ltr'><strong>eaedem</strong></span> <span class='ocrx_word' id='word_1_104' title='bbox 600 1061 744 1099; x_wconf 91' lang='lat' dir='ltr'><strong>omnino</strong></span> <span class='ocrx_word' id='word_1_105' title='bbox 763 1070 846 1098; x_wconf 90' lang='lat' dir='ltr'><strong>sunt</strong></span> <span class='ocrx_word' id='word_1_106' title='bbox 861 1060 1047 1098; x_wconf 86' lang='lat' dir='ltr'><strong>conciones</strong></span> <span class='ocrx_word' id='word_1_107' title='bbox 1060 1090 1070 1105; x_wconf 88' lang='lat'><strong>,</strong></span> <span class='ocrx_word' id='word_1_108' title='bbox 1092 1074 1155 1112; x_wconf 87' lang='lat' dir='ltr'><strong>pro</strong></span> <span class='ocrx_word' id='word_1_109' title='bbox 1171 1059 1250 1097; x_wconf 90' lang='lat' dir='ltr'><strong>aliis</strong></span> <span class='ocrx_word' id='word_1_110' title='bbox 1270 1069 1303 1097; x_wconf 90' lang='lat' dir='ltr'><strong>et</strong></span> <span class='ocrx_word' id='word_1_111' title='bbox 1327 1059 1481 1098; x_wconf 79' lang='lat' dir='ltr'><strong>diversis</strong></span> <span class='ocrx_word' id='word_1_112' title='bbox 1497 1061 1692 1099; x_wconf 89' lang='lat' dir='ltr'><strong>habentur:</strong></span> <span class='ocrx_word' id='word_1_113' title='bbox 1712 1062 1884 1099; x_wconf 89' lang='lat' dir='ltr'><strong>nimirum</strong></span> <span class='ocrx_word' id='word_1_114' title='bbox 1903 1061 2038 1114; x_wconf 85' lang='lat' dir='ltr'><strong>decipit</strong></span> <span class='ocrx_word' id='word_1_115' title='bbox 2058 1063 2156 1101; x_wconf 83' lang='lat' dir='ltr'><strong>frons</strong></span> 
     </span>
     <span class='ocr_line' id='line_1_10' title="bbox 72 1123 2156 1178; baseline 0.001 -17"><span class='ocrx_word' id='word_1_116' title='bbox 72 1124 189 1176; x_wconf 89' lang='lat' dir='ltr'><strong>prima</strong></span> <span class='ocrx_word' id='word_1_117' title='bbox 205 1125 336 1162; x_wconf 91' lang='lat' dir='ltr'><strong>multos</strong></span> <span class='ocrx_word' id='word_1_118' title='bbox 352 1154 362 1173; x_wconf 91' lang='lat'><strong>,</strong></span> <span class='ocrx_word' id='word_1_119' title='bbox 385 1134 418 1162; x_wconf 89' lang='lat' dir='ltr'><strong>et</strong></span> <span class='ocrx_word' id='word_1_120' title='bbox 441 1139 523 1162; x_wconf 87' lang='lat' dir='ltr'><strong>cum</strong></span> <span class='ocrx_word' id='word_1_121' title='bbox 550 1125 728 1178; x_wconf 88' lang='lat' dir='ltr'><strong>principia</strong></span> <span class='ocrx_word' id='word_1_122' title='bbox 746 1124 908 1171; x_wconf 90' lang='lat' dir='ltr'><strong>variant,</strong></span> <span class='ocrx_word' id='word_1_123' title='bbox 935 1123 980 1161; x_wconf 91' lang='lat' dir='ltr'><strong>de</strong></span> <span class='ocrx_word' id='word_1_124' title='bbox 1007 1123 1143 1161; x_wconf 82' lang='lat' dir='ltr'><strong>caeteris</strong></span> <span class='ocrx_word' id='word_1_125' title='bbox 1174 1132 1213 1160; x_wconf 92' lang='lat' dir='ltr'><strong>ut</strong></span> <span class='ocrx_word' id='word_1_126' title='bbox 1238 1123 1438 1175; x_wconf 90' lang='lat' dir='ltr'><strong>plurimum</strong></span> <span class='ocrx_word' id='word_1_127' title='bbox 1457 1138 1524 1161; x_wconf 91' lang='lat' dir='ltr'><strong>non</strong></span> <span class='ocrx_word' id='word_1_128' title='bbox 1544 1124 1717 1175; x_wconf 65' lang='lat' dir='ltr'><strong>quaeritur</strong></span> <span class='ocrx_word' id='word_1_129' title='bbox 1735 1139 1780 1162; x_wconf 90' lang='lat' dir='ltr'><strong>an</strong></span> <span class='ocrx_word' id='word_1_130' title='bbox 1797 1125 1920 1163; x_wconf 88' lang='lat' dir='ltr'><strong>eadem</strong></span> <span class='ocrx_word' id='word_1_131' title='bbox 1940 1139 1984 1162; x_wconf 89' lang='lat' dir='ltr'><strong>an</strong></span> <span class='ocrx_word' id='word_1_132' title='bbox 2014 1124 2156 1164; x_wconf 73' lang='lat' dir='ltr'><strong>diversa</strong></span> 
     </span>
     <span class='ocr_line' id='line_1_11' title="bbox 71 1186 2158 1240; baseline 0 -15"><span class='ocrx_word' id='word_1_133' title='bbox 71 1187 155 1226; x_wconf 88' lang='lat' dir='ltr'><strong>sint.</strong></span> <span class='ocrx_word' id='word_1_134' title='bbox 180 1189 267 1225; x_wconf 87' lang='lat' dir='ltr'><strong>Rem</strong></span> <span class='ocrx_word' id='word_1_135' title='bbox 287 1188 442 1226; x_wconf 87' lang='lat' dir='ltr'><strong>similem</strong></span> <span class='ocrx_word' id='word_1_136' title='bbox 459 1189 597 1240; x_wconf 78' lang='lat' dir='ltr'><strong>experti</strong></span> <span class='ocrx_word' id='word_1_137' title='bbox 617 1202 739 1226; x_wconf 88' lang='lat' dir='ltr'><strong>sumus</strong></span> <span class='ocrx_word' id='word_1_138' title='bbox 758 1188 795 1225; x_wconf 92' lang='lat' dir='ltr'><strong>in</strong></span> <span class='ocrx_word' id='word_1_139' title='bbox 817 1187 975 1225; x_wconf 88' lang='lat' dir='ltr'><strong>Homilia</strong></span> <span class='ocrx_word' id='word_1_140' title='bbox 1001 1187 1046 1225; x_wconf 93' lang='lat' dir='ltr'><strong>de</strong></span> <span class='ocrx_word' id='word_1_141' title='bbox 1065 1186 1185 1225; x_wconf 87' lang='lat' dir='ltr'><strong>Natali</strong></span> <span class='ocrx_word' id='word_1_142' title='bbox 1204 1187 1359 1234; x_wconf 78' lang='lat' dir='ltr'><strong>Christi,</strong></span> <span class='ocrx_word' id='word_1_143' title='bbox 1379 1188 1480 1239; x_wconf 88' lang='lat' dir='ltr'><strong>cujus</strong></span> <span class='ocrx_word' id='word_1_144' title='bbox 1500 1187 1644 1225; x_wconf 88' lang='lat' dir='ltr'><strong>initium</strong></span> <span class='ocrx_word' id='word_1_145' title='bbox 1662 1188 1871 1240; x_wconf 73' lang='grc' dir='ltr'>Μυστήριον</span> <span class='ocrx_word' id='word_1_146' title='bbox 1894 1188 1986 1232; x_wconf 79' lang='grc' dir='ltr'>ξένον</span> <span class='ocrx_word' id='word_1_147' title='bbox 2007 1189 2066 1226; x_wconf 77' lang='grc' dir='ltr'><strong>καὶ</strong></span> <span class='ocrx_word' id='word_1_148' title='bbox 2087 1205 2158 1226; x_wconf 71' lang='grc' dir='ltr'><strong>πα-</strong></span> 
     </span>
     <span class='ocr_line' id='line_1_12' title="bbox 72 1250 2158 1303; baseline 0 -15"><span class='ocrx_word' id='word_1_149' title='bbox 72 1250 227 1302; x_wconf 78' lang='grc' dir='ltr'>ράδοξον.</span> <span class='ocrx_word' id='word_1_150' title='bbox 253 1251 322 1289; x_wconf 86' lang='lat' dir='ltr'><strong>Illa</strong></span> <span class='ocrx_word' id='word_1_151' title='bbox 351 1252 446 1289; x_wconf 91' lang='lat' dir='ltr'><strong>enim</strong></span> <span class='ocrx_word' id='word_1_152' title='bbox 478 1254 515 1289; x_wconf 89' lang='lat' dir='ltr'><strong>in</strong></span> <span class='ocrx_word' id='word_1_153' title='bbox 547 1252 732 1290; x_wconf 90' lang='lat' dir='ltr'><strong>codicibus</strong></span> <span class='ocrx_word' id='word_1_154' title='bbox 753 1251 935 1289; x_wconf 88' lang='lat' dir='ltr'><strong>nonnullis</strong></span> <span class='ocrx_word' id='word_1_155' title='bbox 959 1251 1031 1288; x_wconf 87' lang='lat' dir='ltr'><strong>alio</strong></span> <span class='ocrx_word' id='word_1_156' title='bbox 1062 1250 1242 1302; x_wconf 84' lang='lat' dir='ltr'><strong>principio</strong></span> <span class='ocrx_word' id='word_1_157' title='bbox 1269 1250 1441 1288; x_wconf 89' lang='lat' dir='ltr'><strong>instructa</strong></span> <span class='ocrx_word' id='word_1_158' title='bbox 1458 1260 1536 1288; x_wconf 88' lang='lat' dir='ltr'><strong>est:</strong></span> <span class='ocrx_word' id='word_1_159' title='bbox 1560 1250 1649 1301; x_wconf 90' lang='lat' dir='ltr'><strong>quid</strong></span> <span class='ocrx_word' id='word_1_160' title='bbox 1678 1251 1777 1303; x_wconf 90' lang='lat' dir='ltr'><strong>quod</strong></span> <span class='ocrx_word' id='word_1_161' title='bbox 1801 1252 1837 1289; x_wconf 91' lang='lat' dir='ltr'><strong>in</strong></span> <span class='ocrx_word' id='word_1_162' title='bbox 1865 1251 1945 1289; x_wconf 87' lang='lat' dir='ltr'><strong>aliis</strong></span> <span class='ocrx_word' id='word_1_163' title='bbox 1974 1252 2158 1289; x_wconf 88' lang='lat' dir='ltr'><strong>codicibus</strong></span> 
     </span>
     <span class='ocr_line' id='line_1_13' title="bbox 70 1312 2159 1367; baseline 0 -16"><span class='ocrx_word' id='word_1_164' title='bbox 70 1314 256 1352; x_wconf 77' lang='lat' dir='ltr'><strong>Athanasii</strong></span> <span class='ocrx_word' id='word_1_165' title='bbox 277 1315 546 1367; x_wconf 80' lang='lat' dir='ltr'><strong>Archiepiscopi</strong></span> <span class='ocrx_word' id='word_1_166' title='bbox 565 1314 799 1352; x_wconf 84' lang='lat' dir='ltr'><strong>Alexandrini</strong></span> <span class='ocrx_word' id='word_1_167' title='bbox 826 1327 953 1351; x_wconf 91' lang='lat' dir='ltr'><strong>nomen</strong></span> <span class='ocrx_word' id='word_1_168' title='bbox 983 1313 1149 1365; x_wconf 87' lang='lat' dir='ltr'><strong>praefert,</strong></span> <span class='ocrx_word' id='word_1_169' title='bbox 1168 1312 1291 1350; x_wconf 90' lang='lat' dir='ltr'><strong>multis</strong></span> <span class='ocrx_word' id='word_1_170' title='bbox 1314 1323 1391 1365; x_wconf 91' lang='lat' dir='ltr'><strong>post</strong></span> <span class='ocrx_word' id='word_1_171' title='bbox 1414 1313 1558 1351; x_wconf 90' lang='lat' dir='ltr'><strong>initium</strong></span> <span class='ocrx_word' id='word_1_172' title='bbox 1589 1314 1816 1352; x_wconf 88' lang='lat' dir='ltr'><strong>commutatis</strong></span> <span class='ocrx_word' id='word_1_173' title='bbox 1843 1324 1876 1352; x_wconf 93' lang='lat' dir='ltr'><strong>et</strong></span> <span class='ocrx_word' id='word_1_174' title='bbox 1901 1314 2049 1352; x_wconf 87' lang='lat' dir='ltr'><strong>aliunde</strong></span> <span class='ocrx_word' id='word_1_175' title='bbox 2077 1328 2159 1352; x_wconf 90' lang='lat' dir='ltr'><strong>cor-</strong></span> 
     </span>
     <span class='ocr_line' id='line_1_14' title="bbox 68 1375 2156 1429; baseline 0 -15"><span class='ocrx_word' id='word_1_176' title='bbox 68 1376 184 1414; x_wconf 73' lang='lat' dir='ltr'><strong>rasis?</strong></span> <span class='ocrx_word' id='word_1_177' title='bbox 202 1377 292 1414; x_wconf 89' lang='lat' dir='ltr'><strong>Eam</strong></span> <span class='ocrx_word' id='word_1_178' title='bbox 310 1391 417 1429; x_wconf 89' lang='lat' dir='ltr'><strong>porro</strong></span> <span class='ocrx_word' id='word_1_179' title='bbox 433 1377 592 1415; x_wconf 81' lang='lat' dir='ltr'><strong>Savilius</strong></span> <span class='ocrx_word' id='word_1_180' title='bbox 610 1387 710 1428; x_wconf 88' lang='lat' dir='ltr'><strong>putat</strong></span> <span class='ocrx_word' id='word_1_181' title='bbox 728 1390 764 1414; x_wconf 88' lang='lat' dir='ltr'><strong>se</strong></span> <span class='ocrx_word' id='word_1_182' title='bbox 780 1376 906 1427; x_wconf 83' lang='lat' dir='ltr'><strong>legisse</strong></span> <span class='ocrx_word' id='word_1_183' title='bbox 922 1375 1122 1412; x_wconf 80' lang='lat' dir='ltr'><strong>admixtam</strong></span> <span class='ocrx_word' id='word_1_184' title='bbox 1138 1375 1242 1412; x_wconf 89' lang='lat' dir='ltr'><strong>alteri</strong></span> <span class='ocrx_word' id='word_1_185' title='bbox 1262 1375 1446 1421; x_wconf 89' lang='lat' dir='ltr'><strong>concioni,</strong></span> <span class='ocrx_word' id='word_1_186' title='bbox 1467 1390 1530 1413; x_wconf 89' lang='lat' dir='ltr'><strong>nec</strong></span> <span class='ocrx_word' id='word_1_187' title='bbox 1550 1376 1706 1427; x_wconf 82' lang='lat' dir='ltr'><strong>assignat</strong></span> <span class='ocrx_word' id='word_1_188' title='bbox 1724 1377 1841 1414; x_wconf 91' lang='lat' dir='ltr'><strong>locum</strong></span> <span class='ocrx_word' id='word_1_189' title='bbox 1859 1392 1867 1415; x_wconf 92' lang='lat'>:</span> <span class='ocrx_word' id='word_1_190' title='bbox 1887 1378 2018 1414; x_wconf 92' lang='lat' dir='ltr'><strong>Fronto</strong></span> <span class='ocrx_word' id='word_1_191' title='bbox 2038 1387 2156 1415; x_wconf 89' lang='lat' dir='ltr'><strong>autem</strong></span> 
     </span>
     <span class='ocr_line' id='line_1_15' title="bbox 70 1437 2152 1491; baseline 0.001 -16"><span class='ocrx_word' id='word_1_192' title='bbox 70 1439 229 1476; x_wconf 87' lang='lat' dir='ltr'><strong>Ducaeus</strong></span> <span class='ocrx_word' id='word_1_193' title='bbox 245 1439 336 1477; x_wconf 90' lang='lat' dir='ltr'><strong>inter</strong></span> <span class='ocrx_word' id='word_1_194' title='bbox 348 1440 468 1491; x_wconf 88' lang='lat' dir='ltr'><strong>spuria</strong></span> <span class='ocrx_word' id='word_1_195' title='bbox 483 1439 675 1490; x_wconf 83' lang='lat' dir='ltr'><strong>ablegavit.</strong></span> <span class='ocrx_word' id='word_1_196' title='bbox 693 1440 741 1476; x_wconf 90' lang='lat' dir='ltr'><strong>Iis</strong></span> <span class='ocrx_word' id='word_1_197' title='bbox 754 1438 919 1490; x_wconf 88' lang='lat' dir='ltr'><strong>permoti,</strong></span> <span class='ocrx_word' id='word_1_198' title='bbox 939 1437 1022 1487; x_wconf 83' lang='lat' dir='ltr'><strong>quia</strong></span> <span class='ocrx_word' id='word_1_199' title='bbox 1047 1437 1148 1474; x_wconf 91' lang='lat' dir='ltr'><strong>nobis</strong></span> <span class='ocrx_word' id='word_1_200' title='bbox 1170 1437 1327 1487; x_wconf 88' lang='lat' dir='ltr'><strong>suspicio</strong></span> <span class='ocrx_word' id='word_1_201' title='bbox 1353 1447 1404 1474; x_wconf 89' lang='lat' dir='ltr'><strong>est</strong></span> <span class='ocrx_word' id='word_1_202' title='bbox 1419 1452 1496 1474; x_wconf 90' lang='lat' dir='ltr'><strong>eam</strong></span> <span class='ocrx_word' id='word_1_203' title='bbox 1516 1452 1535 1474; x_wconf 92' lang='lat' dir='ltr'><strong>a</strong></span> <span class='ocrx_word' id='word_1_204' title='bbox 1554 1438 1711 1475; x_wconf 87' lang='lat' dir='ltr'><strong>librariis</strong></span> <span class='ocrx_word' id='word_1_205' title='bbox 1732 1439 1788 1476; x_wconf 85' lang='lat' dir='ltr'><strong>vel</strong></span> <span class='ocrx_word' id='word_1_206' title='bbox 1807 1448 2012 1476; x_wconf 85' lang='lat' dir='ltr'><strong>temeratam</strong></span> <span class='ocrx_word' id='word_1_207' title='bbox 2032 1440 2152 1489; x_wconf 89' lang='lat' dir='ltr'><strong>fuisse,</strong></span> 
     </span>
     <span class='ocr_line' id='line_1_16' title="bbox 71 1497 2157 1553; baseline 0 -14"><span class='ocrx_word' id='word_1_208' title='bbox 71 1501 188 1539; x_wconf 79' lang='lat' dir='ltr'><strong>velex</strong></span> <span class='ocrx_word' id='word_1_209' title='bbox 207 1502 296 1539; x_wconf 90' lang='lat' dir='ltr'><strong>locis</strong></span> <span class='ocrx_word' id='word_1_210' title='bbox 315 1501 482 1539; x_wconf 88' lang='lat' dir='ltr'><strong>alicunde</strong></span> <span class='ocrx_word' id='word_1_211' title='bbox 500 1501 677 1553; x_wconf 82' lang='lat' dir='ltr'><strong>excerptis</strong></span> <span class='ocrx_word' id='word_1_212' title='bbox 694 1502 903 1538; x_wconf 87' lang='lat' dir='ltr'><strong>adornatam</strong></span> <span class='ocrx_word' id='word_1_213' title='bbox 916 1531 925 1547; x_wconf 93' lang='lat'><strong>,</strong></span> <span class='ocrx_word' id='word_1_214' title='bbox 945 1513 1027 1536; x_wconf 88' lang='lat' dir='ltr'><strong>cum</strong></span> <span class='ocrx_word' id='word_1_215' title='bbox 1052 1497 1213 1536; x_wconf 88' lang='lat' dir='ltr'><strong>nondum</strong></span> <span class='ocrx_word' id='word_1_216' title='bbox 1240 1498 1327 1548; x_wconf 89' lang='lat' dir='ltr'><strong>quid</strong></span> <span class='ocrx_word' id='word_1_217' title='bbox 1349 1499 1442 1536; x_wconf 90' lang='lat' dir='ltr'><strong>circa</strong></span> <span class='ocrx_word' id='word_1_218' title='bbox 1462 1500 1562 1537; x_wconf 82' lang='lat' dir='ltr'><strong>illam</strong></span> <span class='ocrx_word' id='word_1_219' title='bbox 1580 1509 1699 1538; x_wconf 87' lang='lat' dir='ltr'><strong>actum</strong></span> <span class='ocrx_word' id='word_1_220' title='bbox 1723 1501 1769 1538; x_wconf 90' lang='lat' dir='ltr'><strong>sit</strong></span> <span class='ocrx_word' id='word_1_221' title='bbox 1788 1501 1872 1538; x_wconf 87' lang='lat' dir='ltr'><strong>satis</strong></span> <span class='ocrx_word' id='word_1_222' title='bbox 1892 1501 2134 1552; x_wconf 84' lang='lat' dir='ltr'><strong>intelligamus</strong></span> <span class='ocrx_word' id='word_1_223' title='bbox 2148 1533 2157 1550; x_wconf 95' lang='lat'><strong>,</strong></span> 
     </span>
     <span class='ocr_line' id='line_1_17' title="bbox 67 1562 2158 1615; baseline 0.001 -14"><span class='ocrx_word' id='word_1_224' title='bbox 67 1563 106 1601; x_wconf 86' lang='lat' dir='ltr'><strong>in</strong></span> <span class='ocrx_word' id='word_1_225' title='bbox 121 1573 324 1615; x_wconf 88' lang='lat' dir='ltr'><strong>sequentem</strong></span> <span class='ocrx_word' id='word_1_226' title='bbox 343 1573 479 1601; x_wconf 86' lang='lat' dir='ltr'><strong>tomum</strong></span> <span class='ocrx_word' id='word_1_227' title='bbox 496 1564 745 1601; x_wconf 86' lang='lat' dir='ltr'><strong>reservandam</strong></span> <span class='ocrx_word' id='word_1_228' title='bbox 767 1565 986 1610; x_wconf 90' lang='lat' dir='ltr'><strong>censuimus,</strong></span> <span class='ocrx_word' id='word_1_229' title='bbox 1004 1572 1104 1599; x_wconf 73' lang='lat' dir='ltr'><strong>extra</strong></span> <span class='ocrx_word' id='word_1_230' title='bbox 1119 1562 1307 1613; x_wconf 85' lang='lat' dir='ltr'><strong>proprium</strong></span> <span class='ocrx_word' id='word_1_231' title='bbox 1327 1562 1462 1600; x_wconf 89' lang='lat' dir='ltr'><strong>seilicet</strong></span> <span class='ocrx_word' id='word_1_232' title='bbox 1478 1563 1617 1609; x_wconf 90' lang='lat' dir='ltr'><strong>locum,</strong></span> <span class='ocrx_word' id='word_1_233' title='bbox 1638 1577 1680 1600; x_wconf 92' lang='lat' dir='ltr'><strong>ne</strong></span> <span class='ocrx_word' id='word_1_234' title='bbox 1700 1572 1931 1614; x_wconf 86' lang='lat' dir='ltr'><strong>posteaquam</strong></span> <span class='ocrx_word' id='word_1_235' title='bbox 1951 1564 2054 1602; x_wconf 87' lang='lat' dir='ltr'><strong>illam</strong></span> <span class='ocrx_word' id='word_1_236' title='bbox 2080 1566 2158 1603; x_wconf 86' lang='lat' dir='ltr'><strong>edi-</strong></span> 
     </span>
     <span class='ocr_line' id='line_1_18' title="bbox 70 1625 2159 1677; baseline 0 -13"><span class='ocrx_word' id='word_1_237' title='bbox 70 1626 248 1666; x_wconf 90' lang='lat' dir='ltr'><strong>dissemus</strong></span> <span class='ocrx_word' id='word_1_238' title='bbox 262 1658 270 1672; x_wconf 89' lang='lat'>‚</span> <span class='ocrx_word' id='word_1_239' title='bbox 289 1641 334 1665; x_wconf 81' lang='lat' dir='ltr'><strong>ex</strong></span> <span class='ocrx_word' id='word_1_240' title='bbox 349 1627 490 1666; x_wconf 87' lang='lat' dir='ltr'><strong>assidua</strong></span> <span class='ocrx_word' id='word_1_241' title='bbox 506 1628 716 1665; x_wconf 86' lang='lat' dir='ltr'><strong>tractatione</strong></span> <span class='ocrx_word' id='word_1_242' title='bbox 734 1625 876 1677; x_wconf 81' lang='lat' dir='ltr'><strong>aliquid</strong></span> <span class='ocrx_word' id='word_1_243' title='bbox 892 1626 1150 1677; x_wconf 84' lang='lat' dir='ltr'><strong>importaretur</strong></span> <span class='ocrx_word' id='word_1_244' title='bbox 1165 1626 1264 1663; x_wconf 76' lang='lat' dir='ltr'><strong>novi.</strong></span> <span class='ocrx_word' id='word_1_245' title='bbox 1288 1626 1451 1663; x_wconf 85' lang='lat' dir='ltr'><strong>Profecto</strong></span> <span class='ocrx_word' id='word_1_246' title='bbox 1467 1636 1642 1676; x_wconf 91' lang='lat' dir='ltr'><strong>quantum</strong></span> <span class='ocrx_word' id='word_1_247' title='bbox 1660 1627 1783 1663; x_wconf 87' lang='lat' dir='ltr'><strong>fucum</strong></span> <span class='ocrx_word' id='word_1_248' title='bbox 1807 1627 1954 1664; x_wconf 76' lang='lat' dir='ltr'><strong>fecerint</strong></span> <span class='ocrx_word' id='word_1_249' title='bbox 1981 1628 2159 1666; x_wconf 89' lang='lat' dir='ltr'><strong>temerarii</strong></span> 
     </span>
     <span class='ocr_line' id='line_1_19' title="bbox 70 1686 2159 1744; baseline 0.001 -18"><span class='ocrx_word' id='word_1_250' title='bbox 70 1689 125 1726; x_wconf 87' lang='lat' dir='ltr'><strong>illi</strong></span> <span class='ocrx_word' id='word_1_251' title='bbox 142 1698 204 1727; x_wconf 86' lang='lat' dir='ltr'><strong>aut</strong></span> <span class='ocrx_word' id='word_1_252' title='bbox 220 1689 441 1744; x_wconf 79' lang='lat' dir='ltr'><strong>bibliopolae,</strong></span> <span class='ocrx_word' id='word_1_253' title='bbox 463 1698 524 1727; x_wconf 90' lang='lat' dir='ltr'><strong>aut</strong></span> <span class='ocrx_word' id='word_1_254' title='bbox 549 1688 706 1728; x_wconf 87' lang='lat' dir='ltr'><strong>Graeculi</strong></span> <span class='ocrx_word' id='word_1_255' title='bbox 725 1689 928 1740; x_wconf 84' lang='lat' dir='ltr'><strong>scriptoreS,</strong></span> <span class='ocrx_word' id='word_1_256' title='bbox 950 1687 1015 1724; x_wconf 77' lang='lat' dir='ltr'><strong>vix</strong></span> <span class='ocrx_word' id='word_1_257' title='bbox 1034 1686 1214 1738; x_wconf 87' lang='lat' dir='ltr'><strong>quispiam</strong></span> <span class='ocrx_word' id='word_1_258' title='bbox 1234 1687 1352 1725; x_wconf 86' lang='lat' dir='ltr'><strong>credat</strong></span> <span class='ocrx_word' id='word_1_259' title='bbox 1381 1687 1451 1725; x_wconf 92' lang='lat' dir='ltr'><strong>nisi</strong></span> <span class='ocrx_word' id='word_1_260' title='bbox 1481 1695 1674 1739; x_wconf 80' lang='lat' dir='ltr'><strong>expertus:</strong></span> <span class='ocrx_word' id='word_1_261' title='bbox 1700 1688 1849 1726; x_wconf 87' lang='lat' dir='ltr'><strong>homilia</strong></span> <span class='ocrx_word' id='word_1_262' title='bbox 1875 1689 1977 1726; x_wconf 74' lang='lat' dir='ltr'><strong>verbi</strong></span> <span class='ocrx_word' id='word_1_263' title='bbox 1995 1703 2100 1727; x_wconf 89' lang='lat' dir='ltr'><strong>causa</strong></span> <span class='ocrx_word' id='word_1_264' title='bbox 2123 1690 2159 1729; x_wconf 89' lang='lat' dir='ltr'><strong>in</strong></span> 
     </span>
     <span class='ocr_line' id='line_1_20' title="bbox 74 1749 2159 1805; baseline 0 -15"><span class='ocrx_word' id='word_1_265' title='bbox 74 1753 410 1802; x_wconf 87' lang='lat' dir='ltr'><strong>Annuntiationem,</strong></span> <span class='ocrx_word' id='word_1_266' title='bbox 427 1767 506 1804; x_wconf 85' lang='lat' dir='ltr'><strong>quae</strong></span> <span class='ocrx_word' id='word_1_267' title='bbox 522 1752 558 1790; x_wconf 94' lang='lat' dir='ltr'><strong>in</strong></span> <span class='ocrx_word' id='word_1_268' title='bbox 579 1750 733 1790; x_wconf 86' lang='lat' dir='ltr'><strong>secundo</strong></span> <span class='ocrx_word' id='word_1_269' title='bbox 764 1760 860 1788; x_wconf 89' lang='lat' dir='ltr'><strong>tomo</strong></span> <span class='ocrx_word' id='word_1_270' title='bbox 886 1750 976 1787; x_wconf 91' lang='lat' dir='ltr'><strong>inter</strong></span> <span class='ocrx_word' id='word_1_271' title='bbox 996 1749 1118 1801; x_wconf 86' lang='lat' dir='ltr'><strong>spuria</strong></span> <span class='ocrx_word' id='word_1_272' title='bbox 1147 1749 1266 1787; x_wconf 86' lang='lat' dir='ltr'><strong>locum</strong></span> <span class='ocrx_word' id='word_1_273' title='bbox 1289 1749 1420 1799; x_wconf 88' lang='lat' dir='ltr'><strong>habet,</strong></span> <span class='ocrx_word' id='word_1_274' title='bbox 1445 1750 1619 1801; x_wconf 85' lang='lat' dir='ltr'><strong>cujusque</strong></span> <span class='ocrx_word' id='word_1_275' title='bbox 1650 1749 1793 1787; x_wconf 89' lang='lat' dir='ltr'><strong>initium</strong></span> <span class='ocrx_word' id='word_1_276' title='bbox 1819 1759 1870 1788; x_wconf 91' lang='lat' dir='ltr'><strong>est</strong></span> <span class='ocrx_word' id='word_1_277' title='bbox 1904 1752 2019 1790; x_wconf 82' lang='grc' dir='ltr'>Πάλιν</span> <span class='ocrx_word' id='word_1_278' title='bbox 2045 1758 2159 1805; x_wconf 74' lang='grc' dir='ltr'>χαρᾶς</span> 
     </span>
     <span class='ocr_line' id='line_1_21' title="bbox 72 1811 2154 1867; baseline 0 -16"><span class='ocrx_word' id='word_1_279' title='bbox 72 1814 281 1865; x_wconf 76' lang='grc' dir='ltr'>εὐαγγέλια,</span> <span class='ocrx_word' id='word_1_280' title='bbox 297 1814 334 1853; x_wconf 82' lang='lat' dir='ltr'><strong>in</strong></span> <span class='ocrx_word' id='word_1_281' title='bbox 363 1829 433 1853; x_wconf 90' lang='lat' dir='ltr'><strong>non</strong></span> <span class='ocrx_word' id='word_1_282' title='bbox 461 1814 584 1867; x_wconf 87' lang='lat' dir='ltr'><strong>paucis</strong></span> <span class='ocrx_word' id='word_1_283' title='bbox 612 1812 797 1851; x_wconf 88' lang='lat' dir='ltr'><strong>codicibus</strong></span> <span class='ocrx_word' id='word_1_284' title='bbox 815 1811 1064 1865; x_wconf 80' lang='lat' dir='ltr'><strong>Chrysostomi</strong></span> <span class='ocrx_word' id='word_1_285' title='bbox 1093 1825 1220 1849; x_wconf 88' lang='lat' dir='ltr'><strong>nomen</strong></span> <span class='ocrx_word' id='word_1_286' title='bbox 1243 1812 1408 1864; x_wconf 85' lang='lat' dir='ltr'><strong>praefert;</strong></span> <span class='ocrx_word' id='word_1_287' title='bbox 1429 1812 1465 1849; x_wconf 91' lang='lat' dir='ltr'><strong>in</strong></span> <span class='ocrx_word' id='word_1_288' title='bbox 1492 1812 1572 1849; x_wconf 90' lang='lat' dir='ltr'><strong>aliis</strong></span> <span class='ocrx_word' id='word_1_289' title='bbox 1597 1813 1776 1863; x_wconf 84' lang='lat' dir='ltr'><strong>Gregorio</strong></span> <span class='ocrx_word' id='word_1_290' title='bbox 1796 1813 2072 1851; x_wconf 83' lang='lat' dir='ltr'><strong>Neocaesariensi</strong></span> <span class='ocrx_word' id='word_1_291' title='bbox 2093 1813 2154 1852; x_wconf 86' lang='lat' dir='ltr'><strong>ad·</strong></span> 
     </span>
     <span class='ocr_line' id='line_1_22' title="bbox 71 1872 2155 1927; baseline 0 -15"><span class='ocrx_word' id='word_1_292' title='bbox 71 1875 255 1925; x_wconf 88' lang='lat' dir='ltr'><strong>scribitur,</strong></span> <span class='ocrx_word' id='word_1_293' title='bbox 272 1886 378 1927; x_wconf 86' lang='lat' dir='ltr'><strong>atque</strong></span> <span class='ocrx_word' id='word_1_294' title='bbox 391 1876 472 1914; x_wconf 91' lang='lat' dir='ltr'><strong>ideo</strong></span> <span class='ocrx_word' id='word_1_295' title='bbox 490 1876 582 1913; x_wconf 87' lang='lat' dir='ltr'><strong>inter</strong></span> <span class='ocrx_word' id='word_1_296' title='bbox 600 1875 767 1926; x_wconf 77' lang='lat' dir='ltr'><strong>Gregorii</strong></span> <span class='ocrx_word' id='word_1_297' title='bbox 787 1873 1078 1912; x_wconf 83' lang='lat' dir='ltr'><strong>Neocaesariensis</strong></span> <span class='ocrx_word' id='word_1_298' title='bbox 1097 1887 1204 1925; x_wconf 89' lang='lat' dir='ltr'><strong>opera</strong></span> <span class='ocrx_word' id='word_1_299' title='bbox 1225 1874 1318 1910; x_wconf 88' lang='lat' dir='ltr'><strong>edita</strong></span> <span class='ocrx_word' id='word_1_300' title='bbox 1338 1873 1421 1911; x_wconf 91' lang='lat' dir='ltr'><strong>fuit.</strong></span> <span class='ocrx_word' id='word_1_301' title='bbox 1446 1872 1582 1912; x_wconf 86' lang='lat' dir='ltr'><strong>Eadem</strong></span> <span class='ocrx_word' id='word_1_302' title='bbox 1599 1887 1697 1922; x_wconf 81' lang='lat' dir='ltr'><strong>vero,</strong></span> <span class='ocrx_word' id='word_1_303' title='bbox 1714 1882 1752 1911; x_wconf 88' lang='lat' dir='ltr'><strong>ut</strong></span> <span class='ocrx_word' id='word_1_304' title='bbox 1773 1887 1883 1925; x_wconf 87' lang='lat' dir='ltr'><strong>nuper</strong></span> <span class='ocrx_word' id='word_1_305' title='bbox 1902 1875 2155 1926; x_wconf 88' lang='lat' dir='ltr'><strong>comperimus,</strong></span> 
     </span>
     <span class='ocr_line' id='line_1_23' title="bbox 69 1936 2157 1990; baseline 0 -15"><span class='ocrx_word' id='word_1_306' title='bbox 69 1939 107 1976; x_wconf 87' lang='lat' dir='ltr'><strong>in</strong></span> <span class='ocrx_word' id='word_1_307' title='bbox 133 1939 254 1977; x_wconf 89' lang='lat' dir='ltr'><strong>codice</strong></span> <span class='ocrx_word' id='word_1_308' title='bbox 283 1939 361 1979; x_wconf 81' lang='lat'><strong>106</strong></span> <span class='ocrx_word' id='word_1_309' title='bbox 385 1940 613 1978; x_wconf 78' lang='lat' dir='ltr'><strong>bibliothecae</strong></span> <span class='ocrx_word' id='word_1_310' title='bbox 645 1938 873 1978; x_wconf 81' lang='lat' dir='ltr'><strong>Coislinianae</strong></span> <span class='ocrx_word' id='word_1_311' title='bbox 887 1968 898 1988; x_wconf 92' lang='lat'><strong>,</strong></span> <span class='ocrx_word' id='word_1_312' title='bbox 926 1938 961 1975; x_wconf 92' lang='lat' dir='ltr'><strong>in</strong></span> <span class='ocrx_word' id='word_1_313' title='bbox 981 1936 1099 1974; x_wconf 90' lang='lat' dir='ltr'><strong>indice</strong></span> <span class='ocrx_word' id='word_1_314' title='bbox 1115 1937 1249 1975; x_wconf 88' lang='lat' dir='ltr'><strong>scilicet</strong></span> <span class='ocrx_word' id='word_1_315' title='bbox 1268 1937 1312 1974; x_wconf 88' lang='lat' dir='ltr'><strong>ad</strong></span> <span class='ocrx_word' id='word_1_316' title='bbox 1334 1937 1486 1975; x_wconf 84' lang='lat' dir='ltr'><strong>frontem</strong></span> <span class='ocrx_word' id='word_1_317' title='bbox 1505 1937 1594 1975; x_wconf 90' lang='lat' dir='ltr'><strong>libri</strong></span> <span class='ocrx_word' id='word_1_318' title='bbox 1614 1937 1728 1990; x_wconf 88' lang='lat' dir='ltr'><strong>posito</strong></span> <span class='ocrx_word' id='word_1_319' title='bbox 1745 1967 1755 1986; x_wconf 92' lang='lat'><strong>,</strong></span> <span class='ocrx_word' id='word_1_320' title='bbox 1785 1937 1937 1976; x_wconf 86' lang='lat' dir='ltr'><strong>Macarii</strong></span> <span class='ocrx_word' id='word_1_321' title='bbox 1968 1937 2157 1976; x_wconf 79' lang='lat' dir='ltr'><strong>Philadel-</strong></span> 
     </span>
     <span class='ocr_line' id='line_1_24' title="bbox 69 2000 2150 2054; baseline -0 -14"><span class='ocrx_word' id='word_1_322' title='bbox 69 2002 227 2054; x_wconf 86' lang='lat' dir='ltr'><strong>phiensis</strong></span> <span class='ocrx_word' id='word_1_323' title='bbox 246 2017 319 2041; x_wconf 89' lang='lat' dir='ltr'><strong>esse</strong></span> <span class='ocrx_word' id='word_1_324' title='bbox 333 2002 478 2041; x_wconf 88' lang='lat' dir='ltr'><strong>dicitur.</strong></span> <span class='ocrx_word' id='word_1_325' title='bbox 493 2005 574 2043; x_wconf 84' lang='lat' dir='ltr'><strong>Jam</strong></span> <span class='ocrx_word' id='word_1_326' title='bbox 595 2003 710 2041; x_wconf 88' lang='lat' dir='ltr'><strong>tribus</strong></span> <span class='ocrx_word' id='word_1_327' title='bbox 734 2001 954 2053; x_wconf 85' lang='lat' dir='ltr'><strong>adscriptam</strong></span> <span class='ocrx_word' id='word_1_328' title='bbox 986 2000 1193 2041; x_wconf 87' lang='lat' dir='ltr'><strong>auctoribus</strong></span> <span class='ocrx_word' id='word_1_329' title='bbox 1212 2015 1320 2038; x_wconf 87' lang='lat' dir='ltr'><strong>unam</strong></span> <span class='ocrx_word' id='word_1_330' title='bbox 1341 2000 1547 2038; x_wconf 87' lang='lat' dir='ltr'><strong>invenimus</strong></span> <span class='ocrx_word' id='word_1_331' title='bbox 1575 2001 1764 2038; x_wconf 88' lang='lat' dir='ltr'><strong>homiliam</strong></span> <span class='ocrx_word' id='word_1_332' title='bbox 1783 2031 1792 2049; x_wconf 92' lang='lat'><strong>,</strong></span> <span class='ocrx_word' id='word_1_333' title='bbox 1820 2001 1981 2051; x_wconf 82' lang='lat' dir='ltr'><strong>forteque</strong></span> <span class='ocrx_word' id='word_1_334' title='bbox 2011 2002 2047 2038; x_wconf 90' lang='lat' dir='ltr'><strong>in</strong></span> <span class='ocrx_word' id='word_1_335' title='bbox 2073 2001 2150 2039; x_wconf 93' lang='lat' dir='ltr'><strong>dies</strong></span> 
     </span>
     <span class='ocr_line' id='line_1_25' title="bbox 68 2063 2154 2119; baseline -0.001 -15"><span class='ocrx_word' id='word_1_336' title='bbox 68 2075 216 2116; x_wconf 88' lang='lat' dir='ltr'><strong>quartus</strong></span> <span class='ocrx_word' id='word_1_337' title='bbox 232 2066 424 2117; x_wconf 80' lang='lat' dir='ltr'><strong>quintusve</strong></span> <span class='ocrx_word' id='word_1_338' title='bbox 437 2066 598 2119; x_wconf 89' lang='lat' dir='ltr'><strong>ejusdem</strong></span> <span class='ocrx_word' id='word_1_339' title='bbox 618 2075 742 2104; x_wconf 81' lang='lat' dir='ltr'><strong>auctor</strong></span> <span class='ocrx_word' id='word_1_340' title='bbox 758 2074 925 2116; x_wconf 82' lang='lat' dir='ltr'><strong>emerget.</strong></span> <span class='ocrx_word' id='word_1_341' title='bbox 943 2066 994 2103; x_wconf 93' lang='lat' dir='ltr'><strong>Ut</strong></span> <span class='ocrx_word' id='word_1_342' title='bbox 1014 2064 1125 2115; x_wconf 82' lang='lat' dir='ltr'><strong>igitur</strong></span> <span class='ocrx_word' id='word_1_343' title='bbox 1142 2073 1218 2102; x_wconf 89' lang='lat' dir='ltr'><strong>tuto</strong></span> <span class='ocrx_word' id='word_1_344' title='bbox 1239 2064 1275 2102; x_wconf 92' lang='lat' dir='ltr'><strong>in</strong></span> <span class='ocrx_word' id='word_1_345' title='bbox 1295 2065 1362 2102; x_wconf 86' lang='lat' dir='ltr'><strong>hac</strong></span> <span class='ocrx_word' id='word_1_346' title='bbox 1388 2074 1484 2102; x_wconf 87' lang='lat' dir='ltr'><strong>tanta</strong></span> <span class='ocrx_word' id='word_1_347' title='bbox 1505 2064 1726 2116; x_wconf 88' lang='lat' dir='ltr'><strong>supellectile</strong></span> <span class='ocrx_word' id='word_1_348' title='bbox 1752 2064 1872 2102; x_wconf 89' lang='lat' dir='ltr'><strong>omnia</strong></span> <span class='ocrx_word' id='word_1_349' title='bbox 1901 2063 2154 2116; x_wconf 81' lang='lat' dir='ltr'><strong>disponantur,</strong></span> 
     </span>
     <span class='ocr_line' id='line_1_26' title="bbox 67 2126 2155 2181; baseline -0.001 -14"><span class='ocrx_word' id='word_1_350' title='bbox 67 2129 208 2168; x_wconf 90' lang='lat' dir='ltr'><strong>nonnisi</strong></span> <span class='ocrx_word' id='word_1_351' title='bbox 235 2139 314 2181; x_wconf 89' lang='lat' dir='ltr'><strong>post</strong></span> <span class='ocrx_word' id='word_1_352' title='bbox 334 2139 534 2167; x_wconf 85' lang='lat' dir='ltr'><strong>accuratam</strong></span> <span class='ocrx_word' id='word_1_353' title='bbox 557 2128 852 2181; x_wconf 89' lang='lat' dir='ltr'><strong>perquisitionem</strong></span> <span class='ocrx_word' id='word_1_354' title='bbox 873 2127 949 2164; x_wconf 87' lang='lat' dir='ltr'><strong>haec</strong></span> <span class='ocrx_word' id='word_1_355' title='bbox 966 2141 1056 2164; x_wconf 88' lang='lat' dir='ltr'><strong>nova</strong></span> <span class='ocrx_word' id='word_1_356' title='bbox 1073 2136 1107 2164; x_wconf 91' lang='lat' dir='ltr'><strong>et</strong></span> <span class='ocrx_word' id='word_1_357' title='bbox 1124 2140 1245 2165; x_wconf 89' lang='lat' dir='ltr'><strong>recens</strong></span> <span class='ocrx_word' id='word_1_358' title='bbox 1263 2136 1361 2164; x_wconf 89' lang='lat' dir='ltr'><strong>eruta</strong></span> <span class='ocrx_word' id='word_1_359' title='bbox 1383 2127 1419 2164; x_wconf 93' lang='lat' dir='ltr'><strong>in</strong></span> <span class='ocrx_word' id='word_1_360' title='bbox 1439 2126 1627 2178; x_wconf 90' lang='lat' dir='ltr'><strong>publicum</strong></span> <span class='ocrx_word' id='word_1_361' title='bbox 1647 2126 1852 2164; x_wconf 80' lang='lat' dir='ltr'><strong>efferimus:</strong></span> <span class='ocrx_word' id='word_1_362' title='bbox 1875 2140 1987 2176; x_wconf 92' lang='lat' dir='ltr'><strong>eoque</strong></span> <span class='ocrx_word' id='word_1_363' title='bbox 2006 2127 2155 2165; x_wconf 90' lang='lat' dir='ltr'><strong>consilio</strong></span> 
     </span>
     <span class='ocr_line' id='line_1_27' title="bbox 66 2187 2156 2243; baseline -0.001 -15"><span class='ocrx_word' id='word_1_364' title='bbox 66 2205 198 2243; x_wconf 86' lang='lat' dir='ltr'><strong>paucas</strong></span> <span class='ocrx_word' id='word_1_365' title='bbox 217 2191 383 2229; x_wconf 91' lang='lat' dir='ltr'><strong>homilias</strong></span> <span class='ocrx_word' id='word_1_366' title='bbox 397 2191 602 2236; x_wconf 77' lang='grc' dir='ltr'>ἀνεκδότους</span> <span class='ocrx_word' id='word_1_367' title='bbox 622 2192 656 2229; x_wconf 90' lang='lat' dir='ltr'><strong>in</strong></span> <span class='ocrx_word' id='word_1_368' title='bbox 678 2191 823 2229; x_wconf 87' lang='lat' dir='ltr'><strong>duobus</strong></span> <span class='ocrx_word' id='word_1_369' title='bbox 842 2190 1025 2242; x_wconf 87' lang='lat' dir='ltr'><strong>prioribus</strong></span> <span class='ocrx_word' id='word_1_370' title='bbox 1048 2189 1153 2227; x_wconf 88' lang='lat' dir='ltr'><strong>tomis</strong></span> <span class='ocrx_word' id='word_1_371' title='bbox 1172 2188 1301 2226; x_wconf 89' lang='lat' dir='ltr'><strong>damus</strong></span> <span class='ocrx_word' id='word_1_372' title='bbox 1319 2205 1329 2237; x_wconf 80' lang='lat'>3</span> <span class='ocrx_word' id='word_1_373' title='bbox 1355 2198 1392 2226; x_wconf 95' lang='lat' dir='ltr'><strong>ut</strong></span> <span class='ocrx_word' id='word_1_374' title='bbox 1411 2203 1456 2227; x_wconf 83' lang='lat' dir='ltr'><strong>ex</strong></span> <span class='ocrx_word' id='word_1_375' title='bbox 1471 2188 1681 2239; x_wconf 88' lang='lat' dir='ltr'><strong>quotidiano</strong></span> <span class='ocrx_word' id='word_1_376' title='bbox 1701 2202 1766 2226; x_wconf 91' lang='lat' dir='ltr'><strong>usu</strong></span> <span class='ocrx_word' id='word_1_377' title='bbox 1788 2188 1875 2238; x_wconf 90' lang='lat' dir='ltr'><strong>quid</strong></span> <span class='ocrx_word' id='word_1_378' title='bbox 1895 2187 1940 2225; x_wconf 89' lang='lat' dir='ltr'><strong>de</strong></span> <span class='ocrx_word' id='word_1_379' title='bbox 1958 2188 2038 2225; x_wconf 90' lang='lat' dir='ltr'><strong>aliis</strong></span> <span class='ocrx_word' id='word_1_380' title='bbox 2072 2202 2156 2226; x_wconf 88' lang='lat' dir='ltr'><strong>cen-</strong></span> 
     </span>
     <span class='ocr_line' id='line_1_28' title="bbox 66 2250 2151 2302; baseline -0.002 -11"><span class='ocrx_word' id='word_1_381' title='bbox 66 2253 216 2292; x_wconf 87' lang='lat' dir='ltr'><strong>sendum</strong></span> <span class='ocrx_word' id='word_1_382' title='bbox 235 2255 280 2292; x_wconf 91' lang='lat' dir='ltr'><strong>sit</strong></span> <span class='ocrx_word' id='word_1_383' title='bbox 299 2255 437 2292; x_wconf 87' lang='lat' dir='ltr'><strong>cautius</strong></span> <span class='ocrx_word' id='word_1_384' title='bbox 457 2263 643 2292; x_wconf 86' lang='lat' dir='ltr'><strong>statuatur.</strong></span> <span class='ocrx_word' id='word_1_385' title='bbox 669 2256 827 2292; x_wconf 84' lang='lat' dir='ltr'><strong>Caeteras</strong></span> <span class='ocrx_word' id='word_1_386' title='bbox 850 2253 886 2290; x_wconf 92' lang='lat' dir='ltr'><strong>in</strong></span> <span class='ocrx_word' id='word_1_387' title='bbox 916 2251 1145 2302; x_wconf 88' lang='lat' dir='ltr'><strong>sequentibus</strong></span> <span class='ocrx_word' id='word_1_388' title='bbox 1173 2251 1298 2300; x_wconf 85' lang='lat' dir='ltr'><strong>tomis,</strong></span> <span class='ocrx_word' id='word_1_389' title='bbox 1316 2261 1348 2288; x_wconf 89' lang='lat' dir='ltr'><strong>et</strong></span> <span class='ocrx_word' id='word_1_390' title='bbox 1377 2250 1524 2301; x_wconf 89' lang='lat' dir='ltr'><strong>quidem</strong></span> <span class='ocrx_word' id='word_1_391' title='bbox 1553 2250 1779 2301; x_wconf 81' lang='lat' dir='ltr'><strong>congruenti,</strong></span> <span class='ocrx_word' id='word_1_392' title='bbox 1797 2260 1970 2301; x_wconf 88' lang='lat' dir='ltr'><strong>quantum</strong></span> <span class='ocrx_word' id='word_1_393' title='bbox 1997 2251 2050 2288; x_wconf 78' lang='lat' dir='ltr'><strong>fas</strong></span> <span class='ocrx_word' id='word_1_394' title='bbox 2070 2250 2151 2295; x_wconf 91' lang='lat' dir='ltr'><strong>erit,</strong></span> 
     </span>
     <span class='ocr_line' id='line_1_29' title="bbox 66 2313 2154 2369; baseline -0.002 -15"><span class='ocrx_word' id='word_1_395' title='bbox 66 2316 191 2354; x_wconf 89' lang='lat' dir='ltr'><strong>ordine</strong></span> <span class='ocrx_word' id='word_1_396' title='bbox 209 2317 417 2356; x_wconf 86' lang='lat' dir='ltr'><strong>locabimus.</strong></span> <span class='ocrx_word' id='word_1_397' title='bbox 439 2319 530 2356; x_wconf 89' lang='lat' dir='ltr'><strong>Sunt</strong></span> <span class='ocrx_word' id='word_1_398' title='bbox 554 2332 660 2369; x_wconf 91' lang='lat' dir='ltr'><strong>porro</strong></span> <span class='ocrx_word' id='word_1_399' title='bbox 677 2317 748 2354; x_wconf 86' lang='lat' dir='ltr'><strong>itlae</strong></span> <span class='ocrx_word' id='word_1_400' title='bbox 771 2330 902 2368; x_wconf 88' lang='lat' dir='ltr'><strong>magno</strong></span> <span class='ocrx_word' id='word_1_401' title='bbox 923 2329 1093 2364; x_wconf 91' lang='lat' dir='ltr'><strong>numero,</strong></span> <span class='ocrx_word' id='word_1_402' title='bbox 1125 2315 1289 2366; x_wconf 85' lang='lat' dir='ltr'><strong>variique</strong></span> <span class='ocrx_word' id='word_1_403' title='bbox 1311 2315 1530 2366; x_wconf 84' lang='lat' dir='ltr'><strong>argumenti.</strong></span> <span class='ocrx_word' id='word_1_404' title='bbox 1549 2315 1728 2352; x_wconf 66' lang='lat' dir='ltr'><strong>Caeterum</strong></span> <span class='ocrx_word' id='word_1_405' title='bbox 1760 2314 1851 2351; x_wconf 88' lang='lat' dir='ltr'><strong>iuter</strong></span> <span class='ocrx_word' id='word_1_406' title='bbox 1880 2314 1960 2351; x_wconf 89' lang='lat' dir='ltr'><strong>illas</strong></span> <span class='ocrx_word' id='word_1_407' title='bbox 1987 2313 2154 2352; x_wconf 85' lang='lat' dir='ltr'><strong>homilias</strong></span> 
     </span>
     <span class='ocr_line' id='line_1_30' title="bbox 67 2377 2153 2433; baseline -0.001 -16"><span class='ocrx_word' id='word_1_408' title='bbox 67 2394 86 2417; x_wconf 92' lang='lat' dir='ltr'><strong>e</strong></span> <span class='ocrx_word' id='word_1_409' title='bbox 108 2381 259 2418; x_wconf 88' lang='lat' dir='ltr'><strong>tenebris</strong></span> <span class='ocrx_word' id='word_1_410' title='bbox 279 2395 372 2419; x_wconf 87' lang='lat' dir='ltr'><strong>nunc</strong></span> <span class='ocrx_word' id='word_1_411' title='bbox 393 2381 549 2433; x_wconf 88' lang='lat' dir='ltr'><strong>primum</strong></span> <span class='ocrx_word' id='word_1_412' title='bbox 571 2381 715 2418; x_wconf 86' lang='lat' dir='ltr'><strong>eductas</strong></span> <span class='ocrx_word' id='word_1_413' title='bbox 735 2380 934 2431; x_wconf 85' lang='lat' dir='ltr'><strong>principem</strong></span> <span class='ocrx_word' id='word_1_414' title='bbox 952 2380 1112 2416; x_wconf 87' lang='lat' dir='ltr'><strong>obtinent</strong></span> <span class='ocrx_word' id='word_1_415' title='bbox 1133 2379 1251 2416; x_wconf 91' lang='lat' dir='ltr'><strong>locum</strong></span> <span class='ocrx_word' id='word_1_416' title='bbox 1271 2393 1364 2416; x_wconf 89' lang='lat' dir='ltr'><strong>unus</strong></span> <span class='ocrx_word' id='word_1_417' title='bbox 1380 2388 1412 2416; x_wconf 90' lang='lat' dir='ltr'><strong>et</strong></span> <span class='ocrx_word' id='word_1_418' title='bbox 1428 2378 1572 2429; x_wconf 81' lang='lat' dir='ltr'><strong>triginta</strong></span> <span class='ocrx_word' id='word_1_419' title='bbox 1593 2392 1771 2415; x_wconf 82' lang='lat' dir='ltr'><strong>sermones</strong></span> <span class='ocrx_word' id='word_1_420' title='bbox 1792 2378 1827 2414; x_wconf 92' lang='lat' dir='ltr'><strong>in</strong></span> <span class='ocrx_word' id='word_1_421' title='bbox 1848 2377 2020 2419; x_wconf 80' lang='lat' dir='ltr'><strong>Psalmos.</strong></span> <span class='ocrx_word' id='word_1_422' title='bbox 2037 2377 2098 2428; x_wconf 90' lang='lat' dir='ltr'><strong>qui</strong></span> <span class='ocrx_word' id='word_1_423' title='bbox 2118 2377 2153 2414; x_wconf 90' lang='lat' dir='ltr'><strong>in</strong></span> 
     </span>
     <span class='ocr_line' id='line_1_31' title="bbox 66 2440 2155 2493; baseline -0.001 -13"><span class='ocrx_word' id='word_1_424' title='bbox 66 2442 225 2493; x_wconf 84' lang='lat' dir='ltr'><strong>ejusdem</strong></span> <span class='ocrx_word' id='word_1_425' title='bbox 242 2443 504 2480; x_wconf 88' lang='lat' dir='ltr'><strong>commentariis</strong></span> <span class='ocrx_word' id='word_1_426' title='bbox 524 2443 693 2481; x_wconf 86' lang='lat' dir='ltr'><strong>hactenus</strong></span> <span class='ocrx_word' id='word_1_427' title='bbox 713 2442 1026 2488; x_wconf 86' lang='lat' dir='ltr'><strong>desiderabantur,</strong></span> <span class='ocrx_word' id='word_1_428' title='bbox 1041 2455 1155 2491; x_wconf 85' lang='lat' dir='ltr'><strong>exque</strong></span> <span class='ocrx_word' id='word_1_429' title='bbox 1177 2440 1382 2491; x_wconf 75' lang='lat' dir='ltr'><strong>Anglicanis</strong></span> <span class='ocrx_word' id='word_1_430' title='bbox 1401 2440 1588 2478; x_wconf 86' lang='lat' dir='ltr'><strong>codicibus</strong></span> <span class='ocrx_word' id='word_1_431' title='bbox 1607 2440 1698 2477; x_wconf 88' lang='lat' dir='ltr'><strong>eruti</strong></span> <span class='ocrx_word' id='word_1_432' title='bbox 1725 2448 1820 2477; x_wconf 87' lang='lat' dir='ltr'><strong>sunt.</strong></span> <span class='ocrx_word' id='word_1_433' title='bbox 1844 2440 1980 2477; x_wconf 81' lang='lat' dir='ltr'><strong>llortun</strong></span> <span class='ocrx_word' id='word_1_434' title='bbox 2004 2454 2155 2491; x_wconf 83' lang='lat' dir='ltr'><strong>apogra-</strong></span> 
     </span>
     <span class='ocr_line' id='line_1_32' title="bbox 64 2502 2153 2556; baseline -0.001 -15"><span class='ocrx_word' id='word_1_435' title='bbox 64 2504 128 2556; x_wconf 89' lang='lat' dir='ltr'><strong>phi</strong></span> <span class='ocrx_word' id='word_1_436' title='bbox 164 2514 298 2556; x_wconf 89' lang='lat' dir='ltr'><strong>partem</strong></span> <span class='ocrx_word' id='word_1_437' title='bbox 320 2505 422 2543; x_wconf 88' lang='lat' dir='ltr'><strong>nobis</strong></span> <span class='ocrx_word' id='word_1_438' title='bbox 442 2505 637 2542; x_wconf 86' lang='lat' dir='ltr'><strong>transmisit</strong></span> <span class='ocrx_word' id='word_1_439' title='bbox 657 2505 713 2542; x_wconf 91' lang='lat' dir='ltr'><strong>vir</strong></span> <span class='ocrx_word' id='word_1_440' title='bbox 728 2504 995 2541; x_wconf 79' lang='lat' dir='ltr'><strong>illustrissimus</strong></span> <span class='ocrx_word' id='word_1_441' title='bbox 1020 2504 1063 2541; x_wconf 93' lang='lat' dir='ltr'><strong>D.</strong></span> <span class='ocrx_word' id='word_1_442' title='bbox 1089 2505 1241 2541; x_wconf 88' lang='lat' dir='ltr'><strong>Joaunes</strong></span> <span class='ocrx_word' id='word_1_443' title='bbox 1260 2504 1446 2548; x_wconf 88' lang='lat' dir='ltr'><strong>Potterus,</strong></span> <span class='ocrx_word' id='word_1_444' title='bbox 1472 2502 1673 2554; x_wconf 84' lang='lat' dir='ltr'><strong>Episcopus</strong></span> <span class='ocrx_word' id='word_1_445' title='bbox 1689 2502 1924 2549; x_wconf 84' lang='lat' dir='ltr'><strong>Oxouiensis,</strong></span> <span class='ocrx_word' id='word_1_446' title='bbox 1943 2516 2013 2539; x_wconf 89' lang='lat' dir='ltr'><strong>non</strong></span> <span class='ocrx_word' id='word_1_447' title='bbox 2034 2502 2153 2539; x_wconf 87' lang='lat' dir='ltr'><strong>miuus</strong></span> 
     </span>
     <span class='ocr_line' id='line_1_33' title="bbox 63 2565 2164 2619; baseline -0 -14"><span class='ocrx_word' id='word_1_448' title='bbox 63 2567 282 2616; x_wconf 85' lang='lat' dir='ltr'><strong>eruditione,</strong></span> <span class='ocrx_word' id='word_1_449' title='bbox 300 2583 407 2619; x_wconf 90' lang='lat' dir='ltr'><strong>quam</strong></span> <span class='ocrx_word' id='word_1_450' title='bbox 426 2569 648 2606; x_wconf 78' lang='lat' dir='ltr'><strong>humanitate</strong></span> <span class='ocrx_word' id='word_1_451' title='bbox 662 2568 895 2619; x_wconf 83' lang='lat' dir='ltr'><strong>conspicuus,</strong></span> <span class='ocrx_word' id='word_1_452' title='bbox 914 2567 973 2618; x_wconf 90' lang='lat' dir='ltr'><strong>qui</strong></span> <span class='ocrx_word' id='word_1_453' title='bbox 1000 2567 1126 2604; x_wconf 81' lang='lat' dir='ltr'><strong>inultis</strong></span> <span class='ocrx_word' id='word_1_454' title='bbox 1152 2566 1425 2615; x_wconf 81' lang='lat' dir='ltr'><strong>insignibusque</strong></span> <span class='ocrx_word' id='word_1_455' title='bbox 1443 2565 1611 2617; x_wconf 85' lang='lat' dir='ltr'><strong>operibus</strong></span> <span class='ocrx_word' id='word_1_456' title='bbox 1633 2580 1706 2602; x_wconf 88' lang='lat' dir='ltr'><strong>reni</strong></span> <span class='ocrx_word' id='word_1_457' title='bbox 1726 2565 1921 2602; x_wconf 76' lang='lat' dir='ltr'><strong>literarium</strong></span> <span class='ocrx_word' id='word_1_458' title='bbox 1940 2565 2125 2603; x_wconf 73' lang='lat' dir='ltr'><strong>exornavit</strong></span> <span class='ocrx_word' id='word_1_459' title='bbox 2153 2571 2164 2604; x_wconf 78' lang='lat'>5</span> 
     </span>
     <span class='ocr_line' id='line_1_34' title="bbox 64 2629 2149 2685; baseline -0.003 -13"><span class='ocrx_word' id='word_1_460' title='bbox 64 2642 189 2672; x_wconf 87' lang='lat' dir='ltr'><strong>caetera</strong></span> <span class='ocrx_word' id='word_1_461' title='bbox 211 2633 311 2672; x_wconf 87' lang='lat' dir='ltr'><strong>brevi</strong></span> <span class='ocrx_word' id='word_1_462' title='bbox 328 2636 622 2680; x_wconf 88' lang='lat' dir='ltr'><strong>transmissurus,</strong></span> <span class='ocrx_word' id='word_1_463' title='bbox 644 2642 682 2670; x_wconf 90' lang='lat' dir='ltr'><strong>ut</strong></span> <span class='ocrx_word' id='word_1_464' title='bbox 698 2646 840 2685; x_wconf 87' lang='lat' dir='ltr'><strong>sperare</strong></span> <span class='ocrx_word' id='word_1_465' title='bbox 854 2632 970 2683; x_wconf 89' lang='lat' dir='ltr'><strong>jubet.</strong></span> <span class='ocrx_word' id='word_1_466' title='bbox 993 2631 1076 2668; x_wconf 58' lang='lat' dir='ltr'><strong>llice</strong></span> <span class='ocrx_word' id='word_1_467' title='bbox 1105 2644 1188 2667; x_wconf 84' lang='lat' dir='ltr'><strong>sane</strong></span> <span class='ocrx_word' id='word_1_468' title='bbox 1220 2639 1315 2667; x_wconf 82' lang='lat' dir='ltr'><strong>tanta</strong></span> <span class='ocrx_word' id='word_1_469' title='bbox 1341 2629 1608 2666; x_wconf 85' lang='lat' dir='ltr'><strong>commentariis</strong></span> <span class='ocrx_word' id='word_1_470' title='bbox 1639 2629 1674 2665; x_wconf 90' lang='lat' dir='ltr'><strong>iu</strong></span> <span class='ocrx_word' id='word_1_471' title='bbox 1698 2629 1855 2667; x_wconf 85' lang='lat' dir='ltr'><strong>Psalinos</strong></span> <span class='ocrx_word' id='word_1_472' title='bbox 1885 2629 2038 2667; x_wconf 85' lang='lat' dir='ltr'><strong>accessio</strong></span> <span class='ocrx_word' id='word_1_473' title='bbox 2070 2644 2149 2667; x_wconf 77' lang='lat' dir='ltr'><strong>uia-</strong></span> 
     </span>
     <span class='ocr_line' id='line_1_35' title="bbox 63 2692 1445 2748; baseline -0.004 -14"><span class='ocrx_word' id='word_1_474' title='bbox 63 2709 169 2748; x_wconf 85' lang='lat' dir='ltr'><strong>gnam</strong></span> <span class='ocrx_word' id='word_1_475' title='bbox 188 2695 240 2734; x_wconf 87' lang='lat' dir='ltr'><strong>rei</strong></span> <span class='ocrx_word' id='word_1_476' title='bbox 261 2695 520 2735; x_wconf 80' lang='lat' dir='ltr'><strong>Ecclesiasticae</strong></span> <span class='ocrx_word' id='word_1_477' title='bbox 536 2695 774 2746; x_wconf 85' lang='lat' dir='ltr'><strong>literariaeque</strong></span> <span class='ocrx_word' id='word_1_478' title='bbox 793 2694 963 2734; x_wconf 85' lang='lat' dir='ltr'><strong>studiosis</strong></span> <span class='ocrx_word' id='word_1_479' title='bbox 978 2694 1138 2733; x_wconf 64' lang='lat' dir='ltr'><strong>laetitiam</strong></span> <span class='ocrx_word' id='word_1_480' title='bbox 1163 2692 1276 2745; x_wconf 83' lang='lat' dir='ltr'><strong>pariat</strong></span> <span class='ocrx_word' id='word_1_481' title='bbox 1295 2701 1445 2745; x_wconf 84' lang='lat' dir='ltr'><strong>oportet.</strong></span> 
     </span>
    </p>
   </div>
   <div class='ocr_carea' id='block_1_4' title="bbox 385 2993 1823 3049">
    <p class='ocr_par' dir='ltr' id='par_1_4' title="bbox 385 2993 1823 3049">
     <span class='ocr_line' id='line_1_36' title="bbox 385 2993 1823 3049; baseline -0.006 -15"><span class='ocrx_word' id='word_1_482' title='bbox 385 2999 443 3034; x_wconf 77' lang='lat' dir='ltr'><strong>De</strong></span> <span class='ocrx_word' id='word_1_483' title='bbox 459 2999 602 3049; x_wconf 79' lang='lat' dir='ltr'><strong>ingenti</strong></span> <span class='ocrx_word' id='word_1_484' title='bbox 614 3010 766 3048; x_wconf 78' lang='lat' dir='ltr'><strong>operum</strong></span> <span class='ocrx_word' id='word_1_485' title='bbox 792 3009 951 3033; x_wconf 74' lang='lat' dir='ltr'><strong>nunwro</strong></span> <span class='ocrx_word' id='word_1_486' title='bbox 971 3024 979 3041; x_wconf 89' lang='lat'><strong>,</strong></span> <span class='ocrx_word' id='word_1_487' title='bbox 1000 3008 1084 3046; x_wconf 72' lang='lat' dir='ltr'><strong>qum</strong></span> <span class='ocrx_word' id='word_1_488' title='bbox 1104 2994 1133 3030; x_wconf 79' lang='lat' dir='ltr'><em>C</em></span> <span class='ocrx_word' id='word_1_489' title='bbox 1134 2993 1367 3043; x_wconf 74' lang='lat' dir='ltr'><strong>lit·)·sost0111i</strong></span> <span class='ocrx_word' id='word_1_490' title='bbox 1387 3005 1525 3027; x_wconf 78' lang='lat' dir='ltr'><strong>numen</strong></span> <span class='ocrx_word' id='word_1_491' title='bbox 1547 2993 1823 3028; x_wconf 79' lang='lat' dir='ltr'><strong>ementiunlm·.</strong></span> 
     </span>
    </p>
   </div>
   <div class='ocr_carea' id='block_1_5' title="bbox 52 3111 2144 3484">
    <p class='ocr_par' dir='ltr' id='par_1_5' title="bbox 52 3111 2144 3484">
     <span class='ocr_line' id='line_1_37' title="bbox 107 3111 2143 3170; baseline -0.004 -14"><span class='ocrx_word' id='word_1_492' title='bbox 107 3120 144 3156; x_wconf 90' lang='lat' dir='ltr'><strong>ln</strong></span> <span class='ocrx_word' id='word_1_493' title='bbox 167 3120 226 3158; x_wconf 86' lang='lat' dir='ltr'><strong>illa</strong></span> <span class='ocrx_word' id='word_1_494' title='bbox 249 3134 332 3158; x_wconf 82' lang='lat' dir='ltr'><strong>vcro</strong></span> <span class='ocrx_word' id='word_1_495' title='bbox 349 3129 444 3157; x_wconf 87' lang='lat' dir='ltr'><strong>tanta</strong></span> <span class='ocrx_word' id='word_1_496' title='bbox 465 3119 717 3158; x_wconf 85' lang='lat' dir='ltr'><strong>anecdotorum</strong></span> <span class='ocrx_word' id='word_1_497' title='bbox 740 3118 863 3170; x_wconf 76' lang='lat' dir='ltr'><strong>sylva,</strong></span> <span class='ocrx_word' id='word_1_498' title='bbox 879 3117 1002 3169; x_wconf 86' lang='lat' dir='ltr'><strong>spuria</strong></span> <span class='ocrx_word' id='word_1_499' title='bbox 1018 3118 1107 3154; x_wconf 83' lang='lat' dir='ltr'><strong>bene</strong></span> <span class='ocrx_word' id='word_1_500' title='bbox 1128 3115 1238 3152; x_wconf 90' lang='lat' dir='ltr'><strong>uiulta</strong></span> <span class='ocrx_word' id='word_1_501' title='bbox 1261 3113 1502 3165; x_wconf 85' lang='lat' dir='ltr'><strong>reperiuntur.</strong></span> <span class='ocrx_word' id='word_1_502' title='bbox 1521 3114 1611 3150; x_wconf 77' lang='lat' dir='ltr'><strong>Nam</strong></span> <span class='ocrx_word' id='word_1_503' title='bbox 1640 3112 1816 3150; x_wconf 84' lang='lat' dir='ltr'><strong>iuuuuieri</strong></span> <span class='ocrx_word' id='word_1_504' title='bbox 1848 3126 1935 3164; x_wconf 81' lang='lat' dir='ltr'><strong>pene</strong></span> <span class='ocrx_word' id='word_1_505' title='bbox 1957 3111 2115 3149; x_wconf 62' lang='lat' dir='ltr'><strong>Graeculi</strong></span> <span class='ocrx_word' id='word_1_506' title='bbox 2135 3141 2143 3154; x_wconf 83' lang='lat'><strong>,</strong></span> 
     </span>
     <span class='ocr_line' id='line_1_38' title="bbox 54 3175 2143 3234; baseline -0.003 -15"><span class='ocrx_word' id='word_1_507' title='bbox 54 3196 120 3220; x_wconf 88' lang='lat' dir='ltr'><strong>uon</strong></span> <span class='ocrx_word' id='word_1_508' title='bbox 142 3183 284 3234; x_wconf 83' lang='lat' dir='ltr'><strong>ingenio</strong></span> <span class='ocrx_word' id='word_1_509' title='bbox 301 3183 418 3220; x_wconf 88' lang='lat' dir='ltr'><strong>miuus</strong></span> <span class='ocrx_word' id='word_1_510' title='bbox 433 3212 442 3228; x_wconf 77' lang='grc'><em>,</em></span> <span class='ocrx_word' id='word_1_511' title='bbox 465 3197 572 3233; x_wconf 85' lang='lat' dir='ltr'><strong>quam</strong></span> <span class='ocrx_word' id='word_1_512' title='bbox 591 3191 694 3220; x_wconf 79' lang='lat' dir='ltr'><strong>aetatc</strong></span> <span class='ocrx_word' id='word_1_513' title='bbox 712 3180 873 3234; x_wconf 84' lang='lat' dir='ltr'><strong>dispares</strong></span> <span class='ocrx_word' id='word_1_514' title='bbox 888 3211 898 3227; x_wconf 91' lang='lat'><strong>,</strong></span> <span class='ocrx_word' id='word_1_515' title='bbox 915 3195 996 3218; x_wconf 87' lang='lat' dir='ltr'><strong>cuui</strong></span> <span class='ocrx_word' id='word_1_516' title='bbox 1029 3194 1091 3217; x_wconf 87' lang='lat' dir='ltr'><strong>uec</strong></span> <span class='ocrx_word' id='word_1_517' title='bbox 1122 3180 1215 3216; x_wconf 72' lang='lat' dir='ltr'><strong>sauia</strong></span> <span class='ocrx_word' id='word_1_518' title='bbox 1244 3177 1507 3214; x_wconf 76' lang='lat' dir='ltr'><strong>celebrarentur</strong></span> <span class='ocrx_word' id='word_1_519' title='bbox 1540 3190 1601 3213; x_wconf 79' lang='lat' dir='ltr'><strong>nee</strong></span> <span class='ocrx_word' id='word_1_520' title='bbox 1634 3185 1758 3228; x_wconf 82' lang='lat' dir='ltr'><strong>suapte</strong></span> <span class='ocrx_word' id='word_1_521' title='bbox 1787 3190 1891 3227; x_wconf 75' lang='lat' dir='ltr'><strong>opera</strong></span> <span class='ocrx_word' id='word_1_522' title='bbox 1914 3190 2040 3213; x_wconf 76' lang='lat' dir='ltr'><strong>uouieu</strong></span> <span class='ocrx_word' id='word_1_523' title='bbox 2075 3175 2143 3213; x_wconf 79' lang='lat' dir='ltr'><strong>sibi</strong></span> 
     </span>
     <span class='ocr_line' id='line_1_39' title="bbox 52 3237 2144 3298; baseline -0.004 -16"><span class='ocrx_word' id='word_1_524' title='bbox 52 3259 177 3296; x_wconf 87' lang='lat' dir='ltr'><strong>parere</strong></span> <span class='ocrx_word' id='word_1_525' title='bbox 196 3259 300 3298; x_wconf 83' lang='lat' dir='ltr'><strong>posse</strong></span> <span class='ocrx_word' id='word_1_526' title='bbox 328 3244 544 3283; x_wconf 85' lang='lat' dir='ltr'><strong>considerent</strong></span> <span class='ocrx_word' id='word_1_527' title='bbox 561 3275 570 3293; x_wconf 92' lang='lat'><strong>,</strong></span> <span class='ocrx_word' id='word_1_528' title='bbox 591 3253 752 3282; x_wconf 84' lang='lat' dir='ltr'><strong>mutuato</strong></span> <span class='ocrx_word' id='word_1_529' title='bbox 785 3243 1031 3295; x_wconf 64' lang='lat' dir='ltr'><strong>(Ilii-ysostoiui</strong></span> <span class='ocrx_word' id='word_1_530' title='bbox 1056 3241 1217 3284; x_wconf 76' lang='lat' dir='ltr'><strong>nomine,</strong></span> <span class='ocrx_word' id='word_1_531' title='bbox 1235 3239 1394 3289; x_wconf 77' lang='lat' dir='ltr'><strong>aliquam</strong></span> <span class='ocrx_word' id='word_1_532' title='bbox 1417 3238 1607 3290; x_wconf 72' lang='lat' dir='ltr'><strong>spei-absint</strong></span> <span class='ocrx_word' id='word_1_533' title='bbox 1627 3237 1772 3289; x_wconf 72' lang='lat' dir='ltr'><strong>scriptis</strong></span> <span class='ocrx_word' id='word_1_534' title='bbox 1793 3238 1866 3274; x_wconf 78' lang='lat' dir='ltr'><strong>suis</strong></span> <span class='ocrx_word' id='word_1_535' title='bbox 1889 3237 1997 3288; x_wconf 74' lang='lat' dir='ltr'><strong>adjici</strong></span> <span class='ocrx_word' id='word_1_536' title='bbox 2024 3237 2144 3286; x_wconf 68' lang='lat' dir='ltr'><strong>digui-</strong></span> 
     </span>
     <span class='ocr_line' id='line_1_40' title="bbox 55 3301 2141 3360; baseline -0.004 -15"><span class='ocrx_word' id='word_1_537' title='bbox 55 3316 181 3355; x_wconf 84' lang='lat' dir='ltr'><strong>tatem;</strong></span> <span class='ocrx_word' id='word_1_538' title='bbox 198 3308 281 3346; x_wconf 87' lang='lat' dir='ltr'><strong>hinc</strong></span> <span class='ocrx_word' id='word_1_539' title='bbox 300 3308 428 3346; x_wconf 88' lang='lat' dir='ltr'><strong>accidit</strong></span> <span class='ocrx_word' id='word_1_540' title='bbox 447 3317 485 3345; x_wconf 89' lang='lat' dir='ltr'><strong>ut</strong></span> <span class='ocrx_word' id='word_1_541' title='bbox 505 3308 713 3360; x_wconf 80' lang='lat' dir='ltr'><strong>plerumque</strong></span> <span class='ocrx_word' id='word_1_542' title='bbox 735 3307 986 3358; x_wconf 83' lang='lat' dir='ltr'><strong>imperitorum</strong></span> <span class='ocrx_word' id='word_1_543' title='bbox 1003 3306 1191 3342; x_wconf 83' lang='lat' dir='ltr'><strong>lioiuiuuui</strong></span> <span class='ocrx_word' id='word_1_544' title='bbox 1216 3303 1318 3352; x_wconf 76' lang='lat' dir='ltr'><strong>nugis·</strong></span> <span class='ocrx_word' id='word_1_545' title='bbox 1337 3302 1431 3339; x_wconf 82' lang='lat' dir='ltr'><strong>inale</strong></span> <span class='ocrx_word' id='word_1_546' title='bbox 1447 3311 1571 3338; x_wconf 71' lang='lat' dir='ltr'><strong>auctus</strong></span> <span class='ocrx_word' id='word_1_547' title='bbox 1587 3302 1631 3338; x_wconf 64' lang='lat' dir='ltr'><strong>sit</strong></span> <span class='ocrx_word' id='word_1_548' title='bbox 1652 3310 1722 3338; x_wconf 83' lang='lat' dir='ltr'><strong>tani</strong></span> <span class='ocrx_word' id='word_1_549' title='bbox 1745 3301 1879 3352; x_wconf 84' lang='lat' dir='ltr'><strong>peritus</strong></span> <span class='ocrx_word' id='word_1_550' title='bbox 1897 3301 2041 3338; x_wconf 72' lang='lat' dir='ltr'><strong>artifex.</strong></span> <span class='ocrx_word' id='word_1_551' title='bbox 2066 3302 2141 3337; x_wconf 79' lang='lat' dir='ltr'><strong>Nou</strong></span> 
     </span>
     <span class='ocr_line' id='line_1_41' title="bbox 54 3362 2136 3418; baseline -0.003 -13"><span class='ocrx_word' id='word_1_552' title='bbox 54 3368 128 3406; x_wconf 73' lang='lat' dir='ltr'><strong>lime</strong></span> <span class='ocrx_word' id='word_1_553' title='bbox 146 3384 212 3407; x_wconf 84' lang='lat' dir='ltr'><strong>uua</strong></span> <span class='ocrx_word' id='word_1_554' title='bbox 233 3370 298 3407; x_wconf 79' lang='lat' dir='ltr'><strong>suit</strong></span> <span class='ocrx_word' id='word_1_555' title='bbox 318 3379 389 3407; x_wconf 85' lang='lat' dir='ltr'><strong>tani</strong></span> <span class='ocrx_word' id='word_1_556' title='bbox 412 3369 577 3407; x_wconf 83' lang='lat' dir='ltr'><strong>iuiuiauis</strong></span> <span class='ocrx_word' id='word_1_557' title='bbox 597 3369 807 3406; x_wconf 81' lang='lat' dir='ltr'><strong>accessionis</strong></span> <span class='ocrx_word' id='word_1_558' title='bbox 836 3382 939 3406; x_wconf 78' lang='lat' dir='ltr'><strong>eausa</strong></span> <span class='ocrx_word' id='word_1_559' title='bbox 955 3383 964 3407; x_wconf 89' lang='lat'>:</span> <span class='ocrx_word' id='word_1_560' title='bbox 979 3366 1156 3418; x_wconf 79' lang='lat' dir='ltr'><strong>siquidem</strong></span> <span class='ocrx_word' id='word_1_561' title='bbox 1180 3364 1384 3416; x_wconf 80' lang='lat' dir='ltr'><strong>bibliopola·</strong></span> <span class='ocrx_word' id='word_1_562' title='bbox 1409 3373 1540 3400; x_wconf 73' lang='lat' dir='ltr'><strong>veteres</strong></span> <span class='ocrx_word' id='word_1_563' title='bbox 1554 3394 1562 3409; x_wconf 87' lang='lat'><strong>,</strong></span> <span class='ocrx_word' id='word_1_564' title='bbox 1582 3373 1616 3400; x_wconf 91' lang='lat' dir='ltr'><strong>ut</strong></span> <span class='ocrx_word' id='word_1_565' title='bbox 1646 3363 1756 3400; x_wconf 83' lang='lat' dir='ltr'><strong>libros</strong></span> <span class='ocrx_word' id='word_1_566' title='bbox 1782 3362 1896 3414; x_wconf 83' lang='lat' dir='ltr'><strong>pluris</strong></span> <span class='ocrx_word' id='word_1_567' title='bbox 1919 3362 2108 3400; x_wconf 75' lang='lat' dir='ltr'><strong>venderent</strong></span> <span class='ocrx_word' id='word_1_568' title='bbox 2128 3394 2136 3404; x_wconf 82' lang='grc'>,</span> 
     </span>
     <span class='ocr_line' id='line_1_42' title="bbox 54 3425 2129 3484; baseline -0.003 -16"><span class='ocrx_word' id='word_1_569' title='bbox 54 3432 231 3482; x_wconf 68' lang='lat' dir='ltr'><strong>prwiiiisso</strong></span> <span class='ocrx_word' id='word_1_570' title='bbox 248 3433 483 3482; x_wconf 69' lang='lat' dir='ltr'><strong>rnieiititoqiw</strong></span> <span class='ocrx_word' id='word_1_571' title='bbox 504 3432 747 3484; x_wconf 68' lang='lat' dir='ltr'><strong>(llirysostoiiii</strong></span> <span class='ocrx_word' id='word_1_572' title='bbox 770 3431 910 3468; x_wconf 76' lang='lat' dir='ltr'><strong>uouiiue</strong></span> <span class='ocrx_word' id='word_1_573' title='bbox 930 3440 1078 3467; x_wconf 67' lang='lat' dir='ltr'><strong>eiiitows</strong></span> <span class='ocrx_word' id='word_1_574' title='bbox 1100 3429 1163 3464; x_wconf 73' lang='grc' dir='ltr'>Ιι.ιι·</span> <span class='ocrx_word' id='word_1_575' title='bbox 1184 3437 1256 3464; x_wconf 61' lang='lat' dir='ltr'><strong>arti·</strong></span> <span class='ocrx_word' id='word_1_576' title='bbox 1281 3426 1494 3462; x_wconf 71' lang='lat' dir='ltr'><strong>allirieliaut.</strong></span> <span class='ocrx_word' id='word_1_577' title='bbox 1523 3425 1575 3461; x_wconf 61' lang='lat' dir='ltr'><strong>lix</strong></span> <span class='ocrx_word' id='word_1_578' title='bbox 1601 3425 1675 3462; x_wconf 68' lang='lat' dir='ltr'><strong>illis</strong></span> <span class='ocrx_word' id='word_1_579' title='bbox 1707 3440 1787 3461; x_wconf 69' lang='lat' dir='ltr'><strong>vero</strong></span> <span class='ocrx_word' id='word_1_580' title='bbox 1807 3426 1938 3476; x_wconf 69' lang='lat' dir='ltr'><strong>spuriis</strong></span> <span class='ocrx_word' id='word_1_581' title='bbox 1956 3441 1992 3462; x_wconf 78' lang='lat' dir='ltr'><strong>ea</strong></span> <span class='ocrx_word' id='word_1_582' title='bbox 2015 3427 2129 3462; x_wconf 63' lang='lat' dir='ltr'><strong>&gt;oliuu</strong></span> 
     </span>
    </p>
   </div>
  </div>
 </body>
</html>
