2549 3825
2159 263 2250 309 279

212 352 240 390 si
258 352 431 390 matorum
451 350 557 389 detur
571 351 686 402 optio,
706 350 869 388 meliores
888 351 966 388 istis
986 351 1127 389 lenones
1148 364 1234 388 esse.
1257 350 1316 387 Illi
1339 363 1491 399 namque
1511 348 1636 402 procul
1657 362 1676 385 a
1695 347 1844 385 medicis
1861 346 2078 391 habitantes,
2100 345 2195 397 apud
2212 359 2248 383 se

208 413 376 451 morbum
392 411 542 459 habent,
556 411 619 450 sed
633 411 835 451 volentibus
855 424 864 449 :
880 410 920 448 hi
935 420 1056 449 autem
1068 413 1105 449 in
1119 412 1245 450 salutis
1257 410 1401 448 officina
1415 411 1631 456 habitantes,
1647 408 1754 447 etiam
1768 421 1871 446 sanos
1887 407 2077 460 impellunt
2089 406 2135 445 ad
2149 420 2248 444 mor-

206 470 307 508 hum.
325 469 411 508 Inde
426 483 509 522 pars
520 469 608 507 cleri
627 469 776 507 minime
794 468 980 521 religiosa,
998 483 1077 519 quae
1097 471 1222 508 morbo
1239 470 1302 508 illo
1320 471 1505 509 tenebatur
1521 500 1531 518 ‚
1546 478 1721 509 commota
1737 478 1802 507 est.
1821 486 1840 504 υ
1857 469 1942 507 Haec
1958 467 2142 506 Palladius
2154 497 2168 518 ‚
2189 468 2247 506 cui

206 540 328 584 utpote
352 531 491 570 oculato
512 531 591 569 testi
613 530 723 568 fidem
748 530 880 568 habere
900 544 964 581 par
984 538 1047 568 est.
1068 531 1230 568 Socrates
1252 544 1337 569 vero
1356 531 1474 568 omnia
1493 531 1649 569 miscuit.
1677 530 1780 568 Licet
1809 538 1928 567 autem
1945 529 2020 567 haec
2039 528 2085 566 ad
2104 528 2248 566 initium

204 592 430 644 episcopatus
445 593 523 644 ejus
541 591 723 630 referenda
738 592 822 640 sint,
838 599 993 629 attamen
1010 590 1140 629 Savilii
1158 600 1191 629 et
1208 592 1397 630 Frontonis
1418 592 1543 630 Ducaei
1560 592 1629 630 hac
1652 591 1690 629 in
1708 600 1809 643 parte
1826 590 1990 629 ordinem
2009 589 2108 640 sequi
2126 589 2246 628 visum

208 662 282 698 est,
300 653 363 703 qui
381 666 436 691 res
453 666 575 691 omnes
590 652 638 690 ad
657 652 850 690 monachos
863 681 874 700 ,
893 660 1028 690 ascetas
1041 681 1052 700 ‚
1073 651 1232 703 virgines
1247 682 1257 699 ‚
1277 652 1475 703 viduasque
1490 661 1687 706 spectantes
1704 651 1813 690 simul
1834 660 2036 702 posuerunt.

264 714 592 766 Interpretationem
608 714 774 754 Latinam
791 714 915 752 incerti
935 714 1025 763 viri,
1039 713 1162 752 multis
1173 714 1209 751 in
1225 714 1315 752 locis
1333 713 1566 761 emendatam,
1581 728 1600 752 e
1617 712 1760 765 regione
1776 711 1895 752 Graeci
1908 720 2030 750 textus
2049 710 2243 762 posuimus.

583 260 762 300 c‘oNTnA
799 269 880 300 Eos
915 270 989 309 Qui
1026 267 1414 300 sunm‘rnonucus
1452 266 1629 296 HABENT
1666 251 1889 296 vmc-imzs.

248 819 259 863 [
278 819 384 851 Verba
402 829 506 862 graeca
520 818 695 862 permultis
712 818 745 851 in
759 818 840 851 locis
854 829 871 851 e
885 817 1009 852 savilio
1024 816 1258 860 correximus]

265 1043 280 1059 ²
293 1040 396 1078 ΤΟΥ
415 1040 585 1078 ΑΥΤΟΥ
602 1040 740 1079 ΠΡΟΣ
758 1040 893 1079 ΤΟΥΣ
920 1040 1151 1079 ΕΧΟΝΤΑΣ

471 1160 660 1213 παρθένους
679 1160 936 1203 συνεισᾶκτους.

251 1286 336 1325 Ἐπὶ
356 1287 418 1338 μὲν
442 1289 512 1326 τῶν
539 1287 717 1340 προγόνων
739 1290 808 1327 τῶν
839 1286 1022 1340 ἡμετέρων
1041 1285 1102 1324 δύο
1129 1287 1220 1329 τινὲς

198 1341 287 1392 ἦσαν
321 1347 512 1400 προφάσεις
541 1351 577 1387 αἱ
607 1349 667 1391 τὰς
693 1353 860 1399 γυναῖκας
893 1346 1218 1398 συγκατοικίζουσαι

198 1413 268 1452 τοῖς
288 1408 454 1462 ἀνδράσι·
475 1409 538 1459 μία
568 1409 630 1460 μὲν
654 1413 676 1455 ἡ
697 1413 756 1448 τοῦ
784 1408 911 1459 γάμου,
933 1409 1064 1460 ἀρχαία
1097 1424 1135 1446 τε
1157 1407 1217 1445 καὶ

197 1469 315 1507 δικαία
339 1470 399 1508 καὶ
425 1469 575 1521 εὔλογος,
597 1470 659 1508 ἅτε
677 1470 735 1508 τὸν
752 1470 843 1509 Θεὸν
861 1469 991 1521 ἔχουσα
1007 1468 1196 1519 νομοθέτην
1209 1483 1217 1491 ·

198 1530 290 1568 Ἀντὶ
312 1530 380 1583 γὰρ
405 1530 545 1578 τούτου,
575 1531 679 1582 φησὶ,
711 1529 918 1581 καταλείψει
950 1529 1130 1580 ἄνθρωπος
1159 1529 1218 1567 τὸν

197 1590 333 1642 πατέρα
350 1592 452 1629 αὐτοῦ
470 1592 530 1629 καὶ
544 1591 606 1638 τὴν
629 1591 777 1643 μητέρα,
795 1590 854 1628 καὶ
871 1590 1218 1642 προσκολληθήσεται

197 1651 282 1702 πρὸς
307 1651 369 1698 τὴν
404 1658 550 1702 γυναῖκα
590 1654 711 1698 αὐτοῦ,
752 1651 812 1689 καὶ
844 1651 982 1688 ἔσονται
1013 1652 1044 1688 οἱ
1080 1649 1140 1688 δύο
1171 1652 1218 1693 εἷς

197 1711 310 1762 σάρκα
337 1712 442 1761 μίαν·
464 1711 565 1763 ἑτέρα
588 1711 623 1749 δὲ
652 1716 674 1758 ἡ
704 1715 766 1758 τῆς
786 1711 961 1763 πορνείας,
984 1711 1042 1749 καὶ
1065 1711 1217 1763 νεωτέρα

195 1771 322 1819 ταύτης
354 1772 413 1810 καὶ
445 1773 562 1816 ἄδικος
591 1773 651 1811 καὶ
677 1773 898 1824 παράνομος,
930 1772 989 1810 ἅτε
1020 1772 1118 1825 παρὰ
1146 1775 1216 1810 τῶν

195 1835 356 1884 πονηρῶν
378 1835 609 1887 εἷσενεχθεῖσα
632 1834 818 1885 δαιμόνων.
846 1833 932 1872 Ἐπὶ
961 1833 997 1871 δὲ
1017 1837 1079 1880 τῆς
1097 1841 1216 1885 γενεᾶς

194 1897 257 1940 τῆς
281 1894 454 1946 ἡμετέρας
482 1895 541 1934 καὶ
573 1895 688 1948 τρίτος
726 1894 894 1942 ἐπενοήθη
936 1893 1063 1947 τρόπος
1099 1895 1216 1938 καινός

195 1972 246 1998 τις
268 1955 326 1995 καὶ
353 1955 547 2008 παράδοξος
587 1957 647 1995 καὶ
673 1957 808 2003 πολλὴν
849 1958 939 2008 ἔχων
971 1955 1033 2003 τὴν
1066 1956 1215 2008 ἀπορίαν

194 2021 264 2060 τοῖς
285 2016 506 2067 βουλομένοις
538 2017 603 2064 τὴν
630 2017 745 2056 αἰτίαν
772 2021 895 2070 εὑρεῖν.
921 2017 1005 2056 Εἰσὶ
1032 2017 1100 2069 γάρ
1125 2032 1215 2061 τινες

195 2075 227 2113 οἳ
253 2077 367 2127 γάμου
393 2077 452 2115 καὶ
477 2078 659 2123 συνουσίας
688 2078 797 2131 χωρὶς
825 2078 930 2130 κόρας
958 2078 1215 2130 ἀπειρογάμους

193 2137 369 2189 ἀγόμενοι,
388 2138 584 2183 καθίζουσιν
615 2139 703 2178 οἴκοι
735 2140 934 2186 διαπαντὸς,
961 2139 1020 2176 καὶ
1040 2140 1087 2182 εἷς
1114 2138 1216 2190 ἔσχα-

191 2213 249 2236 τον
265 2202 374 2251 γ”ἤρας
391 2202 525 2244 ἑαυτοῖς
543 2199 888 2252 συγκατακλείουσιν,
903 2200 980 2238 οὔτε
996 2199 1077 2238 ι’ἐπὶ
1093 2201 1214 2237 παιδο-

191 2259 311 2311 ποιίᾳ,
350 2262 389 2298 οὔ
422 2260 490 2313 γάρ
521 2277 623 2312 φασιν
658 2263 778 2304 αὐταῖς
809 2260 1042 2312 συγγίνεσθαι,
1073 2260 1151 2298 οὔτε
1182 2260 1214 2305 ἐξ

192 2319 398 2366 ἀκολασίας,
420 2320 560 2371 λέγουσι
585 2321 652 2372 γὰρ
682 2322 788 2364 αὐτὰς
814 2321 995 2373 ἀκεραίους
1015 2323 1190 2372 διατηρεῖν
1205 2337 1212 2344 ·

191 2380 269 2418 ἀλλ’
289 2381 347 2419 ἐάν
370 2397 422 2424 τις
447 2381 572 2432 ἔρηται
591 2382 654 2428 τὴν
681 2381 810 2428 αἰτίαν,
833 2382 955 2433 ἔχουσι
977 2382 1039 2432 μὲν
1068 2382 1212 2428 πολλὰς,

189 2440 248 2479 καὶ
279 2442 583 2492 μεμελετήκασιν,
617 2442 754 2494 εὔλογον
793 2443 841 2490 δὲ,
871 2446 918 2486 ὡς
953 2442 1061 2494 ἔγωγε
1094 2436 1213 2492 οἶμαι,

189 2502 364 2552 οὐδεμίαν,
397 2503 472 2541 οὐδὲ
500 2503 645 2554 σεμνήν.
674 2503 779 2542 Ἀλλὰ
809 2504 916 2554 μήπω
951 2503 1030 2555 περὶ
1062 2503 1210 2550 τούτων,

190 2564 278 2613 μηδὲ
298 2562 360 2606 τὰς
387 2563 528 2602 ἐκείνων
558 2564 643 2607 τέως
667 2565 825 2615 λέγωμεν
845 2564 1050 2615 προφάσεις,
1075 2565 1152 2602 ἀλλ’
1170 2565 1212 2611 ἣν

189 2623 284 2663 αὐτοὶ
308 2623 462 2674 μάλιστα
483 2625 725 2676 ὑποπτεύομεν
751 2619 852 2669 εἶναι,
873 2625 1005 2671 ταύτην
1027 2627 1073 2668 εἷς
1106 2626 1210 2676 μέσον

189 2684 389 2736 ἀγάγωμεν.
420 2685 485 2730 Τίς
513 2679 571 2724 οἶν
592 2687 687 2724 ἐστιν
708 2685 817 2733 utUt-123
843 2687 989 2729 Πάντως
1010 2686 1044 2725 δὲ
1068 2688 1098 2724 εἰ
1132 2687 1210 2724 δια-

190 2746 358 2799 μάρτοιμι
381 2751 441 2786 τοῦ
460 2750 605 2794 σκοποῦ,
627 2747 755 2793 ἔξεστιν
787 2747 1014 2786 ἐπιλαὲέσθαι
1033 2753 1103 2792 τοῖς
1126 2750 1205 2799 βου-

187 2806 345 2858 λομένοις
369 2809 480 2856 ὑμῶν.
497 2808 562 2853 Τίς
579 2803 636 2847 οὖν
655 2811 746 2847 ἐστιν
765 2812 787 2855 ἠ
813 2809 1004 2861 πρόφασις
1026 2813 1129 2847 Δοκεῖ
1152 2810 1209 2859 μοί

187 2883 266 2906 τινα
297 2867 425 2915 ἡδονὴν
453 2868 544 2920 ἔχειν
575 2870 614 2908 τὸ
645 2875 814 2908 συνοικεῖν
843 2869 1014 2921 γυναιξὶν,
1048 2872 1085 2908 οὐ
1114 2870 1208 2921 νόμῳ

187 2927 301 2978 γάμου
321 2928 437 2978 μόνον,
464 2930 554 2968 ἀλλὰ
574 2930 634 2969 καὶ
661 2930 775 2982 γάμου
802 2930 860 2968 καὶ
882 2930 1064 2974 συνουσίας
1083 2931 1204 2983 χωρίς.

187 2988 233 3026 Εἰ
258 2987 293 3026 δὲ
325 2989 385 3026 οὐκ
416 2991 525 3041 ὀρθῶς
554 2992 658 3039 δοκῶ,
685 2991 798 3041 λέγειν
831 2993 892 3029 οὐκ
921 2991 1015 3042 ἔχω·
1046 2990 1109 3037 τὴν
1141 2991 1207 3043 γὰρ

187 3049 338 3098 ἐμαυτοῦ
352 3049 438 3092 τέως
452 3053 532 3102 ὑμῖν
547 3052 734 3104 διηγοῦμαι
750 3052 893 3104 γνώμην
907 3068 914 3076 ·
930 3051 1022 3103 τάχα
1039 3052 1072 3090 δὲ
1086 3054 1123 3089 οὒ
1144 3050 1207 3098 τὴν

189 3110 339 3158 ἐμαυτοῦ
369 3111 486 3160 μόνον,
515 3112 605 3150 ἀλλὰ
636 3112 695 3151 καὶ
724 3113 788 3159 τὴν
818 3115 930 3151 αὐτῶν
959 3112 1097 3150 ἐκείνων
1116 3128 1123 3136 ·
1153 3113 1207 3151 ὅτι

187 3169 253 3222 γὰρ
273 3171 331 3208 καὶ
353 3171 494 3216 ἐκείνοις
513 3172 604 3211 οὕτω
624 3174 732 3217 δοκεῖ.
759 3176 861 3221 δῆλον
883 3176 1025 3212 ἐκεῖθεν.
1059 3176 1112 3211 Οὐ
1139 3174 1207 3225 γὰρ

190 3230 230 3267 ἂν
276 3232 447 3280 τοσαύτης
488 3234 749 3286 κατεφρόνησαν
794 3234 893 3281 δόξης
930 3235 988 3272 καὶ
1034 3235 1208 3273 rencourt-w

1232 1037 1284 1061 228

1474 933 2246 952 m

1422 1045 1688 1083 EJUSDEM
1711 1043 2000 1083 ADVERSUS
2025 1044 2127 1082 Eos

1337 1135 1403 1183 qui
1437 1133 1544 1183 apud.
1575 1146 1616 1171 se
1642 1131 1783 1170 liabent
1813 1133 1987 1183 virgines
2018 1132 2212 1169 subintro-

1692 1194 1842 1232 ductas.

1350 1291 1385 1326 1.
1417 1287 1619 1341 Maioribus
1650 1288 1780 1326 nostris
1814 1287 1894 1325 duae
1931 1296 2068 1326 tantum
2103 1289 2246 1326 fuerunt

1295 1363 1433 1395 causae,
1462 1358 1608 1401 propter
1625 1362 1713 1399 quas
1736 1347 1949 1385 mulieribus
1967 1348 2037 1385 viri
2057 1347 2245 1386 cohabita-

1295 1420 1386 1448 rent.
1411 1410 1459 1448 Et
1468 1423 1537 1446 una
1549 1408 1692 1459 quidem
1706 1417 1806 1447 vetus
1823 1417 1874 1446 est
1889 1421 1930 1446 ac
1940 1409 2035 1460 justa
2047 1409 2246 1460 rationique

1296 1479 1548 1509 consentanea:
1565 1483 1690 1522 nempe
1721 1469 1990 1507 matrimonium
2005 1500 2014 1517 ‚
2034 1469 2131 1520 quod
2168 1471 2246 1508 Deo

1291 1531 1496 1583 legislatore
1517 1530 1721 1568 institutum
1746 1539 1797 1567 est
1816 1545 1824 1566 :
1845 1529 2012 1581 Propter
2029 1530 2102 1568 hoc
2120 1530 2216 1568 enim
2234 1560 2244 1576 ‚
2264 1538 2339 1566 Gen.
2356 1547 2383 1566 ι.
2398 1538 2448 1574 24.

1295 1593 1414 1642 iuquit
1428 1621 1437 1639 ‚
1458 1592 1651 1643 relinquet
1665 1593 1886 1643 vir-patrem
1904 1603 2014 1628 suum
2030 1599 2067 1628 et
2082 1599 2244 1630 matrem

1295 1667 1426 1701 suam,
1446 1661 1482 1689 et
1503 1653 1718 1690 adlzoerebit
1732 1654 1844 1689 uxori
1858 1665 1950 1699 suoe,
1968 1660 2156 1702 eruntque
2169 1653 2246 1690 duo

1295 1716 1337 1750 in
1356 1726 1511 1750 carnem
1525 1726 1668 1757 unam5
1683 1712 1792 1749 altera
1808 1725 1891 1750 vero
1910 1712 2105 1760 recentior,
2125 1712 2246 1764 iniqua

1295 1782 1328 1811 et
1342 1773 1413 1823 legi
1427 1773 1593 1821 adversa,
1604 1786 1730 1824 nempe
1742 1772 1942 1820 fornicatio,
1958 1785 2037 1822 quae
2049 1785 2068 1809 a
2080 1772 2248 1824 malignis

1294 1833 1498 1872 introducta
1528 1842 1578 1871 est
1610 1832 1848 1871 daemonibus.
1886 1835 2002 1882 Atque
2035 1841 2153 1871 nostra
2182 1833 2249 1870 hac

1293 1904 1393 1933 aetate
1410 1895 1538 1932 tertius
1555 1894 1703 1945 quidam
1718 1907 1831 1931 novus
1852 1902 1885 1931 et
1900 1892 2063 1930 insolitus
2074 1907 2150 1931 mos
2170 1908 2250 1945 pro-

1292 1957 1361 1994 diit
1379 1987 1390 2006 ,
1410 1958 1512 2010 cujus
1541 1970 1684 1993 causam
1715 1954 1814 1993 haud
1846 1954 1949 1991 facile
1968 1954 2248 2006 investigaveris.

1293 2018 1385 2056 Sunt
1421 2017 1516 2055 enim
1549 2016 1712 2054 nonnulli
1730 2045 1740 2061 ‚
1776 2015 1839 2066 qui
1877 2014 2014 2067 puellas
2040 2016 2249 2067 nuptiarum

1291 2079 1494 2130 inexpertas
1505 2078 1653 2116 domum
1666 2077 1815 2124 ducunt,
1828 2085 1860 2114 et
1875 2090 1985 2126 usque
2002 2076 2036 2113 in
2054 2085 2248 2114 extremam

1293 2149 1508 2178 senectutem
1528 2139 1682 2176 inclusas
1708 2147 1825 2176 tenent
1843 2152 1883 2175 ac
1898 2137 2043 2182 fovent,
2072 2151 2142 2174 non
2161 2152 2248 2189 pro-

1292 2200 1526 2238 creandorum
1555 2199 1752 2237 liberorum
1787 2198 1923 2249 gratia,
1952 2206 2080 2248 negant
2099 2197 2193 2235 enim
2213 2212 2248 2236 se

1293 2274 1375 2299 cum
1402 2261 1476 2298 illis
1505 2274 1581 2298 rem
1607 2259 1763 2307 habere3
1786 2272 1899 2309 neque
1931 2257 2094 2295 libidinis
2118 2271 2243 2302 causa,

1291 2322 1391 2359 aiunt
1412 2321 1507 2359 enim
1525 2319 1623 2371 quod
1643 2319 1723 2358 illas
1740 2320 1966 2371 incorruptas
1985 2328 2124 2356 servent
2142 2334 2149 2355 ε
2167 2327 2200 2356 et
2216 2321 2244 2356 si

1290 2383 1373 2433 quis
1390 2383 1437 2420 ab
1453 2382 1502 2419 eis
1518 2395 1659 2419 causam
1676 2380 1873 2431 rogaverit,
1889 2380 2016 2418 dicunt
2028 2380 2098 2417 sibi
2113 2380 2246 2418 multas

1290 2457 1384 2488 csse;
1408 2442 1469 2480 scd
1491 2442 1631 2493 fingunt
1652 2456 1660 2478 :
1683 2454 1746 2492 ego
1769 2441 1862 2478 enim
1883 2440 2018 2478 nullam
2038 2453 2095 2478 eos
2115 2441 2245 2478 habere

1289 2503 1501 2541 crediderim
1516 2533 1524 2549 ‚
1541 2516 1619 2553 quae
1639 2502 1695 2540 vel
1713 2502 1858 2538 honesta
1878 2501 1935 2539 vel
1955 2501 2080 2538 idonea
2094 2500 2152 2538 sit.
2170 2501 2241 2539 Ve-

1290 2579 1369 2603 rum
1386 2564 1430 2602 de
1446 2565 1502 2601 his
1523 2562 1684 2601 nondum
1707 2562 1868 2600 dicemus
1886 2577 1893 2597 :
1916 2561 2103 2598 afferemus
2121 2570 2239 2599 autem

1289 2626 1324 2664 iu
1349 2625 1505 2663 medium
1522 2637 1627 2674 quam
1647 2637 1710 2660 nos
1727 2622 1950 2675 potissimum
1969 2635 2112 2659 eausam
2127 2623 2240 2674 suspi-

1288 2701 1423 2725 camur.
1442 2685 1486 2723 lit
1503 2698 1666 2736 qusrnam
1680 2693 1730 2721 est
1749 2683 1808 2721 illa
1822 2683 1838 2721 ,⁹
1853 2682 2022 2723 Omnino.
2046 2682 2075 2719 si
2092 2696 2111 2719 a
2129 2696 2237 2736 scopo

1287 2748 1498 2785 aberravero
1512 2776 1521 2790 ,
1541 2746 1594 2783 fas
1617 2744 1719 2783 vobis
1736 2753 1786 2781 est
1806 2753 1843 2781 ut
1862 2757 1918 2781 me
1944 2741 2175 2793 redarguatis.
2191 2742 2237 2781 Et

1286 2821 1448 2859 qua-mam
1475 2806 1608 2843 causa?
1633 2804 1714 2856 quis
1739 2804 1800 2841 ille
1827 2802 2052 2855 prartextus?
2081 2802 2237 2841 Videtur

1288 2868 1374 2905 mihi
1399 2866 1557 2904 mulieris
1577 2866 1759 2903 convictus
1779 2878 1847 2902 uon
1864 2878 1907 2902 ex
1935 2863 2011 2914 tege
2031 2865 2235 2917 nuptiarum

1287 2927 1410 2973 modo,
1430 2927 1488 2964 sed
1510 2927 1615 2964 etium
1643 2926 1777 2976 absque
1803 2924 1940 2978 nuptiis
1962 2939 2002 2962 ae
2021 2938 2209 2976 cougmssu
2224 2955 2234 2971 ,

1286 2989 1481 3041 voluptatis
1513 2987 1642 3024 haltere
1669 2985 1841 3024 nonnihil.
1869 2985 1975 3033 Quod
1996 2985 2024 3022 si
2048 2999 2118 3023 uon
2143 2994 2234 3023 reete

1285 3051 1415 3094 scutit»,
1438 3063 1505 3086 uon
1525 3061 1666 3100 possum
1683 3046 1820 3086 dicere:
1841 3060 1956 3084 meum
1976 3046 2078 3084 vobis
2097 3056 2233 3084 semen-

1286 3113 1370 3149 tiam
1389 3125 1491 3148 uarro
1508 3125 1514 3145 ε
1531 3110 1619 3146 t'ortt·
1636 3118 1750 3146 :tutem
1765 3121 1833 3145 nou
1851 3121 1962 3145 mezun
1978 3108 2108 3150 solum.
2120 3107 2180 3146 sed
2198 3116 2232 3147 et

1289 3173 1432 3210 illm-um
1448 3186 1456 3213 ;
1473 3184 1552 3208 uam
1568 3179 1600 3207 et
1616 3170 1687 3207 illis
1706 3169 1754 3206 sic
1775 3167 1937 3212 videtur,
1959 3168 2056 3219 quud
2078 3168 2160 3207 hinc
2181 3168 2231 3207 li-

1258 3260 1262 3264 ·
1286 3243 1380 3284 quet.
1411 3233 1564 3270 ‘l'autam
1599 3231 1691 3268 euim
1713 3229 1861 3280 gloriam
1888 3239 1921 3267 et
1942 3238 2036 3267 muta
2067 3229 2234 3269 :catulala

235 3362 248 3376 ι
271 3353 404 3386 Titulus
427 3355 473 3387 μὴ)
491 3354 592 3388 habi-,2
619 3357 651 3388 in
678 3356 779 3388 Suvil.
800 3365 1022 3403 Χρυσοπτόμου,
1039 3362 1111 3402 πρὸς
1134 3360 1198 3394 τοὺς
1234 3370 1341 3388 στι-ιω·
1359 3368 1411 3385 (ιη’
1428 3366 1484 3397 ψη
1505 3355 1595 3396 apud
1614 3352 1773 3395 sestuwue
1790 3364 1912 3384 sumre!
1938 3354 2130 3394 adoptivas,
2151 3365 2234 3395 qum

194 3410 313 3447 ὁχοντας
343 3412 504 3452 παροίνους
535 3415 735 3444 συνιιηάντους
756 3435 760 3444 ,
782 3407 897 3439 More-l.
927 3424 979 3442 ‘roo
1008 3413 1097 3443 ’.ιὸωυ
1130 3415 1200 3450 3324
1239 3408 1498 3439 u.luner=··lm·!n=
1522 3414 1652 3437 ιηϊιιηι.

195 3459 259 3494 τοὺς
286 3465 485 3497 ουνιιτάιιοιῐ
512 3464 645 3502 ἀμαυ-,ῃ
667 3462 834 3502 luti-rium
854 3472 930 3493 infru
950 3461 1106 3502 [γαμείτω
1137 3463 1192 3491 m!-

1283 3464 1298 3484 ¹·
1323 3459 1424 3493 huvil.
1446 3466 1489 3492 Cn«
1511 3462 1692 3492 πΔιῦοποιιμ
1715 3456 1723 3500 ἱ
1744 3456 1929 3498 [Ἐμνιὶῶῐυῐ
1963 3464 2006 3490 ἰτ-
2028 3459 2210 3493 auto-teu...
2233 3455 2238 3467 ’
