2513 3871
105 1195 292 1232 &neg-17.

112 1246 159 1265 ¹2.

109 1408 246 1435 Lucan.
261 1406 291 1435 3.

108 1676 220 1704 Mauh.
247 1683 293 1704 ιο.

113 2319 139 2348 ἶ

242 2327 261 2345 0

112 2479 181 2505 lm.
199 2479 228 2505 s».
244 2478 291 2506 312.

327 252 439 299 ¹000

314 351 424 402 igitur
442 347 584 386 Christo
602 342 800 383 esurienti?
817 344 872 382 Tu
890 351 924 381 et
941 356 1077 395 pauper
1095 343 1258 395 corporis

311 403 386 455 ejus
403 398 636 439 communiter
667 409 711 434 ex
744 409 863 434 mensa
887 396 1076 448 participes
1094 395 1178 433 estis
1194 425 1204 443 ,
1223 403 1259 433 et

310 454 412 492 calici
431 453 506 504 ejus
523 450 654 503 pariter
672 448 942 487 communicatis
959 463 967 484 ε
988 448 1024 486 in
1047 461 1166 486 rerum
1183 461 1258 486 ma·

309 519 459 557 gnarum
479 517 520 541 ac
545 499 810 542 tre-mendarum
833 501 1117 539 communionem
1140 509 1257 539 tecum

310 558 427 607 venit,
457 565 490 594 et
525 565 562 594 tu
594 555 648 593 illi
684 554 835 605 exiguas
858 567 927 593 non
956 553 1151 607 impertis?
1171 567 1257 592 num

307 611 402 649 enim
439 609 492 647 illi
520 622 597 660 quae
642 617 702 646 tua
739 616 821 645 sunt
864 607 1008 659 largiris
1024 608 1042 645 ,⁹
1080 606 1258 656 Quamvis

306 663 399 701 enim
415 676 434 700 a
455 661 662 714 parentibus
684 659 860 713 acceperis
873 690 883 707 ‚
904 660 1069 711 quamvis
1092 676 1112 698 a
1145 660 1257 712 majo-

1245 260 1423 292 spuma.

1331 345 1401 381 τῶν
1419 343 1599 395 προγόνων
1611 374 1621 391 ,
1640 346 1701 382 τοῦ
1718 342 1812 382 θεοῦ
1828 345 1906 383 εἶσι.
1927 344 1975 383 Τί
1994 346 2254 398 καταχωννύεις
2267 347 2356 387 αὐτὰ

1332 399 1382 440 είς
1399 395 1464 444 τὴν
1483 399 1574 448 γῆν;
1604 395 1672 440 Δὸς
1698 398 1750 448 rifi
1768 396 1895 443 πένητι
1910 426 1920 445 ,
1951 398 2012 436 καὶ
2031 391 2122 449 μετᾶ
2140 400 2277 448 πολλῆς
2291 404 2357 449 τῆς

1332 448 1525 501 ἀσφαλείας
1551 449 1719 502 φυλάττει
1737 465 1793 488 σοι
1812 449 1902 489 αὐτὰ
1920 452 1939 488 ὁ
1956 450 2153 497 Δεσπότης.
2176 453 2260 505 Οὐχ
2272 455 2358 508 δρᾷς

1331 500 1410 544 τοῦς
1425 501 1598 553 γηπόνους
1625 501 1661 540 τί
1675 506 1851 551 ποιοῦσιη
1868 503 1922 541 ὅτι
1940 503 2111 548 πολλάκις
2139 505 2209 544 ὑπὸ
2235 506 2358 552 πενίας

1333 553 1383 605 μὴ
1403 554 1496 607 ἔχων
1514 555 1645 608 σπόρον
1655 583 1666 602 ,
1681 555 1820 603 τίθησιν
1836 556 1943 594 αὐτοῦ
1957 556 1998 595 τὸ
2015 557 2156 608 ἱμάτιον
2167 588 2177 606 ,
2192 558 2254 598 καὶ
2267 560 2359 611 λαμ-

1333 608 1431 646 &dves
1445 608 1463 646 ὃ
1482 607 1645 660 βούλεται
1657 636 1667 654 ,
1690 608 1751 647 καὶ
1783 610 1827 660 τῇ
1858 610 1904 660 γῖἱ
1937 609 2191 650 καταπιστεύει
2202 625 2212 635 ·
2240 611 2357 652 καίτοι

1331 660 1503 704 πολλάκις
1521 655 1606 708 ἦλθε
1623 663 1754 713 καιρῶν
1775 652 1980 712 ἀνωμαλία,
2002 663 2062 701 καὶ
2093 665 2230 711 ἀπῆλθε
2245 665 2356 715 μηδὶν

308 716 429 763 ribus,
453 715 517 754 Dei
536 723 633 752 sunt.
659 712 759 760 Quid
791 726 826 751 tn
849 722 980 752 terram
999 713 1060 752 illa
1079 712 1219 753 defodis
1237 713 1256 751 ?
1271 722 1318 748 8¹⁹
1333 713 1473 765 θερίσας
1489 741 1499 760 ,
1521 714 1580 752 καὶ
1612 714 1708 765 ὅμως
1733 714 1892 753 πιστεύει
1911 717 1955 767 τῇ
1974 717 2019 767 γῇ
2044 715 2103 755 διὰ
2129 716 2194 764 τὴν
2214 716 2354 757 ἐλπίδα.

307 771 361 807 Da
374 767 534 820 pauperi,
551 777 584 806 et
598 767 709 805 multa
719 780 799 804 cum
808 767 1070 805 securitatetibi
1082 767 1258 805 Dominus
1283 761 1308 790 Δ
1332 766 1452 820 ”()περ
1478 762 1537 806 οὗν
1556 770 1579 813 ἡ
1598 770 1645 819 γῆ·
1664 773 1778 814 ποιεῖ,
1797 770 1902 806 τοῦτο
1917 771 1936 806 6
1954 768 2135 816 Δεσπότης
2152 772 2191 809 οὗ
2210 770 2356 810 δύναται

308 822 368 859 illa
381 821 553 859 servabit.
572 821 649 859 Non
670 820 787 868 vides,
800 819 888 871 quid
908 820 1039 858 saciant
1057 820 1222 871 agricolae
1239 820 1258 858 ,⁹

305 876 557 927 Saepenumero
573 873 616 920 is,
625 873 681 911 cui
695 886 767 926 prae
782 872 899 925 inopia
912 887 1029 911 semen
1045 887 1112 911 non
1128 887 1259 926 suppe-

307 929 372 972 tit,
394 936 524 965 vestem
540 939 640 964 suam
658 925 798 979 pignori
815 935 983 979 opponit,
1002 936 1035 964 et
1061 927 1159 977 quod
1178 927 1258 965 vult

306 980 451 1032 accipit,
464 994 506 1017 ac
519 979 818 1017 terraecommittit
828 994 835 1015 :
846 980 983 1017 tametsi
996 993 1164 1033 persaepe,
1175 993 1257 1017 cum

308 1042 556 1085 tempestatum
578 1032 1009 1083 intemperiesingruerit,
1030 1033 1128 1071 nulla
1149 1032 1259 1071 colle-

307 1096 362 1124 cta
379 1099 489 1123 messe
505 1085 674 1132 discedit,
689 1095 721 1123 et
742 1094 855 1123 tamen
873 1094 1018 1137 propter
1032 1099 1129 1138 spem
1156 1095 1257 1124 terra:

308 1138 431 1176 credit.
452 1137 560 1186 Quod
579 1138 690 1187 igitur
709 1147 798 1175 terra
819 1147 977 1190 praestat,
995 1140 1060 1176 hoc
1081 1138 1259 1177 Dominus

309 1198 475 1244 pra-stare
489 1204 557 1227 nun
573 1190 705 1242 potest?
714 1190 961 1228 linitareillam
972 1192 1003 1228 in
1010 1192 1128 1229 Veteri
1139 1193 1258 1230 Testa-

309 1252 426 1281 mento
445 1242 695 1293 viduam,quae
738 1243 887 1294 tigillum
904 1242 1026 1281 tarinae
1042 1242 1076 1281 in
1098 1243 1229 1296 hydria
1244 1273 1255 1291 ‚

307 1306 340 1334 et
357 1309 508 1348 paucum
523 1296 640 1333 oleum
658 1295 692 1332 in
722 1295 850 1347 ecytlio
868 1295 1012 1333 habuit:
1029 1297 1198 1347 quoniam
1212 1309 1257 1334 ex

307 1349 393 1401 ipsis
417 1348 572 1401 hospitio
600 1348 811 1401 prophetam
836 1349 998 1401 excepit:
1017 1358 1079 1387 aut
1096 1348 1199 1387 istam
1221 1350 1255 1386 in

310 1402 518 1453 Evangelio,
528 1415 606 1452 quse
627 1411 706 1439 cunt
721 1401 844 1439 obolos
857 1401 948 1439 duos
960 1401 1123 1450 misisset,
1136 1415 1257 1440 omnes

307 1455 649 1507 superavit,quippe
665 1467 744 1504 quse
763 1468 844 1493 suas
862 1468 983 1492 omues
1004 1469 1088 1507 opes
1108 1455 1255 1494 miserit.

305 1507 404 1554 Quid
426 1521 509 1545 vero
521 1507 641 1545 dicis?
657 1509 797 1559 Pauper
809 1522 904 1555 sum,
921 1509 1088 1560 pecunias
1109 1523 1176 1547 non
1193 1509 1249 1546 ha-

306 1561 383 1598 beo.
406 1562 504 1598 Duos
531 1560 655 1598 obolos
687 1575 755 1598 non
778 1560 886 1598 habes
900 1562 918 1598 ,⁹
938 1561 1135 1613 quinetiam
1151 1593 1158 1607 ,
1176 1562 1257 1600 licet

307 1628 375 1652 nou
390 1613 533 1658 habeas,
553 1614 652 1651 bona:
666 1614 794 1652 mentis
804 1623 836 1652 et
849 1614 998 1653 affectus
1010 1629 1094 1667 opes
1108 1615 1259 1666 requirit

311 1669 429 1705 Deus:
455 1676 639 1718 propterea
667 1666 829 1713 dicebat,
851 1669 1090 1720 Quicumque
1108 1669 1258 1708 dederit

307 1720 468 1758 calicem
482 1734 506 1757 a
537 1721 782 1773 uoesrigiclae,
801 1735 878 1758 non
891 1722 1023 1773 perdet
1045 1724 1258 1760 mercedem

306 1787 432 1810 suam.
457 1734 572 1817 Vide,
593 1773 679 1824 quid
711 1774 806 1811 dicat
825 1789 832 1810 ε
853 1787 965 1826 aquoe
991 1775 1171 1827 frigidm,
1187 1789 1256 1813 non

306 1825 447 1870 validm,
465 1839 505 1863 ne
533 1835 677 1878 propter
695 1826 876 1878 lignorum
905 1837 1064 1866 sumtum
1096 1828 1258 1866 mercede

306 1878 470 1930 priveris,
494 1882 606 1929 Atque
626 1879 824 1932 Imperator
849 1879 995 1931 quidem
1024 1881 1051 1918 si
1079 1881 1255 1920 tributum

304 1946 391 1969 auro
413 1931 477 1969 tibi
495 1931 707 1969 solvendum
729 1933 877 1981 iudicat,
891 1947 1084 1986 suspensus
1098 1963 1108 1980 ,
1126 1932 1257 1973 fulien-

304 1984 348 2021 tis
368 1993 496 2031 tortus,
512 1995 683 2036 quantum
700 1985 761 2023 ille
783 1986 934 2024 voluerit
962 1986 1087 2039 pendis
1105 2000 1113 2024 ε
1129 2001 1257 2038 quam-

305 2036 362 2074 vis
400 2052 533 2089 pauper
563 2037 610 2075 sis
625 2067 635 2082 ,
654 2052 722 2076 non
742 2039 847 2077 habet
877 2039 1047 2077 rationem
1081 2040 1257 2079 facultatis

306 2103 551 2148 personarum,
568 2089 630 2128 sed
652 2091 787 2143 proprii
808 2092 917 2136 lucri;
939 2094 1034 2131 Deus
1053 2102 1170 2130 autem
1188 2108 1255 2132 non

307 2151 355 2179 ita
370 2171 380 2190 ,
399 2157 523 2180 verum
551 2157 614 2194 pro
629 2145 802 2196 cujusque
820 2146 984 2184 facultate
1001 2146 1161 2197 requirit.
1182 2149 1257 2186 Cur

307 2195 400 2233 enim
423 2205 502 2233 sunt
524 2197 720 2248 pauperes?
735 2212 777 2235 au
800 2212 883 2235 vero
906 2214 974 2236 non
1003 2208 1138 2250 poterat
1161 2201 1256 2238 Deus

306 2248 613 2286 aureumimbrein
628 2249 838 2289 demittere?
850 2252 918 2289 Sed
938 2262 973 2289 ut
992 2250 1088 2289 illius
1104 2266 1256 2305 pauper-

266 2337 272 2344 ,
308 2310 360 2338 tas
368 2301 535 2339 solatium
545 2301 608 2339 tibi
620 2303 678 2340 liat
692 2314 928 2355 pcccatorum.
943 2307 1134 2356 Blagnmn
1144 2307 1256 2356 qnid-

308 2355 397 2391 dam
412 2363 466 2392 est
485 2356 612 2400 homo,
624 2365 659 2393 et
672 2361 771 2405 preti
775 2370 881 2394 osum
900 2359 1014 2396 homo
1027 2360 1252 2400 misericors.

311 2406 406 2445 Vide
422 2416 552 2458 quanta
585 2423 639 2445 res
666 2408 711 2446 sit
743 2410 965 2463 eleemosyna
987 2427 995 2448 τ
1016 2425 1136 2450 secum
1161 2413 1257 2451 Deus

309 2470 492 2512 comparat
509 2461 770 2500 misericordem
791 2479 799 2499 τ
823 2465 958 2502 Estote
978 2465 1087 2510 enim,
1111 2465 1227 2516 inquit
1245 2496 1254 2510 ,

309 2515 572 2552 misericordes
589 2544 598 2557 .
620 2517 717 2553 sicut
736 2525 772 2553 et
792 2518 911 2554 Pater
928 2527 1058 2556 vester
1092 2517 1256 2557 caelcstis

310 2569 523 2605 misericors
539 2575 608 2605 est.
621 2567 660 2607 Si
678 2569 813 2607 venerit
834 2583 943 2618 mors,
962 2570 1018 2608 hic
1037 2580 1174 2609 manent
1191 2585 1255 2624 pe-

309 2619 445 2656 cuniae:
471 2621 556 2671 quin
578 2629 614 2657 tu
632 2621 743 2670 igitur
760 2636 818 2660 eas
837 2622 923 2660 illuc
937 2624 1145 2674 praemittis,
1167 2633 1204 2662 ut
1219 2625 1254 2663 in

312 2671 371 2708 illa
388 2671 445 2709 dic
462 2673 524 2710 tibi
547 2687 719 2725 pauperes
753 2675 1018 2723 ›atrocinentur‚
1041 2676 1101 2714 ubi
1122 2691 1190 2715 non
1205 2687 1257 2716 est

311 2734 440 2768 orator,
459 2739 519 2763 nec
532 2725 748 2765 advocatus:
771 2728 971 2766 Ostendant
989 2729 1082 2767 enim
1099 2739 1211 2769 vestes
1224 2740 1259 2769 et

314 2777 469 2829 strophia
484 2793 555 2837 pau
574 2793 675 2823 teres,
693 2790 724 2818 et
744 2780 790 2818 ab
818 2781 897 2831 igne
916 2790 948 2819 te
964 2781 1159 2835 abripiunt.
1179 2785 1256 2822 Non

315 2831 360 2866 ita
381 2845 460 2868 cum
483 2845 516 2868 in
539 2794 688 2882 glaciem
709 2834 759 2871 sol
781 2833 1046 2877 inci‹l‹·rit.cam
1061 2836 1259 2886 liquefacit,

314 2892 417 2932 atque
434 2884 666 2937 eleemosyna,
685 2900 766 2924 cum
788 2887 821 2924 in
851 2897 1074 2940 peccatorum
1095 2888 1260 2929 inciderit

316 2937 579 2975 nuiltitudinein
594 2966 602 2982 ,
620 2953 657 2975 ea
675 2938 778 2977 delet.
799 2941 847 2977 Ut
866 2950 982 2979 autem
1001 2941 1258 2981 sublimitatem

318 2988 491 3036 intelligas
507 2989 737 3043 eleemosyna:
750 3023 759 3037 ,
779 2992 867 3043 quid
883 2993 1086 3043 virginitate
1105 2995 1256 3033 laborio-

319 3042 415 3077 sius?
432 3042 540 3080 Nihil.
558 3043 682 3081 Multa?
707 3054 788 3083 sunt
808 3045 980 3092 virtutes,
998 3048 1075 3085 alia!
1095 3061 1231 3099 magnai
1245 3079 1256 3095 ,

318 3093 393 3150 alia·
418 3095 565 3145 majores
577 3126 584 3136 .
604 3096 682 3133 alim
701 3098 872 3136 minores:
889 3109 923 3137 at
940 3100 1145 3153 virginitate
1162 3102 1259 3140 labo·

320 3148 443 3182 mosius
461 3157 509 3184 est
530 3149 633 3186 nituit.
651 3151 740 3187 (lum
763 3161 884 3189 natura
899 3153 1054 3192 luctatur
1070 3170 1079 3202 ;
1097 3154 1165 3192 hoc
1181 3154 1258 3193 bel—

321 3196 392 3234 lum
415 3199 703 3239 intermissionem
725 3217 791 3241 uon
828 3204 931 3242 habet
951 3221 958 3242 t
983 3221 1098 3258 pugna
1115 3217 1165 3246 est
1181 3222 1258 3260 qum

322 3263 437 3298 pacem
460 3265 649 3302 numquam
671 3257 817 3293 sortitur
832 3257 898 3295 nisi
927 3258 1014 3297 sorte
1043 3274 1105 3319 pet·
1123 3261 1257 3299 Christi

323 3302 611 3342 numism-«tamn.
629 3309 706 3344 Stat
724 3310 824 3356 virgo
844 3310 1019 3350 fornacem
1046 3327 1079 3350 tn
1107 3313 1257 3366 seipsam

322 3353 494 3412 mattam,
513 3369 572 3393 nee
593 3367 705 3396 tamen
728 3362 865 3400 uritur:
889 3364 990 3413 virgo
1008 3379 1114 3417 super
1129 3381 1260 3418 prunas

322 3415 528 3449 eousistens.
551 3423 617 3446 nnn
643 3418 756 3450 tamen
788 3415 1013 3454 incenditur:
1037 3432 1117 3456 eum
1152 3420 1197 3458 sit
1225 3420 1258 3458 in

324 3458 485 3505 fornace,
508 3473 572 3496 non
606 3464 767 3501 exuritur
786 3496 792 3506 ,
823 3466 880 3504 sed
903 3478 938 3505 ut
970 3478 1038 3506 tres
1060 3472 1159 3521 pueri
1185 3487 1261 3511 rnre

1284 3208 1308 3238 l)

1332 822 1499 868 ποιῆσαι;
1520 821 1688 870 Μίμησαι
1705 820 1840 867 ἐκείνην
1861 819 1924 867 τὴν
1946 822 1981 859 ἐν
1996 823 2040 872 τῇ
2056 823 2203 874 Παλαιᾷ
2218 823 2357 875 χήραν,

1332 873 1396 920 τὴν
1415 874 1562 926 ἔχουσαν
1583 874 1696 925 δράκα
1729 873 1812 912 ἀλεύ
1893 875 1928 912 ἐν
1947 876 1992 926 τῇ
2013 874 2114 927 ὑδρία
2129 904 2140 923 ,
2160 874 2221 914 καὶ
2238 875 2356 928 ὀλίγον

1332 927 1450 964 ἔλαιον
1472 929 1508 966 ἐν
1527 929 1576 978 τῷ
1594 927 1785 979 καμψάκῃ,
1807 889 1875 964 gg)
1888 926 1922 971 ἐξ
1950 928 2063 965 αὐτῶν
2091 927 2150 966 τὸν
2169 943 2198 966 π
2220 929 2356 981 omit-qv

1332 979 1596 1031 ἐξενοδόχησεν·
1612 980 1634 1025 ἢ
1660 980 1791 1026 ταύτην
1815 979 1880 1027 τὴν
1905 982 1940 1019 ἐν
1960 982 2011 1033 τῷ
2036 981 2196 1033 Εὗαγγελ
2250 1011 2261 1029 ,
2281 982 2356 1029 ἥτις

1332 1032 1390 1070 δύο
1404 1032 1544 1076 ὀὸολοὺς
1560 1035 1717 1083 βαλοῦσα
1735 1034 1869 1076 πάντας
1882 1033 2154 1084 ὑπερηκόντισεν
2167 1049 2176 1057 ·
2190 1035 2271 1074 ὅλον
2286 1034 2356 1087 γὰρ

1331 1085 1389 1123 τὸν
1415 1086 1565 1125 πλοῦτον
1585 1088 1711 1133 ἑαυτῆς
1740 1085 1875 1124 ἔὸαλεν.
1908 1085 2012 1124 Ἀλλὰ
2040 1086 2075 1124 τί
2098 1086 2229 1139 λέγεις;
2248 1087 2357 1136 πένης

1332 1138 1405 1187 εἰμὶ
1419 1167 1429 1184 ,
1453 1139 1512 1176 καὶ
1531 1141 1592 1177 οὐκ
1618 1139 1689 1190 ἔχω
1709 1139 1893 1190 χρήματα.
1910 1138 1982 1177 Δύο
2000 1139 2142 1184 ὀὸολοὺς
2160 1142 2223 1179 οὐκ
2237 1141 2330 1193 ἔχεις
2346 1158 2358 1189 ;

1335 1191 1377 1228 Ei
1394 1190 1429 1228 δὲ
1450 1193 1509 1230 καὶ
1525 1194 1586 1230 οὐκ
1604 1185 1715 1243 ἔχεις,
1732 1192 1874 1244 γνώμης
1891 1194 2023 1242 ἀγαθῆς
2041 1193 2244 1245 περιουσίαν
2259 1195 2356 1241 ζητεῖ

1330 1245 1349 1279 6
1368 1243 1470 1286 Θεός.
1485 1244 1552 1282 Διὰ
1565 1248 1668 1283 τοῦτο
1682 1245 1797 1295 ἔλεγεν
1808 1272 1817 1287 ,
1831 1244 1959 1287 Ὅστις
1972 1245 2031 1282 ἐὰν
2047 1246 2097 1298 δῷ
2111 1246 2278 1299 ποτήριον
2290 1248 2356 1299 ψυ·

1331 1300 1418 1346 χροῦ
1449 1294 1573 1341 ὕδατος
1586 1324 1597 1343 ,
1633 1298 1671 1334 οὐ
1708 1296 1758 1346 μὴ
1791 1297 1958 1336 ἀπολέσει
1991 1296 2049 1335 τὸν
2079 1298 2203 1348 μισθὸν
2237 1299 2352 1338 αὐτοῦ.

1334 1348 1470 1394 Βλέπε,
1492 1349 1527 1386 τί
1549 1351 1661 1400 λέγει·
1683 1351 1818 1401 ψυχροῦ
1837 1349 1979 1394 ὕδατος,
2001 1351 2039 1388 οὗ
2057 1353 2206 1403 θερμοῦ,
2225 1349 2284 1389 ἵνα
2303 1353 2354 1403 μὴ

1332 1400 1389 1439 διὰ
1410 1400 1475 1447 τὴν
1506 1403 1667 1449 δαπάνην
1695 1404 1766 1440 τῶν
1787 1401 1896 1446 ξύλων
1924 1406 2095 1455 στερηθῇς
2121 1406 2183 1442 τοῦ
2211 1407 2349 1454 μισθοῦ.

1333 1455 1402 1492 Καὶ
1424 1454 1586 1505 βασιλεὺς
1606 1454 1670 1505 μὲν
1689 1455 1769 1494 ὅσον
1783 1455 1844 1494 ἐὰν
1856 1455 2009 1505 ἐπιὸάλῃ
2029 1471 2084 1495 σοι
2095 1456 2239 1509 χρυσίον
2251 1489 2261 1506 ,
2274 1473 2354 1510 κρε-

1333 1506 1517 1557 μώμενος,
1544 1508 1823 1560 σχοινιζόμενσς,
1843 1509 1945 1553 δίδως
1978 1511 2064 1561 ὅπερ
2087 1511 2267 1561 βούλεται·
2287 1510 2353 1551 κᾶν

1331 1560 1440 1608 πένης
1458 1555 1500 1612 ᾗς
1513 1591 1523 1609 ,
1553 1563 1592 1599 οὐ
1611 1561 1780 1614 προσέχει
1803 1564 1848 1614 τῇ
1877 1563 2023 1613 δυνάμει
2043 1564 2112 1601 τῶν
2134 1563 2354 1617 προσώπων,

1332 1614 1423 1652 ἀλλὰ
1453 1617 1504 1667 τῷ
1540 1614 1616 1666 ἰδίῳ
1643 1614 1769 1667 κέρδει.
1786 1613 1832 1654 Ὁ
1860 1615 1896 1654 δὲ
1916 1617 2006 1660 Θεὸς
2025 1616 2092 1668 οὐχ
2115 1615 2243 1665 οὕτως,
2262 1618 2375 1658 ἀλλὰ·

1331 1666 1422 1705 κατὰ
1442 1667 1506 1714 τὴν
1527 1669 1675 1707 ἑκάστου
1705 1668 1848 1719 δύναμιν
1879 1671 2033 1707 ἀπαιτεῖ.
2053 1669 2123 1709 Διὰ
2146 1669 2183 1708 τί
2196 1669 2266 1722 γάρ
2285 1673 2356 1710 εἶσι

1331 1721 1495 1768 πένητες;
1522 1720 1572 1770 μὴ
1593 1720 1662 1773 γὰρ
1693 1723 1754 1760 οὐκ
1782 1721 1934 1768 ἠδύνατο
1952 1722 2077 1765 ὁΘεὸς
2104 1722 2236 1774 ὄμὸρον
2267 1738 2354 1777 χρυ-

1332 1778 1413 1812 σοῦν
1431 1780 1672 1825 κατενεγκεὶν;
1690 1773 1769 1812 ἀλλ’
1783 1773 1840 1812 ἵνα
1863 1790 1918 1813 σοι
1935 1779 1957 1822 ἡ
1974 1776 2107 1814 ἐκείνου
2122 1775 2224 1814 πενία
2236 1792 2352 1830 παρα·

1332 1827 1439 1875 μυθία
1451 1829 1519 1864 τῶν
1534 1827 1799 1880 ἁμαρτημάτων
1810 1843 1869 1866 σου
1883 1828 2145 1880 γένηται.Μέγα
2158 1829 2352 1880 ἅνθρωπος.

1331 1879 1390 1916 καὶ
1410 1879 1526 1929 τίμιον
1546 1881 1634 1930 ἀνὴρ
1653 1880 1824 1930 ἐλεήμων·
1842 1881 1951 1931 βλέπε
1969 1882 2076 1920 πόσον
2096 1881 2191 1920 ἐστὶν
2210 1885 2232 1929 ἡ
2249 1883 2354 1931 ἐλεη-

1333 1932 1478 1981 μοσύνη.
1491 1933 1630 1984 Ἑαυτῷ
1641 1933 1863 1984 παραῧάλλει
1882 1936 1900 1971 6
1913 1934 2002 1978 θεὸς
2021 1935 2080 1973 τὸν
2095 1936 2281 1986 ἐλεήμονα·
2292 1936 2352 1975 Γί-

1330 1989 1428 2024 νεσθε
1443 1986 1525 2038 γὰρ,
1544 1987 1662 2038 φησὶν,
1681 1986 1911 2038 οἰκτίρμονες,
1931 1989 1978 2030 ὡς
1994 1987 2052 2026 καὶ
2072 1991 2090 2027 6
2107 1988 2235 2041 Πατὴρ
2248 1990 2352 2040 ἡμῶν

1330 2042 1348 2076 6
1361 2038 1517 2092 οὐράνιος
1532 2040 1724 2091 οἰκτίρμων
1741 2040 1847 2078 ἐστίν.
1863 2039 1950 2078 'Htw
1965 2039 2046 2093 ἔλθη
2061 2043 2079 2078 6
2095 2041 2240 2085 θάνατος
2252 2071 2262 2084 .
2282 2042 2351 2081 ὼδε

1332 2092 1428 2140 μένει
1455 2092 1499 2131 τὰ
1532 2094 1724 2145 χρήματα·
1749 2092 1806 2131 διὰ
1836 2092 1872 2130 τί
1893 2087 1952 2130 οὖν
1982 2095 2020 2131 οὗ
2054 2095 2352 2146 προαποστέλλεις

1331 2148 1466 2198 σεαυτῷ
1485 2147 1556 2184 ἐκεῖ
1573 2175 1581 2191 ,
1608 2145 1666 2184 ἵνα
1685 2147 1721 2184 ἐν
1741 2145 1855 2197 ἐκείνῃ
1876 2148 1919 2198 τῇ
1940 2146 2054 2199 ἡμέρα
2073 2147 2282 2200 παραστῶσί
2295 2162 2353 2186 σοι

1330 2197 1587 2245 πένητες,ὅπου
1607 2200 1723 2263 ῥήτωρ
1736 2201 1797 2237 οὐκ
1813 2197 1918 2247 ἔστιν,
1933 2199 2009 2238 οὐδὲ
2026 2200 2232 2252 συνήγορος,
2245 2201 2353 2240 'Em-

1330 2251 1525 2290 δείκνυνται
1540 2252 1609 2304 γὰρ
1623 2254 1654 2291 οἳ
1668 2267 1815 2295 πενητες
1829 2251 1875 2290 τὰ
1891 2252 2015 2303 ἱμάτια
2027 2283 2036 2300 ,
2051 2253 2111 2291 καὶ
2126 2253 2170 2292 τὰ
2184 2254 2352 2308 στρόφια,

1331 2304 1390 2342 καὶ
1409 2304 1606 2356 ἁρπάζουσί
1627 2320 1665 2343 σε
1688 2309 1749 2343 τοῦ
1779 2305 1898 2356 πυρός.
1922 2307 2003 2357 Οὐχ
2032 2306 2141 2350 οὕτως
2172 2305 2269 2352 ἥλιος
2304 2308 2354 2351 εἰς

1331 2357 1441 2409 πάγος
1460 2358 1568 2396 ἐλθὼν
1604 2358 1677 2398 λύει
1701 2358 1806 2402 αὐτὸ,
1829 2361 1875 2400 ὡς
1910 2359 2126 2408 ἐλεημοσύνη
2150 2360 2352 2410 ἐμπεσοῦσα

1331 2413 1378 2454 εἷς
1401 2412 1534 2457 πλῆθος
1552 2412 1734 2463 ἁμαρτιῶν
1761 2411 1919 2463 ἀφανίζει
1940 2413 2060 2455 αὐτάς.
2084 2413 2161 2451 Ἵνα
2180 2411 2218 2451 δὲ
2238 2413 2354 2464 μάθῃς

1330 2467 1391 2510 τῆς
1407 2464 1643 2514 ἐλεημοσύνης
1662 2465 1702 2504 τὸ
1719 2463 1825 2516 ὕψος,
1847 2463 1881 2503 τί
1898 2466 1960 2509 ri<
1977 2466 2164 2518 παρθενίας
2182 2465 2354 2505 ἐπιπονώ-

1329 2532 1448 2568 τερον;
1466 2518 1596 2556 Οὐδέν·
1619 2517 1748 2556 πολλαί
1765 2519 1850 2557 εἰσιν
1869 2519 1904 2555 αἱ
1932 2519 2074 2569 ἀρεταὶ,
2098 2521 2133 2557 αἱ
2155 2518 2219 2569 μὲν
2239 2519 2353 2570 μεγά·

1329 2575 1384 2608 λαι
1398 2601 1408 2616 ,
1431 2573 1466 2609 αἱ
1482 2570 1518 2610 δὲ
1535 2572 1690 2622 μείζους,
1711 2573 1746 2608 αἱ
1763 2570 1798 2609 δὲ
1816 2572 1996 2613 ἐλάττονες
2008 2600 2018 2617 ,
2036 2574 2098 2618 τῆς
2114 2572 2149 2610 δὲ
2165 2570 2353 2625 παρθενίας

1328 2624 1426 2662 οὐδὲν
1443 2625 1700 2675 ἐπιπονώτερον
1713 2638 1720 2647 ·
1741 2624 1826 2676 πρὸς
1847 2624 1910 2671 τὴν
1927 2624 2034 2675 φύσιν
2060 2624 2226 2664 παλαίει·
2252 2628 2271 2663 6
2288 2623 2354 2662 πό-

1329 2679 1434 2726 λεμος
1453 2671 1549 2721 οὗτος
1567 2677 1697 2729 ἀνοχὴν
1713 2677 1774 2714 οὐκ
1793 2677 1882 2730 ἔχει·
1902 2677 2000 2729 μάχη
2015 2678 2108 2716 ἐστὶν
2122 2677 2264 2729 εἰρήνην
2282 2691 2353 2727 μη·

1331 2731 1455 2768 δέποτε
1483 2729 1632 2782 ἔχουσα,
1652 2732 1682 2767 εἰ
1715 2729 1764 2778 μὴ
1796 2730 1852 2767 διὰ
1874 2733 1934 2767 τοῦ
1960 2730 2075 2773 ἐλέους
2104 2733 2164 2768 τοῦ
2185 2731 2351 2781 Χριστοῦ.

1330 2776 1551 2830 Ἵ·’.στηκεν“ἡ
1569 2783 1737 2833 παρθένος
1753 2781 1815 2828 τὴν
1834 2782 1980 2832 κάμινον
2002 2783 2086 2833 πρὸς
2103 2781 2232 2830 ἑαυτὴν
2248 2782 2353 2822 συνά·

1331 2851 1460 2885 γουσα,
1477 2836 1536 2874 καὶ
1554 2835 1603 2886 μὴ
1621 2835 1803 2885 καιομένη·
1822 2834 1991 2886 παρθένος
2010 2837 2067 2874 ἐπὶ
2082 2838 2151 2874 τῶν
2169 2835 2352 2887 ἀνθράκων

1333 2891 1471 2927 ἑστῶσα
1487 2890 1525 2926 οὐ
1546 2889 1796 2927 κατακαίεται·
1817 2889 1853 2926 ἐν
1873 2889 1916 2939 τῇ
1936 2890 2075 2941 καμίνῳ
2095 2884 2181 2927 οὖσα
2207 2889 2246 2927 οὗ
2264 2888 2354 2941 φλέ-

1333 2957 1451 2993 γεται,
1469 2942 1590 2992 δρόσον
1619 2942 1747 2993 ἔχουσα
1768 2942 1926 2992 καθάπερ
1945 2944 1976 2979 οἱ
1996 2948 2088 2994 τρεῖς
2106 2942 2248 2986 παῖδες·
2267 2941 2354 2994 πρὸς

1333 2995 1394 3038 τὰς
1410 2996 1577 3047 άοράτους
1596 2995 1760 3044 δυνάμεις
1780 2994 2011 3044 ἁμιλλωμένη
2024 3026 2032 3041 ,
2047 2995 2106 3034 τὸν
2124 2994 2272 3048 Μιχαὴλ
2287 3010 2352 3045 μι-

1334 3055 1452 3096 μεῖται
1464 3079 1473 3092 ,
1493 3049 1551 3086 καὶ
1584 3049 1669 3100 πρὸς
1701 3048 1756 3086 τὸν
1790 3046 1949 3099 Ιάὅριὴλ
1984 3047 2189 3097 ἁμιλλᾶται.
2210 3047 2272 3086 Ἐν
2302 3048 2353 3100 τῷ

1333 3101 1535 3156 παραδείσῳ
1553 3096 1594 3148 ἦν
1611 3105 1632 3147 ἡ
1650 3099 1837 3152 παρθενία,
1854 3099 1912 3138 καὶ
1929 3100 1997 3138 ὑπὸ
2015 3104 2075 3139 τοῦ
2095 3101 2282 3153 δράκοντος
2292 3115 2352 3138 κα·

1332 3153 1499 3206 τεφθάρη.
1520 3154 1587 3193 Διὰ
1617 3157 1718 3193 τοῦτο
1736 3155 1771 3192 ἐν
1791 3159 1861 3196 τοῖς
1883 3152 1999 3203 μέσοις
2017 3153 2154 3205 χρόνοις
2173 3155 2236 3193 οὐκ
2252 3153 2353 3206 ἐφαί-

1332 3222 1429 3245 νετο·
1450 3207 1505 3245 ὅτε
1539 3208 1572 3245 δὲ
1607 3201 1709 3253 ἦλθεν
1731 3209 1748 3245 6
1768 3207 1807 3244 ζκ
1834 3205 2006 3258 παρθένου
2025 3206 2201 3256 γεννηθεὶς
2216 3207 2353 3251 Ἰησοῦς

1335 3260 1483 3312 Χριστὸς
1500 3262 1517 3298 6
1537 3260 1617 3302 Υἱὸς
1633 3263 1693 3298 τοῦ
1709 3262 1821 3306 Θεοῦ,
1840 3259 1918 3296 τότε
1950 3259 2058 3308 ἐφάνη
2081 3259 2200 3297 πάλιν.
2226 3258 2353 3301 θέλεις

1333 3313 1367 3350 δὲ
1389 3315 1519 3364 γνῶναι
1552 3314 1614 3358 τῆς
1635 3312 1822 3364 παρθενίας
1854 3311 1893 3349 τὸ
1922 3313 2087 3362 μέγεθος;
2115 3314 2270 3358 Μωϋσῆς
2287 3310 2351 3359 τὴν

1333 3366 1511 3404 θάλασσαν
1537 3365 1656 3417 ἔσχισε
1667 3395 1676 3411 ,
1694 3365 1751 3404 τὸν
1767 3365 1854 3417 ἀέρα
1869 3365 2055 3415 μετέὸαλε,
2070 3364 2183 3414 μάννα
2199 3363 2352 3414 κατήγα-

1333 3436 1385 3470 γε,
1397 3420 1454 3457 καὶ
1472 3412 1716 3466 κατιλά),ησαν
1730 3419 1833 3456 αὐτοῦ
1844 3417 1923 3469 περὶ
1935 3419 1995 3463 τῆς
2007 3417 2095 3459 ἰδίας
2107 3417 2352 3469 γυναικὸς,τῆς

1339 3472 1564 3517 Αἰθιοπίσσης
1583 3503 1592 3521 ‚
1611 3472 1662 3509 ὅτι
1684 3477 1831 3522 γυναῖκα
1852 3464 1922 3522 εἶχε
1938 3486 1945 3493 ·
1965 3471 2025 3509 καὶ
2045 3469 2205 3522 Ἀἦραὰμ
2231 3469 2265 3510 δί
2290 3469 2352 3507 καὶ
