2513 3871
118 389 238 426 ..lou-phi
249 388 295 417 lo-

106 440 155 457 tux
168 430 296 457 Judaieoe

310 241 401 298 784

310 336 435 373 habeat
456 349 534 385 quae
554 348 572 370 a
594 331 696 370 nobis
713 329 810 367 dicta
831 329 975 376 suerint,
992 342 1056 379 age
1073 328 1266 365 reseramus

309 406 342 435 et
362 397 460 434 illius
486 393 605 433 verba.
627 391 717 428 Cum
742 389 837 428 enim
863 388 1045 427 laudasset
1065 387 1266 433 Danielem,

748 250 782 278 S.
820 247 1005 278 JOtNNlS
1040 245 1282 275 CHRYSOST.

107 472 296 508 antiquitatis
308 470 488 509 supraque
518 452 666 492 modum
701 451 902 497 extulisset,
937 449 1073 488 caeteris
1099 449 1266 488 omnibus

106 513 125 538 l.
146 519 279 541 los-11·

113 2242 278 2278 Enplieatio

113 2296 121 2309 ι
132 2286 231 2311 monis
243 2283 300 2311 Da·

113 2326 209 2352 melu.

307 516 492 571 prophetis
513 523 745 566 anteponens,
767 511 814 550 ad
841 511 934 550 hanc
954 511 1050 549 venit
1079 511 1266 557 visionem,

305 588 338 617 ct
356 577 463 616 dicit:
481 575 767 627 Reliquitautem
781 573 883 612 nobis
892 586 1038 611 suorum
1049 572 1265 624 scriptorum
1293 582 1317 612 E

305 647 549 687 monumenta,
581 636 675 675 unde
695 635 799 674 nobis
822 634 929 687 liujus
951 633 1147 686 prophetia:
1173 646 1265 671 exa·

304 709 397 739 ctam
414 709 450 738 et
468 697 711 738 inevitabilem
731 695 982 734 certitudinem
1008 694 1184 747 praestitit.
1207 694 1265 732 Ait

304 762 424 800 enim:
446 760 559 808 Susis,
580 774 659 811 qua}
679 757 836 797 Persidis
855 766 906 795 est
935 755 1155 808 metropolis,
1183 770 1264 793 cum

306 822 449 861 exiisset
467 823 502 860 in
519 834 686 873 eampum
706 833 788 858 cum
809 818 915 857 sociis
934 817 1011 855 suis
1027 816 1262 868 quibusdam,

306 882 426 921 subito
446 891 547 920 terrm
567 889 665 919 motu
691 879 991 930 concussioneque
1018 878 1160 924 oborta,
1182 878 1264 916 reli·
1280 911 1327 937 ⁶52

306 954 402 983 ctum
429 943 539 982 fuisse
557 942 672 981 solum
693 940 915 992 fugientibus
935 939 1082 978 caeteris.
1114 938 1160 976 Et
1192 938 1266 991 ipse
1293 951 1316 977 Λ

306 1004 453 1057 quidem
473 1017 607 1058 pronus
627 1004 662 1041 in
687 1003 812 1041 faciem
834 1001 1003 1049 concidit,
1024 1001 1170 1039 innixus
1188 1015 1267 1038 ain·

306 1067 421 1105 babus
451 1064 618 1103 manibus
641 1079 648 1100 :
683 1063 766 1101 dein
802 1063 863 1100 ubi
895 1062 1074 1115 quispiam
1109 1070 1264 1113 tangeret

306 1142 404 1177 eum,
425 1127 626 1176 intereaque
646 1124 787 1176 juberet
811 1137 967 1174 surgere,
990 1138 1031 1161 ac
1049 1123 1170 1160 videre
1188 1137 1266 1173 quse

307 1197 386 1240 post
419 1186 551 1224 inultas
590 1193 710 1222 :etates
741 1183 885 1223 civibus
913 1192 1026 1221 essent
1068 1191 1234 1221 eventura
1258 1198 1265 1218 :

307 1257 422 1286 erecto
442 1255 677 1285 monstratum
703 1244 754 1282 ait
773 1245 880 1282 fuisse
898 1244 1043 1282 arietem
1071 1244 1263 1295 ingentem,

305 1309 362 1348 cui
383 1307 494 1346 multa
512 1306 656 1358 quidem
676 1314 776 1343 enata
797 1305 867 1342 sint
888 1319 1036 1354 cornua,
1054 1304 1116 1343 sed
1138 1305 1266 1342 horum

307 1377 527 1422 postremum
546 1367 720 1406 excelsius
736 1366 845 1404 fuisse
863 1365 1013 1404 caeteris.
1035 1364 1174 1403 Deinde
1190 1378 1269 1403 sus·

307 1430 430 1469 tulisse
457 1429 579 1468 oculos
604 1427 650 1466 ad
673 1440 851 1474 occasum,
872 1426 1078 1478 vidisseque
1109 1426 1264 1472 hircum,

306 1491 366 1543 qui
388 1505 451 1543 per
469 1503 585 1528 acrem
605 1489 741 1541 impetu
760 1488 953 1526 serebatur.
978 1488 1083 1526 Hunc
1103 1501 1268 1540 congres-

307 1566 385 1590 sum
402 1551 510 1590 fuisse
524 1564 605 1588 cum
625 1549 745 1596 ariete,
760 1558 794 1587 et
807 1549 977 1587 cornibus
992 1549 1102 1587 ictum
1115 1549 1172 1587 bis
1186 1563 1268 1587 eum

307 1614 343 1652 in
371 1622 500 1652 terram
518 1612 688 1664 dejecisse
704 1611 1011 1663 conculcasscquc.
1036 1610 1176 1650 Deinde
1191 1611 1268 1649 hir·
1297 1627 1318 1656 Β

309 1689 390 1713 cum
411 1674 522 1712 fuisse
544 1673 664 1712 visum
683 1672 926 1719 excelsiorem,
948 1687 967 1710 e
993 1672 1109 1711 fronte
1126 1671 1267 1725 produ-

308 1745 442 1775 centem
455 1750 563 1774 cornu
584 1735 784 1773 maximum
799 1750 808 1783 ;
822 1749 894 1786 quo
914 1735 1041 1780 fracto,
1061 1734 1129 1772 alia
1146 1748 1266 1773 excre-

309 1798 403 1836 visse
421 1806 590 1849 quatuor,
619 1795 667 1834 ad
695 1795 857 1848 singulos
876 1795 1028 1834 obversa
1049 1804 1187 1834 ventos.
1210 1796 1268 1834 Ex

309 1859 366 1897 his
389 1868 509 1897 autem
536 1857 639 1896 aliud
659 1857 778 1896 minus
796 1867 962 1896 exortum
982 1857 1090 1895 fuisse
1109 1857 1266 1909 scripsit,

309 1919 407 1971 quod
424 1919 588 1958 increvit.
606 1918 756 1957 Dicebat
773 1926 892 1955 autem
910 1918 972 1969 qui
990 1917 1066 1955 liaec
1083 1918 1135 1955 illi
1155 1926 1269 1956 osteu-

309 1980 416 2019 debat
431 1982 540 2028 Deus,
550 1980 712 2017 futurum
726 1988 764 2016 ut
778 1988 916 2030 gentem
933 1979 1043 2030 ipsius
1057 1978 1265 2027 debellaret,

311 2043 435 2080 urbem
452 2042 489 2080 vi
507 2050 660 2094 caperet,
675 2040 848 2093 templum
865 2041 1054 2092 expilaret,
1071 2055 1168 2078 sacra
1186 2055 1267 2093 pro-

311 2102 450 2141 hiberet
471 2118 478 2139 :
501 2104 662 2141 futurum
680 2110 799 2139 autem
816 2102 863 2140 ad
882 2101 958 2140 dies
979 2103 1079 2140 mille
1099 2102 1269 2141 ducentos

313 2163 518 2216 nonaginta.
531 2164 612 2203 llaec
623 2163 768 2215 quidem
784 2178 820 2202 se
833 2163 962 2202 vidisse
978 2165 1011 2202 in
1029 2165 1269 2218 campojuxta

313 2227 422 2265 Susas
449 2225 576 2264 Daniel
602 2225 770 2277 scripsit:
800 2239 922 2263 corum
953 2235 1069 2263 autem
1097 2241 1176 2277 quae
1208 2240 1270 2279 per

314 2287 431 2325 visum
463 2295 702 2339 apparuerant
734 2285 1008 2338 explicationem
1037 2287 1105 2339 ipsi
1128 2286 1270 2325 dedisse

315 2357 432 2386 narrat
444 2348 573 2394 Deum,
584 2346 760 2384 dicentem
770 2346 863 2397 quod
876 2348 968 2385 aries
978 2347 1148 2386 indicaret
1163 2362 1269 2400 regna

314 2410 503 2447 Persarum
521 2422 561 2446 ac
581 2407 787 2457 Medorum,
804 2423 936 2447 cornua
958 2423 1042 2447 vero
1060 2423 1158 2461 reges
1176 2409 1271 2447 futu-

315 2485 383 2518 ros,
400 2479 602 2509 extremum
621 2478 740 2507 autem
763 2483 889 2519 cornu,
911 2479 1130 2523 postremum
1152 2485 1269 2522 regem
1298 2466 1322 2498 C

316 2533 391 2570 sore
403 2531 540 2583 quibos
554 2545 676 2569 omnes
692 2545 930 2583 praecessurus
945 2541 1038 2571 esset
1051 2541 1126 2569 tum
1141 2532 1271 2585 opibus

316 2603 390 2631 tum
417 2593 542 2644 gloria.
572 2593 750 2631 Caeteruin
768 2593 908 2631 hircum
926 2593 1130 2644 significare
1146 2624 1154 2638 ,
1175 2604 1208 2632 et
1228 2608 1271 2632 ex

317 2655 453 2693 Graccis
474 2655 652 2692 oriturum
667 2668 741 2692 csse
760 2669 893 2707 regem,
912 2654 1043 2705 quibis
1063 2669 1272 2708 congressus

316 2731 396 2755 cum
415 2717 519 2755 Persa
543 2715 666 2769 praelio
691 2725 897 2769 superaret,
918 2716 1104 2755 ablaturus
1135 2718 1273 2755 univer-

319 2793 397 2816 sum
413 2778 509 2816 illius
525 2777 782 2830 principatum.
800 2777 1050 2828 Significatum
1062 2787 1178 2816 autem
1190 2778 1274 2816 fuis-

319 2855 354 2877 sc
370 2854 430 2891 per
451 2838 643 2891 [primum]
665 2852 834 2889 inagnum
849 2853 974 2887 cornu,
993 2838 1090 2889 quod
1108 2840 1142 2877 in
1162 2839 1277 2877 fronte

322 2901 408 2939 liirci
425 2902 580 2953 primum
599 2915 715 2951 regem
734 2915 744 2948 ;
763 2909 795 2938 et
824 2910 979 2951 quatuor
1004 2901 1149 2939 illorum
1168 2915 1275 2939 exor-

322 2971 396 2998 tuin
410 2990 420 3010 ,
441 2961 501 2999 illo
517 2962 637 2999 exciso
654 2991 664 3007 ,
693 2969 725 2999 et
746 2961 971 3012 singulorum
991 2962 1162 3000 adversus
1183 2977 1276 3013 qua-

324 3032 402 3059 tuor
423 3022 582 3074 regiones
612 3031 712 3060 terrm
751 3023 1019 3061 conversionem
1058 3038 1277 3062 successores

325 3083 523 3133 significare
556 3092 635 3136 post
675 3093 825 3121 mortem
866 3084 972 3136 primi
1020 3085 1113 3135 regis
1129 3114 1139 3131 ,
1183 3086 1275 3123 sore-

325 3158 391 3193 qne
415 3153 452 3181 ut
487 3158 633 3193 regnum
666 3145 763 3183 illius
790 3144 882 3182 inter
904 3145 1000 3198 ipsos
1026 3145 1271 3191 ‹livideretur3

370 3249 401 3289 ‘[
418 3248 518 3280 Savil.
534 3258 631 3292 στόμα
649 3257 823 3295 ταραχθεὶς.
837 3258 883 3286 ἐπὶ
899 3258 953 3289 τὰ,-
963 3255 1013 3286 τῖὐο
1029 3260 1131 3297 χεῖρας
1146 3259 1219 3290 τινὸς
1237 3258 1330 3286 ἀπτο·

327 3313 416 3339 ‚sauma
438 3306 527 3333 αὐτοῦ
540 3325 548 3338 ,
566 3310 598 3332 ι·ι
614 3313 713 3343 snpra
729 3318 766 3339 ως
778 3304 1307 3348 ιξι’λθοι....ιιατελιινοηιο--πίσεν-Ι

371 3361 383 3375 ⁸
408 3352 556 3384 mankel
590 3362 668 3385 octo
698 3355 773 3386 Μή.
804 3362 851 3387 ιιι
883 3372 936 3394 την
963 3361 1048 3390 πόλιν
1081 3367 1211 3401 cusai-,mo
1237 3372 1330 3391 κατα-

331 3422 341 3434 ι
356 3419 434 3440 κατι»,
451 3429 459 3442 ,
480 3420 525 3436 ιιι
543 3416 652 3446 naui..
674 3423 709 3440 τ’]
726 3414 789 3449 mp'v
811 3424 860 3441 rw
884 3419 960 3443 ndu.
982 3410 1080 3441 ”utel
1115 3426 1167 3449 την
1184 3415 1332 3444 mlada»

330 3469 506 3497 a»1¹fn,2'.w.

1323 246 1528 276 Ancntffl’.

1564 247 1645 276 CON
1655 248 1731 277 §TA
1743 248 1812 278 NT!
1821 248 1920 278 Nor‘.

1345 331 1378 367 ἐν
1401 330 1546 372 Σούσοις
1562 331 1604 381 τῇ
1621 332 1837 383 μητροπόλει
1863 335 1924 378 τῆς
1953 333 2122 384 Περσίδος
2141 334 2288 378 ἐξελθεῖν
2305 336 2369 387 μὶν

1343 393 1391 433 εἰς
1419 391 1459 429 τὸ
1480 391 1600 429 πεδίον
1627 393 1717 443 μετὰ
1738 393 1886 444 ἑταίρων
1905 394 2010 431 αὐτοῦ
2029 396 2151 432 τινῶν·
2167 399 2314 446 σεισμοῦ
2333 398 2369 436 δέ

1342 452 1401 489 καὶ
1422 452 1546 490 κλόνου
1560 454 1623 499 τ’ἧς
1642 456 1707 505 γῆς
1725 452 1888 503 ἐξαίφνης
1907 454 2109 506 γενομένου,
2129 456 2371 509 καταλειφθῆ-

1343 529 1398 551 ναι
1418 513 1543 564 μόνον,
1559 515 1736 567 φυγόντων
1756 518 1826 553 τῶν
1852 515 1974 567 φίλων.
1996 515 2066 555 Καὶ
2087 523 2207 556 πεσεῖν
2228 517 2291 568 μὲν
2312 517 2372 556 ἐπὶ

1341 574 1498 626 οστόμα,
1515 576 1575 614 καὶ
1602 579 1835 628 στηριχθῆναι
1861 577 1920 615 ἐπὶ
1948 577 2012 621 τὰς
2031 576 2090 616 δύο
2121 584 2242 630 χεῖρας
2256 592 2263 600 ·
2279 577 2372 622 τινὸς

1342 636 1378 673 δὲ
1392 636 1591 686 ἁπτομένου
1608 638 1714 676 αὐτοῦ
1734 638 1792 676 καὶ
1807 637 1936 687 μεταξὺ
1954 638 2151 683 κελεύοντος
2164 641 2372 688 ἀναστῆναι,

1342 697 1401 735 καὶ
1432 697 1476 735 τὰ
1505 699 1680 748 μέλλοντα
1713 698 1957 749 συμὸήσεσθαι
1989 704 2060 743 τοῖς
2094 700 2255 744 πολίταις
2285 701 2371 739 ἰδεῖν

1342 758 1433 809 μετὰ
1453 759 1586 803 πολλὰς
1602 759 1736 810 γενεὰς,
1759 761 1950 799 ἀναστάντι
1968 763 2062 814 αὐτῷ
2078 762 2259 814 δειχθῆναι
2273 761 2370 815 κριὸν

1342 822 1472 873 μέγαν,
1491 822 1605 861 πολλὰ
1624 822 1686 874 μὲν
1717 824 1939 875 ἐκπεφυκότα
1971 825 2115 877 κέρατα,
2131 823 2172 862 τὸ
2192 824 2229 863 δὲ
2247 825 2372 862 τελευ-

1341 889 1437 923 ταῖον
1458 886 1570 923 αὐτῶν
1598 885 1810 937 ὑψηλότερον
1841 884 1979 938 ἔχοντα.
1994 885 2145 925 Ἔπειτα
2175 884 2371 937 ἀναόλέψαι

1343 946 1407 996 μὲν
1436 946 1521 1000 πρὸς
1550 946 1614 994 τὴν
1642 946 1760 995 δύσιν,
1779 947 1970 987 θεάσασθαι
1996 948 2031 987 δὲ
2060 949 2187 1000 τράγον
2207 949 2251 987 δι’
2271 947 2372 1000 ἀέρος

1343 1009 1552 1059 φερόμενον·
1574 1009 1795 1060 συῤῥήξαντα
1813 1009 1849 1047 δὲ
1870 1013 1918 1062 τῷ
1938 1013 2047 1062 κριῷ,
2067 1010 2127 1048 καὶ
2146 1017 2218 1054 τοῖς
2247 1009 2371 1062 κέρασι

1342 1069 1526 1115 πλήξαντα
1547 1070 1597 1114 δὶς
1614 1070 1827 1109 καταὸαλεῑν
1849 1071 1949 1110 αὐτὸν
1975 1072 2032 1110 ἐπὶ
2052 1074 2115 1117 τῆς
2132 1073 2197 1122 γῆς
2215 1071 2275 1110 καὶ
2294 1087 2371 1110 πα·

1341 1133 1460 1176 τῆσαι.
1482 1125 1570 1170 Εἶτα
1594 1132 1652 1170 τὸν
1673 1132 1800 1183 τράγον
1821 1133 1904 1171 ἰδεῖν
1920 1133 2134 1185 ὑψηλότερον
2147 1163 2157 1179 ,
2171 1135 2210 1171 ἐκ
2228 1136 2288 1172 τοῦ
2307 1148 2373 1184 μμ

1342 1192 1462 1230 τώπου
1494 1192 1659 1242 μέγιστον
1689 1193 1915 1244 ἀναφύσαντα
1933 1194 2038 1246 κε’ρας
2050 1210 2057 1218 ·
2077 1188 2115 1233 οὗ
2135 1195 2344 1238 κλασθέντος
2358 1223 2368 1241 ,

1344 1254 1435 1290 ἄλλα
1447 1254 1717 1298 ἀναόλαστῆσαι
1730 1255 1885 1306 τέσσαρα
1893 1257 1969 1293 καθ’
1985 1254 2132 1293 ἕκαστον
2146 1258 2217 1294 τῶν
2232 1255 2372 1307 ἀνέμων

1344 1314 1581 1363 τετραμμένα·
1592 1314 1626 1358 ἐξ
1642 1315 1757 1352 αὐτῶν
1771 1315 1806 1352 δὲ
1823 1316 1987 1367 ἀνασχεῖν
2001 1315 2059 1354 καὶ
2073 1316 2159 1354 ἄλλο
2169 1316 2372 1369 μικρότερον

1345 1374 1534 1428 ἐνέγραψεν
1570 1374 1739 1421 αὐξῆσαν.
1770 1374 1898 1427 Ἔλεγε
1931 1376 1966 1415 δὲ
1999 1377 2093 1428 αὐτῷ
2114 1379 2132 1414 ὁ
2151 1379 2263 1415 ταῦτα
2291 1379 2373 1416 ἐπι-

1345 1435 1478 1481 δεικνὺς
1497 1436 1600 1484 Θεὸς,
1616 1437 1831 1488 πολεμήσειν
1856 1438 1962 1475 αὐτοῦ
1991 1436 2032 1475 τὸ
2064 1437 2175 1484 ἔθνος,
2194 1437 2283 1476 Ικαὶ
2308 1437 2373 1487 τὴν

1341 1499 1443 1538 πόλιν
1460 1498 1773 1551 ἀναιρήσεινῙκατὰ
1790 1498 1918 1552 κράτος
1928 1517 1943 1546 ,=
1954 1499 2190 1550 xalJcmMotw
2204 1498 2263 1538 τὸν
2277 1499 2373 1547 ναὸν,

1343 1562 1402 1599 καὶ
1423 1561 1484 1606 τὰς
1510 1562 1629 1606 θυσίας
1647 1561 1831 1600 κωλύσειν·
1851 1561 2011 1613 γενέσθαι
2029 1561 2064 1600 δὲ
2083 1562 2135 1613 ἐφ’
2154 1561 2291 1614 ἡμέρας
2310 1578 2372 1615 χι-

1343 1624 1419 1668 λίας
1448 1623 1627 1668 διακοσίας
1657 1623 1876 1672 ἐνενήκοντα.
1906 1625 2031 1662 Ταῦτα
2057 1621 2119 1673 μὲν
2151 1624 2235 1662 ἰδεῖν
2267 1624 2303 1661 ἐν
2322 1625 2374 1676 τῷ

1343 1685 1454 1738 πεδίῳ
1474 1688 1524 1737 τῷ
1551 1687 1586 1723 ἐν
1616 1686 1759 1728 Σούσοις
1785 1688 1802 1723 ὁ
1822 1684 1957 1731 Δανιὴλ
1976 1684 2170 1736 ἀνέγραψε·
2191 1689 2308 1737 κρῖναι
2335 1682 2372 1723 δὶ

1345 1749 1439 1800 αὐτῷ
1467 1747 1529 1794 τὴν
1558 1748 1636 1799 ὄψιν
1655 1750 1716 1785 τοῦ
1732 1745 2006 1799 ι’φαντάσματος
2026 1746 2148 1792 ἐδήλου
2173 1745 2232 1783 τὸν
2249 1745 2342 1784 Θεόν
2364 1761 2371 1769 ·

1343 1809 1379 1851 ὃς
1397 1808 1455 1847 τὸν
1476 1808 1538 1860 μὲν
1568 1809 1663 1860 κριὸν
1698 1808 1879 1860 βασιλείας
1905 1808 1966 1851 τὰς
1987 1809 2134 1860 Περσῶν
2154 1808 2213 1847 καὶ
2238 1807 2373 1854 Μήδων

1345 1870 1528 1919 σημαίνειν
1559 1871 1690 1922 ἔφασκε
1706 1901 1715 1918 ,
1744 1870 1789 1909 τὰ
1825 1870 1860 1908 δὲ
1899 1870 2032 1920 κέρατα
2068 1869 2147 1913 τοὺς
2174 1869 2373 1921 βασιλεύειν

1345 1932 1550 1982 μέλλοντας·
1566 1933 1606 1971 τὸ
1625 1932 1660 1971 δὲ
1681 1932 1829 1984 ἔσχατον
1849 1933 1953 1985 κέρας
1975 1932 2162 1983 σημαίνειν
2182 1931 2240 1970 τὸν
2260 1933 2373 1983 ἐσχα-

1343 2008 1402 2031 τον
1423 1994 1571 2044 βασιλέα
1597 1994 1655 2033 τὸν
1677 1994 1850 2044 μελλόντα
1879 1993 2010 2031 τούτων
2040 1992 2180 2031 διοίσειν
2207 1992 2372 2031 ἁπάντων

1343 2058 1485 2112 πλούτῳ
1513 2075 1550 2097 τε
1570 2058 1630 2097 καὶ
1649 2057 1744 2110 δόξῃ.
1763 2058 1835 2098 Τὸν
1867 2058 1903 2097 δὲ
1935 2058 2061 2111 τράγον
2097 2059 2241 2107 δηλοῦν,
2271 2059 2318 2102 ὡς
2339 2056 2373 2102 ἐξ

1344 2124 1526 2174 Ἑλλήνων
1546 2142 1598 2169 τις
1622 2129 1639 2165 δ
1660 2124 1854 2176 βασιλεύων
1875 2126 1985 2173 ἔσται,
2000 2126 2034 2169 ὃς
2062 2128 2112 2178 τῷ
2135 2125 2258 2177 Πέρσῃ
2279 2141 2371 2175 συμ-

1345 2192 1561 2242 6αλὼν,,δ“ις,
1583 2193 1752 2246 κρατήσει
1769 2195 1811 2246 τῇ
1833 2193 1933 2246 μάχῃ
1965 2194 2024 2232 καὶ
2043 2194 2278 2246 ἀφαιρήσεται
2307 2191 2372 2238 τὴν

1344 2260 1534 2312 ἠγεμονίαν
1556 2260 1710 2298 ἅπασαν.
1727 2264 1740 2280 ‘²
1757 2261 1959 2308 Δηλοῦσθαι
1977 2260 2012 2299 δὲ
2034 2259 2091 2299 διὰ
2109 2263 2170 2299 τοῦ
2197 2259 2371 2314 [πρώτου]

1346 2327 1500 2379 μεγάλου
1531 2327 1676 2380 κέρατος
1696 2330 1756 2365 τοῦ
1783 2329 1817 2366 ἐν
1841 2331 1892 2381 τῷ
1912 2326 2066 2380 μετώπῳ
2083 2331 2144 2366 τοῦ
2164 2327 2294 2380 τράγου
2316 2327 2374 2366 τὸν

1345 2400 1483 2450 πρῶτον
1505 2398 1673 2451 βασιλέα·
1695 2396 1753 2436 καὶ
1773 2395 1836 2444 τὴν
1857 2399 1926 2435 τῶν
1946 2396 2125 2449 τεσσάρων
2150 2394 2376 2443 ἀναὸλάστη-

1346 2481 1401 2504 σιν
1433 2464 1641 2507 ἐκπεσόντος
1665 2464 1816 2517 ἐκείνους,
1844 2464 1903 2502 καὶ
1929 2463 1993 2511 τὴν
2024 2464 2110 2518 πρὸς
2143 2464 2187 2503 τὰ
2218 2463 2373 2515 τέσσαρα

1347 2532 1504 2584 κλίματα
1516 2532 1742 2584 ἀποστροφὴν
1756 2531 1917 2578 ἑκάστου,
1928 2531 2008 2574 τοὺς
2021 2531 2206 2583 διαδόχους
2216 2530 2305 2582 μετὰ
2314 2530 2371 2569 τὸν

1347 2601 1494 2638 θάνατον
1515 2604 1574 2639 τοῦ
1594 2599 1734 2652 πρώτου
1757 2600 1929 2651 βασιλέως
1957 2599 2205 2651 ἐμφαίνεσθαι,
2225 2597 2284 2636 καὶ
2300 2598 2374 2635 δια·

1349 2668 1519 2719 μερισμὸν
1535 2669 1582 2710 εἷς
1600 2667 1723 2710 αὐτοὺς
1738 2670 1801 2713 τ’ἥς
1819 2667 2017 2717 βασιλείας·
2035 2665 2112 2703 οὔτε
2133 2663 2307 2715 δὲζπαῐδας
2322 2664 2376 2702 ὄν-

1347 2753 1409 2781 τας
1422 2738 1525 2774 αὖτοῧ
1542 2736 1620 2774 οὔτε
1636 2740 1811 2787 συγγενεῖς
1825 2735 1979 2778 πολλοῖς,
1991 2732 2101 2771 ἔτεσιν
2121 2731 2234 2783 ἄρξειν
2253 2733 2315 2778 τῆς
2324 2733 2375 2770 οἰ-

1349 2803 1534 2855 κουμένης.
1556 2803 1729 2842 Ἐσεσθαι
1754 2801 1788 2841 δὲ
1810 2804 1847 2840 ἐκ
1868 2802 1996 2840 τούτων
2020 2800 2079 2839 ἕνα
2103 2799 2180 2838 τινὰ
2207 2798 2374 2851 βασιλέα,

1351 2873 1408 2910 τὸν
1431 2871 1717 2921 ἐκπολεμήσοντα
1740 2870 1799 2908 καὶ
1820 2869 1897 2911 τοὺς
1929 2870 2053 2919 νόμους
2083 2870 2215 2915 αὐτῶν,
2232 2867 2291 2906 καὶ
2311 2865 2375 2914 τὴν

1351 2942 1427 2979 κατ’
1443 2938 1565 2982 αὐτοὺς
1586 2937 1866 2991 ἀφαιρησόμενον
1886 2937 2080 2981 πολιτείαν,
2099 2936 2159 2974 καὶ
2178 2935 2377 2982 συλήσοντα

1350 3010 1408 3046 τὸν
1429 3006 1534 3051 ναὸν,
1557 3006 1615 3044 καὶ
1640 3005 1702 3049 τὰς
1732 3005 1850 3048 θυσίας
1880 3006 1936 3043 ἐπὶ
1968 3005 2028 3051 ἐτη
2066 3004 2145 3056 τρία
2172 3002 2376 3043 κωλύσοντα

1351 3077 1628 3120 ἐπιτελεσθῆναι.
1650 3073 1719 3112 Καὶ
1740 3072 1780 3118 δὴ
1807 3076 1918 3110 ταῦτα
1947 3075 2047 3121 ἡμῶν
2068 3070 2194 3118 συνέ6η
2217 3072 2267 3122 τῷ
2287 3069 2374 3108 ἔθνει

1351 3149 1473 3183 παθεῖν
1494 3144 1561 3183 ὑπὸ
1573 3142 1756 3194 Ἀντιόχου
1770 3145 1829 3179 τοῦ
1842 3141 2066 3192 Ἰἰπιφανοῦς,
2082 3139 2197 3183 καθὼς
2215 3131 2285 3178 εἶδε
2301 3141 2377 3177 Δα-

1412 3253 1426 3275 Ι·
1451 3251 1515 3283 Sex
1534 3250 1609 3281 Mu.
1621 3256 1653 3280 et
1663 3249 2075 3293 San-fxvraopztoglssfflou
2089 3251 2138 3280 τὸν
2153 3253 2239 3284 θιὸν.
2257 3243 2374 3289 chester,

1367 3306 1437 3336 sinc
1449 3302 1575 3349 {putul
1602 3299 1771 3334 Edi-betur
1789 3303 1881 3333 ὶόιὶτο
1899 3308 1949 3333 τοᾷ
1971 3302 2065 3341 vrak]

1411 3364 1422 3377 ‘
1445 3358 1509 3388 Sex
1529 3356 1603 3387 Mss.
1624 3358 1781 3392 ι’,ηλοῡσθιι
1799 3356 1827 3386 «ἶι
1855 3358 1911 3396 πρὸ
1932 3358 1982 3386 τοῦ
1999 3353 2287 3395 1ιιι·μιίλου.ΙῙοι·ιιιιι
2307 3349 2375 3383 duo

1371 3409 1494 3441 lmbrnt
1514 3415 1582 3453 πρὸ,
1602 3414 1665 3441 τοῦ,

2494 3282 2508 3320 ⁴-
