2549 3825
664 244 896 276 ADVERSUS
931 243 1280 276 OPPUGNATORES
1317 244 1434 276 vlTAE.
1470 245 1672 279 MONAST.
1711 249 1799 280 LlB.
1838 251 1870 280 1.

241 330 352 365 ποιεῖν
379 324 527 377 τρωθείη
553 326 665 373 ποτὲ,
688 325 710 372 ἢ
733 325 874 377 βελόνης
898 328 948 378 τῷ
976 325 1175 378 χιτωνίσκῳ
1197 328 1260 371 τῆς

242 387 373 437 μητρὸς
407 387 487 439 περὶ
519 386 582 435 τὴν
617 386 728 433 ζώνην
763 385 1120 438 ἕμπεπερονημένης,
1151 384 1174 431 ἢ
1198 387 1261 432 τῆς

239 447 394 499 κερκίδος
413 447 481 500 πρὸ
512 451 581 486 τῶν
608 447 756 499 στέρνων
779 450 848 485 τῶν
870 450 1051 500 μητρικῶν
1071 446 1136 494 τὴν
1157 451 1260 498 χεῖρα

238 511 298 545 τοῦ
333 509 456 553 παιδὸς
484 509 690 560 δεξαμένης,
724 507 801 547 τότε
823 508 864 555 δὴ
882 537 891 555 ,
920 508 1012 556 τότε,
1045 508 1103 546 τὸν
1123 508 1261 558 γέλωτα

239 571 366 620 ἀφεῖσα
387 573 408 617 ἡ
431 570 560 623 μήτηρ,
588 569 718 620 μείζονι
749 573 808 607 τοῦ
827 568 1020 620 πληγέντος
1047 568 1261 622 περιωδυνίᾳ

238 630 449 681 κατέχεται·
466 630 525 667 καὶ
547 630 632 673 τέως
661 629 724 680 μὲν
751 629 932 680 θεραπεύει
962 630 1002 667 τὸ
1022 634 1178 680 τραῦμα,
1200 632 1260 666 τοῦ

237 691 360 729 λοιποῦ
392 690 427 728 δὲ
461 691 549 741 μετὰ
581 691 731 742 σφοδρᾶς
774 689 983 742 ἀπαγορεύει
1020 693 1082 737 τῆς
1113 692 1260 736 ἀπειλῆς

237 751 280 788 τὰ
306 755 451 789 τοιαῦτα
475 752 521 801 μὴ
542 758 674 800 ποιεῖν,
702 754 748 795 ὡς
781 751 907 802 μηκέτι
938 755 1061 789 παθεῖν
1089 751 1132 789 τὰ
1153 751 1256 791 αὐταί.

237 813 306 850 Καὶ
324 815 425 863 ἡμεῖς
443 813 557 851 τοίνυν
576 813 619 851 τὰ
639 812 726 851 αὐτὰ
758 812 797 850 ἂν
820 813 1026 865 ἐδράσαμεν,
1048 814 1077 850 εἷ
1095 813 1152 850 τὸν
1174 829 1260 850 παι-

236 872 330 910 δικὸν
350 879 469 912 τοῦτον
497 876 661 925 ἑωρῶμεν
698 873 826 924 θυμὸν,
854 873 914 910 καὶ
941 873 1093 920 τὴντῶν
1124 873 1259 920 νηπίων

235 934 389 985 πληγὴν,
427 934 475 985 μὴ
506 935 615 986 μέγαν
653 937 766 978 αὐτοῖς
797 935 855 973 τὸν
889 934 1029 986 ὄλεθρον
1061 934 1257 986 φέρουσαν·

238 995 360 1042 ἐπειδὴ
381 995 417 1033 δὲ
441 995 564 1048 μικρὸν
586 996 742 1048 ὕστερον,
762 996 825 1035 κᾶν
849 996 897 1048 μὴ
920 1000 978 1034 νῦν
1000 995 1189 1034 αἴσθωνται
1208 999 1258 1048 τῷ

237 1059 336 1109 θυμῷ
369 1057 624 1110 κατεχόμενοι,
660 1057 848 1096 κλαύσουσι
881 1057 942 1096 καὶ
978 1056 1164 1108 οἰμώζουσι
1198 1057 1258 1094 καὶ

235 1119 449 1170 ὀδυροῧνται,
472 1121 510 1157 οὐ
530 1123 681 1158 τοιοῦτον
703 1120 872 1172 ὀδυρμὸν,
899 1113 968 1157 οἷον
997 1118 1041 1156 τὰ
1068 1118 1193 1156 παιδία
1213 1118 1257 1156 τὰ

237 1178 347 1232 μικρὰ
359 1209 368 1227 ,
383 1179 473 1218 ἀλλὰ
490 1180 546 1219 τὸν
569 1182 602 1218 ἐν
624 1183 674 1232 τῷ
695 1180 811 1218 σκότει
826 1182 876 1232 τῷ
892 1179 1062 1232 ἐξωτέρω,
1081 1179 1139 1217 τὸν
1156 1181 1190 1217 ἐν
1205 1182 1256 1232 τῷ

235 1241 318 1293 πυρὶ
348 1243 398 1292 τῷ
438 1241 625 1294 ἀσὸέστῳ·
661 1241 700 1279 τὸ
733 1242 817 1280 αὐτὸ
851 1240 958 1280 πάλιν
993 1247 1070 1284 ταῖς
1102 1241 1256 1294 μητράσι

235 1302 437 1353 ποιήσωμεν
451 1334 461 1351 ,
498 1307 660 1342 τοσοῦτον
707 1305 818 1341 αὐτῶν
855 1302 1136 1351 διαλλάττοντες,
1177 1303 1256 1341 ὅσον

235 1364 274 1402 οὗ
295 1366 370 1414 μετ’
393 1366 538 1411 ἀπειλῆς
564 1365 624 1403 καὶ
655 1364 785 1416 ὕὸρεως
814 1364 973 1415 καθάπερ
1003 1366 1144 1411 ἐκεῖναι,
1167 1363 1256 1401 ἀλλὰ

236 1424 325 1474 μετὰ
338 1425 523 1470 κολακείας
543 1427 603 1464 καὶ
623 1425 831 1477 προσηνείας
850 1427 983 1472 πολλῆς
1001 1425 1087 1476 πρὸς
1106 1424 1150 1463 τὰ
1168 1441 1256 1462 παι-

236 1485 293 1523 δία
312 1490 423 1525 ταῦτα
438 1487 664 1538 διαλεξόμεθα
683 1504 691 1512 ·
712 1489 787 1526 ἐπεὶ
807 1489 859 1527 ὅτι
878 1504 918 1540 γε
936 1495 1007 1530 τοῖς
1030 1487 1140 1540 ἁγίοις
1162 1488 1255 1527 οὔδε·

236 1545 299 1595 μία
314 1547 384 1584 ἀπὸ
401 1547 533 1585 τούτων
553 1551 574 1594 ἡ
597 1549 711 1599 βλάέη
724 1580 733 1597 ,
754 1549 843 1588 ἀλλὰ
863 1550 922 1587 καὶ
953 1549 1079 1599 μείζων
1097 1553 1114 1588 ὁ
1136 1549 1257 1600 μισθὸς

234 1606 293 1644 καὶ
312 1608 443 1646 πλείων
462 1613 483 1655 ἡ
504 1609 699 1662 παρρησία.
720 1609 780 1649 Ἂν
804 1611 867 1661 μὲν
887 1611 931 1649 τὰ
957 1612 1129 1662 μέλλοντα
1145 1611 1256 1649 εἴπω-

235 1683 297 1718 μεν
314 1669 430 1719 ἀγαθὰ
444 1700 454 1718 ,
473 1670 566 1722 τάχα
584 1672 644 1709 καὶ
663 1672 851 1723 γελάσεσθε
872 1673 963 1723 μέγα
976 1703 986 1721 ,
1018 1673 1078 1711 ἅτε
1101 1677 1254 1710 τοιοῦτον

908 1738 980 1778 τοῖς
1012 1734 1048 1773 δὲ
1083 1738 1252 1786 παροῦσι,

232 1790 296 1829 κᾶν
313 1792 478 1844 μυριάκις
493 1788 555 1840 ἦτε
575 1795 894 1846 φιλογέλωτες,.οὖκ
919 1796 1153 1843 ἀπιστήσετε·
1175 1795 1252 1835 οὐδὲ

233 1729 287 1767 ἀεὶ
321 1730 458 1782 γέλωτα
499 1735 709 1782 μελετῶντες
739 1735 843 1786 γελᾷν
868 1749 877 1759 ·

228 1851 312 1904 γὰρ,
335 1852 374 1890 ἂν
398 1853 539 1902 ἐθέλητε
556 1886 566 1904 ,
594 1857 799 1905 δυνήσεσθε,
826 1861 894 1896 τῶν
924 1858 1142 1909 πραγμάτων
1170 1860 1251 1908 ὑμῖν

227 1914 335 1958 οὕτως
351 1917 673 1967 ἀντιφθεγγομένων
697 1920 823 1956 αὐτῶν.
845 1918 916 1957 Τὸν
937 1919 1084 1970 Νέρωνα
1113 1919 1252 1962 πάντως

227 1975 370 2014 ἀκούετε
399 1977 558 2031 (καὶγὰρ
590 1979 761 2030 ἐπίσημος
781 1983 798 2018 ὃ
832 1980 921 2033 ἀνὴρ
947 1981 1017 2019 ἀπὸ
1049 1983 1112 2027 τῆς
1148 1983 1252 2020 ἀσελ-

227 2036 322 2088 γείας
340 2042 354 2059 ³
380 2038 538 2090 ἐγένετο,
561 2043 696 2092 πρῶτος
725 2041 784 2079 καὶ
817 2042 919 2092 μόνος
949 2041 1058 2094 εὑρὼν
1085 2044 1120 2081 ἓν
1156 2044 1249 2095 ἀρχῇ

227 2098 370 2150 τοιαύτῃ
396 2100 536 2144 καινούς
562 2117 659 2145 τινας
689 2102 877 2148 ἀκολασίας
906 2104 967 2142 καὶ
999 2105 1250 2156 ἀσχημοσύνης

227 2159 374 2211 τρόπους
389 2164 413 2209 ·)
433 2155 530 2204 οἶτος
557 2167 574 2202 ὃ
593 2163 715 2217 Νέρων
733 2165 791 2204 τὸν
817 2166 989 2218 μακάριον
1009 2168 1152 2205 Παῦλον
1175 2166 1249 2218 (καὶ

225 2220 293 2272 γὰρ
313 2222 414 2274 ἔτυχε
428 2223 519 2262 κατὰ
533 2223 610 2268 τοὺς
625 2225 745 2269 αὐτοὺς
763 2227 884 2278 ἐκείνῳ
898 2227 1081 2278 γενόμενος
1091 2229 1249 2279 χρόνους)

226 2287 370 2321 τοιαῦτα
397 2286 555 2335 ἐγκαλῶν
570 2314 579 2330 ,
599 2285 616 2306 ¹'
637 2280 760 2340 οἷοίπερ
779 2289 877 2338 ὑμεῖς
898 2292 969 2331 τοῖς
987 2289 1096 2340 ἁγίοις
1116 2289 1248 2334 τούτοις

227 2344 374 2395 ἀνδράσι
410 2345 625 2396 (παλλακίδα
649 2347 714 2400 γὰρ
755 2350 859 2387 αὐτοῦ
891 2350 1023 2402 σφόδρα
1057 2350 1247 2402 ἐπέραστον

225 2404 349 2449 πείσας
370 2406 429 2444 τὸν
445 2406 525 2460 περὶ
545 2410 606 2454 τ’ῆς
621 2408 771 2453 πίστεως
790 2409 955 2453 δέξασθαι
976 2410 1090 2459 λόγον,
1113 2411 1248 2449 ἔπειθεν

225 2467 312 2514 ὁμοῦ
346 2465 404 2504 καὶ
437 2470 498 2514 τῆς
531 2467 727 2520 ἀκαθάρτου
775 2471 954 2514 συνουσίας
1000 2473 1249 2523 ἀπαλλαγῆναι

225 2525 389 2576 ἕκείνης)·
426 2532 570 2566 τοιαῦτα
604 2533 684 2580 γοῦν
723 2531 878 2581 ἐγκαλῶν
915 2533 1068 2578 ἐκεῖνος,
1099 2532 1158 2570 καὶ
1188 2534 1248 2570 λυ-

226 2589 344 2637 μεῶνα
374 2588 433 2626 καὶ
453 2589 583 2628 πλάνον
610 2590 670 2628 καὶ
689 2590 733 2629 τὰ
765 2592 873 2638 αὐτὰ,
906 2593 994 2644 ἅπερ
1014 2595 1112 2643 ὑμεῖς
1139 2592 1248 2645 φθέγ-

221 2651 322 2699 γεσθε
339 2679 348 2697 ,
365 2649 424 2687 τὸν
440 2651 580 2689 Παῦλον
599 2652 801 2700 ἀποκαλῶν,
819 2653 858 2691 τὸ
875 2653 936 2703 μὲν
954 2655 1091 2706 πρῶτον
1112 2654 1247 2702 ἔδησεν,

223 2711 269 2753 ὡς
290 2709 324 2748 δὲ
358 2711 418 2748 οὐκ
445 2710 558 2749 ἔπειθε
581 2714 643 2758 τῆς
675 2714 760 2766 πρὸς
793 2713 854 2761 τὴν
887 2714 992 2767 κόρην
1030 2715 1247 2767 ἀποσχέσθαι

224 2772 422 2822 συμὸουλῆς
438 2804 447 2820 ,
478 2773 577 2818 τέλος
610 2775 806 2815 ἀπέκτεινε.
842 2776 889 2814 Τί
926 2770 983 2814 οὖν
1018 2777 1087 2815 ἀπὸ
1124 2776 1245 2815 τούτου

222 2833 342 2886 γέγονε
380 2834 508 2885 βλάῧος
531 2839 581 2889 τῷ
608 2836 756 2876 παθόντι
778 2840 916 2886 κακῶς;
935 2837 968 2875 τί
989 2837 1023 2877 δὲ
1044 2837 1165 2889 ὄφελος
1196 2841 1246 2890 τῷ

223 2894 391 2946 δράσαντι
413 2898 547 2944 κακῶς;
570 2897 604 2936 τί
625 2898 686 2949 μὲν
707 2900 768 2936 οὐκ
791 2899 910 2950 ὄφελος
930 2901 979 2951 τῷ
1003 2898 1081 2937 τότε
1106 2902 1242 2951 ἀναιρε-

223 2955 315 2994 θέντι
339 2957 491 3010 Παύλῳ;
508 2958 542 2996 τί
572 2959 607 2997 δὲ
627 2962 665 2998 οὐ
688 2960 816 3012 βλάῧος
835 2962 885 3012 τῷ
907 2960 1062 2998 ἀνελόντι
1084 2960 1218 3012 Νέρωνι
1236 2978 1244 3007 ;

221 3018 287 3068 οὐχ
303 3020 321 3055 ὁ
349 3017 411 3068 μὲν
439 3018 558 3072 ὥσπερ
579 3021 723 3072 ἅγγελος
751 3024 931 3073 πανταχοῦ
953 3025 1015 3068 τῆς
1042 3021 1244 3072 οἰκουμένης

221 3078 342 3130 ᾄδεται
372 3079 430 3130 (τὰ
461 3080 527 3134 γὰρ
555 3083 711 3135 παρόντα
741 3082 827 3125 τέως
859 3084 953 3134 ἐρῶ)·
985 3086 1002 3121 ὁ
1035 3082 1090 3130 δὲ,
1124 3083 1243 3134 ὥσπερ

219 3139 327 3184 ὅντως
358 3141 497 3193 λυμεὼν
524 3144 584 3182 καὶ
606 3144 742 3195 δαίμων
763 3145 881 3197 ἄγριος
905 3145 989 3196 πρὸς
1009 3144 1145 3187 πάντας
1164 3146 1241 3183 δια-

221 3199 413 3248 6έ6ληται;

273 3266 286 3281 ’“
303 3262 359 3300 Τὰ
378 3262 412 3300 δὲ
429 3264 501 3302 ἐκεῖ
521 3294 528 3308 ,
548 3265 612 3302 κᾶν
634 3267 733 3316 ὑμεῖς
750 3267 985 3314 ἀπιστήσητε,
1009 3267 1065 3306 διὰ
1091 3267 1168 3309 τοὺς
1187 3283 1245 3304 πι-

266 3401 278 3414 ι·
294 3391 384 3423 Unus
400 3391 495 3424 bulwt
517 3398 638 3436 ἐγίνετο.

267 3444 282 3467 ¹¹
302 3443 389 3476 Alius
403 3448 509 3492 oc'dmp
528 3450 607 3490 ὑμεῖς
624 3453 681 3481 νῦν.
699 3448 773 3480 Mox
788 3449 819 3482 in
837 3448 901 3482 ulio
916 3449 1040 3482 (ἶυιΙίιΨ
1056 3457 1109 3495 7³³(-
1126 3449 1228 3480 ‹ha-nt.

2232 236 2293 300 59

1334 327 1434 365 radio
1454 329 1621 367 maternis
1642 330 1846 382 pectoribus
1867 343 2021 382 appenso
2042 331 2200 370 ferientis
2220 347 2294 370 ma-

1332 401 1420 425 num
1435 390 1651 441 excipiente:
1664 400 1747 435 tunc
1761 401 1864 440 certe,
1879 401 1977 439 tunc,
1993 392 2100 430 misso
2114 393 2204 440 risti,
2221 409 2293 432 ma-

1330 445 1421 498 jore,
1443 464 1549 499 quam
1566 450 1594 488 is
1615 452 1675 501 qui
1695 465 1888 505 percussus
1902 461 1964 500 est,
1986 453 2049 490 illa
2069 453 2192 492 dolore
2212 455 2294 493 affi-

1335 513 1447 551 citur:
1461 524 1493 552 et
1514 515 1655 553 interim
1675 525 1777 554 curat
1797 516 1942 566 vulnus,
1964 517 2008 555 de
2029 527 2153 556 caetero
2173 529 2295 558 autem

1333 571 1538 623 ingentibus
1556 576 1662 613 minis
1680 584 1775 614 vetat
1794 590 1837 613 ne
1856 577 1940 614 talia
1957 588 2052 628 agat,
2074 593 2117 617 ne
2138 580 2228 618 forte
2246 581 2294 619 si·

1334 634 1418 671 mile
1434 636 1619 688 quidpiam
1634 637 1803 688 patiatur.
1818 639 1892 675 Nos
1905 637 2023 688 itaque
2038 640 2137 690 paria
2151 641 2294 680 fecisse-

1334 708 1431 743 mus,
1450 696 1478 733 si
1495 697 1667 747 puerilem
1682 697 1894 748 hujusmodi
1909 698 2133 737 iracundiam
2151 703 2293 755 conspi-

1334 769 1513 805 ceremus,
1534 767 1593 795 aut
1611 772 1685 795 esse
1704 758 1796 795 hanc
1816 758 2006 796 infantium
2026 760 2189 811 plagam,
2213 777 2292 813 quae

1332 830 1402 854 non
1427 830 1593 868 magnam
1613 818 1701 870 ipsis
1719 819 1915 870 perniciem
1936 820 2091 859 inferret.
2113 822 2294 868 Quoniam

1332 891 1416 916 vero
1445 887 1525 929 post
1555 878 1737 916 modicum
1757 880 1918 932 elapsum
1945 889 2103 933 tempus,
2128 885 2293 933 quamvis

1332 952 1428 976 nune
1453 940 1572 977 furore
1598 941 1754 992 correpti
1775 941 1812 979 id
1839 955 1908 979 non
1935 943 2107 989 sentiant,
2130 944 2290 994 flebunt,

1330 1000 1541 1052 ejulabunt,
1563 1001 1868 1048 lamentabuntur,
1899 1017 1966 1042 non
1995 1004 2057 1041 tali
2081 1004 2169 1043 fletu
2194 1007 2293 1057 quali

1330 1060 1501 1108 infantes,
1527 1061 1587 1099 sed
1608 1061 1642 1099 in
1667 1063 1820 1101 tenebris
1846 1064 2083 1102 exterioribus
2104 1075 2137 1103 et
2155 1067 2189 1104 in
2211 1067 2293 1118 igne

1329 1124 1642 1177 inexstinguibili:
1658 1125 1905 1179 idipsumjam
1922 1128 2094 1167 faciamus
2111 1130 2206 1180 quod
2223 1146 2293 1170 ma-

1329 1195 1419 1232 tres,
1439 1187 1507 1225 hoc
1523 1197 1662 1225 tantum
1679 1188 1907 1238 discrimine,
1925 1189 2021 1240 quod
2039 1205 2110 1228 nou
2129 1206 2208 1229 eum
2227 1193 2291 1230 mi-

1330 1247 1385 1286 nis
1411 1257 1445 1286 et
1476 1249 1700 1287 contumeliis
1729 1259 1768 1287 ut
1790 1250 1877 1298 illae,
1904 1252 1964 1288 sed
1991 1251 2122 1289 blande
2146 1261 2178 1290 et
2207 1267 2289 1291 cum

1326 1309 1470 1347 lenitate
1495 1310 1607 1348 multa
1636 1311 1786 1348 infantes
1813 1310 2018 1362 hujusmodi
2042 1312 2288 1363 alloquamur:

1329 1370 1618 1422 quandoquidem
1632 1372 1723 1409 nihil
1736 1372 1820 1409 hinc
1833 1372 1957 1410 damni
1971 1373 2101 1412 sanctis
2114 1375 2214 1421 viris,
2227 1375 2292 1413 sed

1327 1444 1459 1468 merces
1488 1431 1664 1482 eopiosior
1693 1431 1876 1482 majorque
1905 1431 2036 1470 fiducia
2063 1433 2212 1471 accedit.
2245 1435 2286 1473 Si

1328 1490 1471 1541 quidem
1486 1491 1603 1529 futura
1622 1491 1713 1529 bona
1733 1505 2068 1538 commemoremus,
2089 1493 2288 1532 admodum

1281 1548 1305 1578 D
1326 1551 1415 1588 forte
1434 1550 1616 1598 ridebitis,
1636 1552 1771 1604 quippe
1790 1553 1851 1602 qui
1868 1553 2077 1604 hujusmodi
2097 1554 2169 1592 risu
2189 1569 2287 1592 sem-

1327 1627 1391 1664 per
1409 1612 1523 1650 ridere
1544 1613 1686 1651 soleatis
1703 1629 1710 1649 :
1725 1623 1759 1650 at
1778 1615 2032 1665 praesentibus,
2049 1616 2186 1653 etiamsi
2202 1616 2290 1654 mil-

1327 1673 1390 1711 lies
1411 1673 1500 1710 risui
1523 1673 1659 1711 addicti
1680 1674 1837 1723 fueritis,
1862 1674 1970 1712 fidem
1990 1690 2058 1714 non
2087 1676 2286 1727 negabiti53

1326 1749 1389 1773 nec
1408 1735 1436 1772 si
1457 1734 1646 1774 volueritis
1666 1735 1812 1786 quidem
1830 1736 2011 1788 poteritis,
2031 1737 2137 1775 rebus
2161 1752 2288 1791 nempe

1325 1796 1414 1849 ipsis
1437 1807 1557 1836 contra
1578 1797 1826 1835 clamantibus.
1851 1798 2026 1836 Neronem
2049 1813 2192 1851 prorsus
2216 1814 2286 1837 au-

1325 1858 1429 1897 distis
1451 1859 1596 1907 (virum
1620 1872 1747 1910 nempe
1766 1872 1809 1895 ex
1835 1858 1984 1897 lascivia
2004 1859 2201 1907 famosum,
2221 1860 2285 1911 qui

1324 1920 1462 1972 primus
1480 1929 1513 1957 et
1527 1919 1628 1958 solus
1648 1920 1683 1957 in
1699 1929 1796 1957 tanto
1814 1920 1964 1971 imperio
1983 1934 2094 1958 novos
2110 1921 2282 1971 quosdam

1323 1981 1560 2034 impudicitiae
1577 1990 1612 2019 et
1629 1980 1862 2032 turpitudinis
1879 1981 2001 2018 modos
2017 1982 2232 2031 excogitavit
2246 1986 2279 2029 ):

2298 2019 2422 2048 Bon-ouis

2322 1812 2489 1851 Persequi}-

2302 1860 2378 1881 lores
2431 1866 2488 1882 non

2301 1898 2419 1927 sanctis,
2437 1898 2487 1924 scd
2521 1930 2523 1932 ‚

2300 1937 2356 1963 sibi
2368 1945 2486 1966 noct-ut.

2312 1979 2488 2016 Exemplum

2316 2019 2320 2022 ”
2461 2027 2489 2049 et

1322 2043 1383 2081 hic
1403 2043 1524 2094 itaque
1538 2043 1633 2080 Nero
1652 2042 1795 2079 beatum
1813 2041 1985 2089 Paulum,
2002 2045 2105 2093 cujus
2125 2051 2284 2095 tempore
2297 2061 2397 2091 Pauli.

1321 2105 1510 2157 regnabat,
1522 2104 1566 2141 de
1582 2104 1708 2142 iisdem
1723 2117 1910 2150 accusans,
1929 2104 1974 2142 de
1989 2104 2119 2154 quibus
2133 2119 2195 2142 vos
2212 2104 2283 2156 ipsi

1319 2176 1457 2205 sanctos
1482 2167 1579 2205 viros
1605 2165 1820 2204 insimulatis
1839 2165 2028 2217 :pellicem
2057 2165 2150 2203 enim
2176 2167 2254 2217 ejus
2270 2196 2279 2214 ,

1319 2243 1428 2280 quam
1444 2228 1505 2266 ille
1518 2228 1724 2281 deperibat,
1743 2242 1823 2264 cum
1837 2226 1883 2265 ad
1896 2227 1980 2264 fidei
1994 2227 2197 2266 doctrinam
2210 2242 2285 2265 am-

1319 2289 1543 2342 plectendam
1559 2289 1779 2333 induxisset,
1796 2289 1842 2326 ab
1858 2288 1999 2340 impuro
2015 2289 2091 2339 ejus
2107 2288 2284 2326 consortio

1318 2351 1462 2388 monitis
1481 2350 1554 2388 suis
1570 2349 1847 2396 abduxitthaec,
1866 2350 2011 2400 iuquam
2026 2381 2036 2397 ,
2057 2349 2110 2386 illi
2130 2349 2279 2387 crimina

1317 2412 1505 2461 objiciens,
1533 2425 1574 2448 ac
1601 2419 1866 2462 corruptorem,
1895 2410 2138 2453 seductorem,
2169 2419 2200 2447 et
2230 2408 2284 2447 bis

1319 2472 1498 2510 similibus
1517 2471 1722 2508 nominibus
1736 2500 1746 2519 ‚
1776 2485 1853 2520 quae
1881 2484 1946 2508 vos
1965 2470 2071 2507 modo
2093 2469 2256 2521 profertis
2271 2499 2280 2514 ,

1320 2533 1473 2570 Paulum
1490 2531 1674 2583 appellans
1688 2561 1696 2575 ‚
1717 2533 1834 2582 primo
1850 2533 1969 2582 ipsum
1987 2531 2021 2568 in
2039 2530 2183 2567 vincula
2201 2544 2282 2567 con-

1272 2629 1302 2654 [09
1315 2595 1420 2646 jecit;
1443 2608 1525 2632 cum
1546 2602 1664 2630 nutem
1687 2600 1723 2628 ut
1744 2592 1871 2643 puella·
1889 2591 2023 2628 monita
2042 2590 2127 2628 darc
2142 2591 2283 2628 desine-

1275 2665 1297 2694 Λ
1316 2664 1370 2693 ret
1392 2654 1459 2706 ipsi
1485 2652 1696 2706 persuadere
1721 2666 1788 2689 non
1810 2661 1946 2703 posset,
1966 2652 2105 2688 necavit
2126 2651 2281 2689 tandem.

1320 2715 1419 2765 Quid
1437 2716 1545 2765 igitur
1561 2715 1643 2751 binc
1659 2713 1779 2751 damni
1797 2714 1860 2750 fuit
1875 2712 1967 2749 male
1981 2713 2111 2750 asserto
2125 2743 2133 2755 ,
2150 2712 2284 2763 quidve

1318 2776 1546 2815 emolumenti
1577 2775 1743 2812 lineium-is
1770 2774 1936 2811 auctori?
1964 2774 2039 2810 lum
2065 2787 2165 2816 vero,
2192 2774 2284 2824 quid

1319 2853 1387 2877 non
1410 2838 1641 2876 emolunienti
1663 2837 1778 2875 occiso
1808 2837 1936 2880 Paulo,
1956 2835 2043 2886 quid
2066 2849 2134 2872 non
2159 2835 2280 2873 damni

1318 2898 1457 2935 net-anti
1488 2897 1651 2934 Neroni?
1673 2910 1786 2934 nonne
1816 2896 1876 2932 ille
1902 2895 2047 2946 quidem
2075 2904 2111 2932 ut
2133 2896 2280 2945 augelus

1318 2960 1449 3010 ubique
1461 2968 1632 2996 terrarum
1645 2957 1866 2994 celebratur?
1881 2955 1925 2993 de
1940 2955 2174 3007 prat-sentibus
2186 2955 2279 2991 cuim

1316 3030 1452 3059 tuntum
1488 3021 1611 3070 loquor
1629 3034 1637 3065 3
1671 3018 1731 3055 illo
1761 3032 1845 3054 vero
1877 3027 2057 3066 tamquam!
2093 3024 2280 3067 corruptor

1315 3084 1524 3132 ‹lwiiionque
1552 3081 1650 3118 t'crox
1679 3078 1775 3131 apud
1801 3092 1921 3116 omues
1951 3077 2043 3114 male
2069 3077 2198 3115 auditi*

1369 3265 1411 3300 4.
1439 3262 1487 3298 tia
1506 3277 1590 3299 veru
1609 3275 1685 3311 qua¹
1703 3259 1745 3297 aul
1767 3259 1922 3296 suturam
1948 3257 2058 3295 vitum
2079 3256 2252 3308 pertinent
2267 3285 2275 3295 .

1309 3395 1439 3427 «Sui-il.
1462 3400 1495 3428 ri
1525 3398 1551 3425 v''·:
1581 3400 1649 3426 2⁴51-
1681 3399 1733 3425 stu
1758 3396 1850 3433 ῠμιις.
1880 3391 1952 3422 Duo
1979 3390 2052 3422 uss.
2091 3395 2123 3422 τ’-
2154 3391 2182 3420 ἶὲ
2207 3393 2275 3420 ἕεις.

1269 3467 1279 3480 s·
1294 3456 1319 3479 )'.'
1340 3454 1395 3491 γὰρ
1414 3454 1506 3489 Quali·
1525 3444 1638 3478 Murri.
1658 3451 1693 3478 a}
1715 3450 1768 3489 'as'fr
1791 3449 1870 3478 (¹151.
1892 3448 1940 3474 xj»
1962 3447 2051 3482 imit,-
