2513 3871
145 1308 290 1350 amq.

147 1497 214 1528 (οἱ.
234 1509 263 1529 2.
282 1499 329 1530 ¹6.

154 1557 221 1586 Iba-t
246 1566 328 1588 rao.

147 1606 195 1627 21.
217 1609 265 1629 22.

144 2110 258 2139 unuh.
281 2108 326 2140 ¹3·

142 2353 329 2394 'iuneti-⁴.

356 244 449 300 spis,

353 337 515 383 dimissa,
538 336 650 374 filiani
667 350 687 373 a
705 335 930 373 matrimonio
947 335 1090 374 arcere?
1108 335 1222 383 Quia,
1243 335 1303 373 in-

354 397 467 448 quiet,
498 398 624 434 anima:
652 395 723 433 illa·
743 395 937 433 admodum
969 396 1121 434 infirma:
1149 404 1184 434 ct
1202 396 1304 434 humi

789 255 827 286 S.
864 255 1047 286 mansis
1084 254 1326 286 cunvsosr.
1365 255 1576 287 Ancmlzt'.

1614 253 1952 288 consummor
1961 274 1972 287 ·

1377 339 1571 389 ἀπαγαγεῖν
1604 339 1664 376 τοῦ
1694 337 1809 390 γάμου
1835 337 1899 384 τὴν
1927 338 2032 375 αὖτοῖὶ
2066 334 2261 387 θηγατέρα,
2292 331 2397 381 Ὅτι,

1377 398 1485 449 φησὶ,
1503 400 1574 436 τῶν
1601 398 1737 450 σφόδρα
1773 401 1926 436 ἀσθενῶν
1963 398 2022 435 καὶ
2054 397 2170 450 χαμαὶ
2199 394 2397 447 συρομὲνων

353 465 512 508 repentes
526 464 640 502 erant,
661 455 801 507 illcequc
814 455 865 494 sic
878 456 1013 495 arrecta:
1028 456 1149 495 statim
1165 456 1213 496 ad
1229 457 1305 495 vir·
1317 453 1466 512 8,οῆσαν
1487 460 1522 497 αἱ
1550 462 1708 498 τοιαῦται
1736 458 1848 511 ψυχαί
1862 471 1870 480 ·
1897 458 1960 502 τὰς
1991 458 2026 497 δὲ
2059 457 2151 497 οὕτω
2177 455 2400 506 διακειμένας

352 517 514 568 ginitatis
537 529 714 555 sermones
743 515 875 554 adduci
901 530 971 555 non
1006 525 1179 570 poterant.
1210 517 1304 557 Nam
1330 524 1355 554 Δ
1377 522 1440 558 οὐκ
1459 521 1538 567 ἐνῆν
1556 519 1679 574 ἀθρόον
1697 521 1840 572 ἀγαγεῖν
1858 518 1917 556 ἐπὶ
1938 518 2016 562 τοὺς
2031 517 2118 570 ὓπὲρ
2132 519 2195 564 τῆς
2212 516 2401 568 παρθενίας

351 576 412 626 qui
427 576 475 615 ad
491 575 615 615 mundi
630 589 684 614 res
699 583 771 613 tam
787 583 839 613 est
853 576 1036 625 attonitus,
1053 585 1087 615 et
1100 575 1208 629 hujus
1223 577 1305 616 vitae

351 636 530 685 laudator,
538 646 576 675 ut
585 645 662 690 post
672 644 805 674 tantam
814 636 1209 689 exhortationem,qu0d
1219 637 1305 676 caelo

348 697 501 750 dignum
521 707 574 737 cst
600 707 634 736 et
654 698 804 748 angelici
832 698 986 736 instituti
1012 698 1119 737 affine
1135 729 1145 746 ,
1174 698 1304 752 probro

349 758 555 806 habuisset,
584 759 772 798 consilium
798 773 838 798 eo
859 758 1028 798 inducens
1045 759 1107 811 qui
1134 760 1304 799 tulisset?

350 821 396 860 Et
412 821 500 873 quid
518 822 648 860 mirum
658 853 666 867 ,
679 823 708 860 si
724 822 760 860 id
777 821 811 860 in
829 835 865 860 rc
879 835 1042 860 concessa
1055 821 1191 860 Paulus
1205 822 1302 867 fecit,

347 883 410 933 qui
428 882 523 921 idem
542 883 577 921 in
598 882 703 921 vetita
720 891 753 920 ct
770 881 960 934 illegitima
976 882 1113 920 saciat?
1135 882 1303 934 Exempli

348 957 452 982 causa
472 960 481 982 ε
498 943 662 982 ciborum
680 943 860 982 delectum
878 943 1030 990 babere,
1049 951 1083 981 ct
1102 943 1191 981 alios
1213 957 1303 995 pro—

348 1003 446 1050 bare,
464 1004 553 1043 alios
571 1003 730 1055 rejicere,
753 1003 913 1044 Judaicoe
934 1003 1190 1042 imbecillitatis
1207 1012 1300 1045 erat:

347 1064 498 1117 quidam
525 1073 640 1103 tamen
673 1064 768 1117 apud
790 1066 969 1103 Romanos
995 1079 1038 1103 ea
1058 1064 1303 1103 imbecillitate

346 1125 559 1164 laborabant
578 1140 587 1163 ε
606 1139 695 1176 quos
711 1125 799 1163 adeo
815 1139 883 1163 non
902 1125 1043 1163 incessit
1058 1125 1298 1171 vehementer,

347 1194 387 1223 ut
405 1185 504 1224 aliud
533 1184 707 1236 quiddam
735 1186 851 1237 majus
868 1184 976 1223 etiam
1005 1185 1137 1234 saciat;
1159 1185 1301 1224 omissis

344 1245 440 1283 enim
461 1245 506 1284 iis
523 1245 586 1296 qui
609 1254 834 1296 peccassent,
855 1245 916 1296 qui
936 1259 995 1283 eos
1014 1245 1206 1297 prohibere
1225 1246 1299 1283 vel-

346 1305 419 1344 lent
447 1306 614 1357 objurgat
640 1304 698 1343 his
726 1305 844 1344 verbis
859 1334 869 1352 ‚
897 1305 952 1343 Tu
972 1314 1102 1343 autem
1123 1306 1220 1356 quid
1230 1307 1297 1358 ju·

346 1367 455 1405 dicas
471 1367 647 1420 fratrem
675 1373 782 1404 tuum
804 1368 821 1401 P
855 1367 900 1404 At
932 1379 1002 1404 non
1030 1365 1299 1404 Colossensibus

344 1428 501 1467 scribens
523 1427 618 1466 idem
649 1427 758 1477 facit,
791 1426 851 1466 sed
881 1440 1007 1479 magna
1028 1427 1237 1466 auctoritate
1266 1437 1299 1466 et

344 1503 402 1528 eos
415 1489 542 1542 carpit,
560 1498 594 1527 et
607 1488 894 1542 philosophatur,
908 1488 1029 1527 dicens
1045 1504 1053 1525 ε
1070 1488 1194 1528 Nemo
1208 1504 1297 1542 ergo

343 1563 415 1590 vos
424 1551 574 1603 judicet
595 1552 638 1587 in
655 1551 739 1589 cibo
753 1559 872 1602 aeque
889 1558 994 1602 potu.
1010 1549 1059 1588 Et
1076 1564 1219 1588 rursum
1235 1551 1296 1589 :Si

342 1626 432 1665 ergo
452 1615 592 1650 morem·
615 1613 706 1650 estis
734 1624 822 1650 cum
842 1611 996 1650 Christo
1023 1613 1073 1650 ab
1100 1611 1296 1650 elementis

344 1674 502 1721 mundi,
531 1671 625 1724 quid
652 1680 852 1724 tamqnam
882 1675 1060 1711 viventes
1081 1675 1122 1710 in
1148 1673 1295 1710 mundo

342 1735 546 1773 decernitis
562 1738 580 1771 P
596 1733 657 1772 Ne
676 1736 847 1782 tangito,
868 1747 942 1771 neu
959 1741 1115 1785 gustato
1126 1762 1136 1781 ,
1151 1746 1225 1771 neu
1241 1741 1295 1771 at-

342 1802 502 1833 trectato
520 1811 534 1833 .·
554 1807 640 1843 quae
658 1795 791 1831 omnia
811 1806 879 1831 usu
896 1802 1072 1845 percunt.
1089 1793 1164 1831 Cur
1183 1793 1294 1846 igitur

341 1854 382 1893 id
413 1854 524 1893 facit?
555 1853 662 1900 Quod
692 1852 729 1891 hi
749 1853 948 1891 confirmati
971 1863 1085 1892 essent
1108 1870 1115 1891 :
1141 1855 1293 1893 Romani

342 1915 460 1954 adhuc
477 1928 603 1966 magna
624 1914 845 1966 indulgentia
861 1929 952 1967 opus
970 1915 1156 1964 baberent,
1175 1925 1208 1954 et
1227 1930 1293 1955 ex-

342 1985 515 2029 spectaret
534 1976 607 2025 ille,
632 1975 720 2013 dum
741 1976 828 2014 fides
847 1976 882 2013 in
902 1990 1024 2014 eorum
1044 1977 1144 2029 prius
1163 1977 1292 2016 animis

342 2037 629 2076 constabiliretur
646 2053 653 2078 ;
672 2036 805 2075 veritus
825 2050 867 2076 ne
882 2045 963 2075 ante
982 2046 1122 2091 tempus
1141 2047 1174 2077 et
1193 2052 1292 2091 :equo

341 2099 447 2137 citius
466 2098 598 2137 zimnia
619 2098 787 2136 revellere
808 2110 1010 2150 aggressus,
1031 2113 1113 2138 cum
1133 2100 1177 2139 iis
1200 2114 1293 2140 sana:

342 2159 512 2198 doctrinm
541 2159 668 2212 stirpes
701 2173 770 2197 una
797 2159 903 2198 etiam
933 2160 1130 2200 revelleret.
1172 2163 1295 2213 ltaque

343 2234 406 2259 nec
424 2221 552 2259 acriter
573 2220 732 2268 incessit,
762 2233 825 2259 nec
845 2220 1109 2273 irreprehensos
1126 2221 1292 2273 dimittit,

343 2281 405 2320 sed
437 2281 528 2319 clam
559 2290 593 2318 ct
626 2295 688 2319 nec
711 2281 894 2333 opinantes
922 2281 957 2319 in
978 2281 1058 2320 aliis
1078 2283 1293 2334 castigandis

345 2342 564 2395 perstringit.
589 2342 680 2379 Nam
706 2341 768 2392 qui
787 2340 896 2390 dicat,
918 2342 994 2380 Suo
1012 2344 1170 2383 domi'no
1189 2354 1267 2384 stat
1283 2376 1294 2394 ,

343 2412 411 2441 aut
426 2404 547 2450 cadit,
564 2402 623 2440 ille
639 2402 834 2454 increpanti
851 2402 1032 2442 silentium
1051 2404 1230 2458 imponere
1245 2406 1296 2445 vi-

341 2463 465 2509 detur,
484 2463 544 2502 sed
563 2478 599 2501 re
614 2478 696 2502 vera
715 2463 886 2515 increpati
903 2464 1000 2503 illius
1014 2465 1174 2504 animum
1192 2467 1295 2507 velli-

341 2534 397 2562 eat
413 2524 633 2569 :ostendens,
653 2524 696 2562 iis
713 2524 818 2562 rebus
833 2523 916 2563 duci
933 2539 1000 2564 non
1017 2527 1201 2566 stabilium
1218 2543 1294 2567 esse

341 2594 375 2623 et
390 2585 539 2623 firmiter
551 2585 830 2634 consistentium,
843 2585 902 2624 sed
918 2586 979 2637 qui
993 2586 1111 2625 adhuc
1124 2589 1293 2639 titubent,

343 2646 555 2697 quibusque,
584 2646 619 2684 ni
647 2655 753 2695 stent,
785 2647 984 2698 periculum
1009 2648 1053 2686 sit
1081 2663 1124 2687 ne
1149 2649 1291 2691 cadant.

346 2706 520 2744 Eamdem
547 2707 658 2758 legem
678 2716 712 2745 et
732 2707 790 2745 bic
810 2717 928 2746 servat
947 2717 1091 2762 propter
1119 2711 1295 2762 insignem

347 2766 624 2806 imbecillitatem
650 2782 771 2806 corum
792 2768 923 2819 quibus
946 2769 1157 2821 pudendum
1176 2782 1265 2812 esset
1283 2787 1292 2810 ε

349 2841 460 2878 neque
483 2829 574 2866 enim
595 2838 714 2881 aperte
733 2843 813 2867 cum
835 2829 943 2882 petit,
965 2831 1029 2870 sed
1050 2831 1233 2872 laudando
1256 2848 1296 2873 eo

352 2889 411 2938 qui
430 2903 527 2926 suain
544 2890 719 2940 virginem
735 2899 849 2928 servet
863 2891 1001 2943 egregie
1014 2892 1188 2932 verberat.
1207 2896 1297 2934 Nam

239 2976 263 2989 w
293 2976 323 3005 7,
352 2948 438 2999 quid
458 2950 538 2987 ait?
568 2951 643 2988 Sed
659 2953 726 3001 qui
744 2959 821 2988 stat
831 2951 976 3002 firmus
1006 2954 1048 2990 in
1063 2956 1177 2993 corde
1196 2969 1265 2994 suo
1285 2973 1296 2994 ‚-

354 3009 447 3059 quod
468 3009 511 3047 ad
531 3010 793 3049 distinctionem
818 3011 955 3050 dictum
976 3022 1026 3051 cst
1042 3015 1140 3066 ejus,
1161 3017 1222 3067 qui
1242 3017 1297 3056 le-

355 3070 443 3107 viter
459 3081 488 3108 ct
511 3071 610 3108 facile
625 3072 790 3121 jactetur,
813 3086 926 3123 neque
944 3073 1061 3112 adbuc
1077 3076 1203 3114 lirinus
1220 3092 1299 3129 gra·

353 3129 483 3176 diatur,
499 3145 558 3168 nec
572 3131 721 3168 viriliter
734 3140 808 3169 stct.
829 3133 963 3172 Deinde
977 3135 1060 3185 quia
1073 3137 1205 3176 sciebat
1219 3154 1294 3177 ora-

354 3201 481 3227 tionem
496 3205 571 3228 earn
590 3201 672 3228 satis
687 3206 771 3237 esse,
789 3201 826 3230 ut
842 3194 918 3243 ejus
933 3195 1092 3235 animum
1111 3208 1296 3249 pungeret,

354 3248 437 3285 vide
455 3259 491 3286 ιιι
507 3264 581 3287 eam
598 3265 736 3287 rursum
753 3251 926 3300 obn-ibat,
944 3270 1086 3294 eausam
1104 3258 1198 3296 baud
1216 3274 1299 3298 sanc

355 3309 622 3360 reprehensione
635 3310 779 3360 dignam
796 3313 986 3353 asserendo.
1006 3317 1057 3355 Eo
1070 3319 1165 3357 enim
1183 3319 1295 3370 dicto,

354 3371 428 3407 Sed
443 3373 508 3421 qui
529 3372 754 3422 steztfirttius
771 3375 810 3410 in
828 3377 940 3412 corde
960 3390 1042 3424 suc»,
1064 3378 1180 3426 addit,
1203 3382 1299 3420 Non

356 3431 500 3469 habens
523 3434 780 3470 necessitatem
794 3463 802 3479 ,
823 3443 1048 3482 potestatem
1068 3449 1196 3480 atatem
1222 3443 1297 3481 Ιιη-

1375 581 1509 633 λόγους.
1524 579 1570 620 ‘0
1588 580 1655 633 γὰρ
1675 579 1766 619 οὕτω
1794 579 1880 630 πρὸς
1902 579 1948 618 τὰ
1967 582 2027 617 τοῦ
2048 578 2183 629 κόσμου
2203 577 2400 629 πράγματα

1375 641 1607 692 ἐπτοημένος,
1628 641 1688 680 καὶ
1720 640 1779 678 τὸν
1807 639 1964 693 παρόντα
1999 640 2073 691 βίον
2107 638 2320 689 θαυμάζων,
2353 639 2402 680 ὡς

1376 703 1436 740 καὶ
1457 703 1546 753 μετὰ
1574 702 1638 749 τὴν
1672 700 1846 749 τοσαύτην
1865 701 2071 754 παραίνεσιν
2105 698 2275 751 αἰσχύνης
2305 696 2401 742 ἄξιον

1376 758 1463 802 εἶναι
1496 763 1673 814 νομίζειν,
1702 763 1721 801 ὃ
1751 764 1820 800 τῶν
1841 763 1996 814 ὠρανῶν
2029 760 2125 805 ἄξιόν
2144 762 2218 799 ἐστι
2249 759 2312 798 καὶ
2336 760 2400 806 τῆς

1376 827 1564 875 ἀγγελικῆς
1593 823 1770 866 πολιτείας
1791 822 2001 874 ἐγγὺς,πῶς
2037 822 2078 860 ἂν
2110 821 2280 873 ἠνέσχετο
2312 836 2399 871 συμ-

1375 885 1503 932 Εουλῆς
1514 888 1562 930 εἷς
1583 889 1684 923 τοῦτο
1700 883 1889 935 ἐναγούσης
1907 884 2011 922 αὐτόν
2025 899 2035 933 ;
2054 883 2124 932 Καὶ
2137 882 2172 920 τί
2187 881 2401 933 θαυμαστὸν,

1375 947 1404 985 εἰ
1425 947 1481 986 ἐπὶ
1500 947 1706 999 πράγματος
1734 945 2052 997 συγκεχωρημένου
2077 949 2178 984 τοῦτο
2208 947 2227 983 ὁ
2259 944 2402 988 Παῦλος

1374 1007 1558 1056 ἐποίησεν,
1581 1007 1668 1046 ὅπου
1690 1022 1729 1057 γε
1748 1007 1807 1044 ἐπὶ
1839 1006 2084 1057 κεκωλυμένου
2104 1005 2164 1044 καὶ
2191 1003 2401 1059 παρανόμου

1373 1069 1414 1108 τὸ
1434 1070 1518 1109 αὐτὸ
1535 1070 1642 1108 πάλιν
1662 1074 1774 1116 ποιεῖ;
1797 1063 1883 1106 Οἶόν
1902 1085 1936 1107 τι
1954 1069 2063 1120 λέγω·
2082 1068 2124 1107 τὸ
2142 1071 2205 1115 τῆς
2221 1069 2292 1105 τῶν
2307 1069 2400 1118 βρω-

1375 1131 1497 1180 μάτων
1517 1130 1794 1182 παρατηρήσεως
1809 1129 1974 1181 ἔχεσθαι,
1990 1129 2050 1168 καὶ
2076 1133 2177 1168 τοῦτο
2197 1127 2259 1179 μὲν
2279 1127 2401 1182 ἐγκρί-

1372 1206 1441 1229 νειν
1455 1220 1464 1237 ,
1492 1192 1603 1229 ἐκεῖνο
1629 1190 1664 1229 δὲ
1694 1191 1876 1229 ἐκὸάλλειν
1888 1221 1899 1238 ,
1914 1190 2108 1236 Ἰουδαϊκῆς
2133 1189 2311 1232 ἀσθενείας
2329 1183 2373 1236 ἦν
2389 1202 2397 1211 ·

1373 1252 1453 1289 ἀλλ’
1471 1252 1568 1301 ὅμως
1587 1246 1678 1298 ἦσαν
1712 1251 1810 1303 παρὰ
1832 1250 2026 1301 Ῥωμαίοις
2050 1254 2082 1289 οἱ
2106 1250 2237 1297 ταύτην
2263 1250 2402 1302 ἔχοντες

1371 1312 1435 1359 τὴν
1468 1313 1650 1351 ἀσθένειαν
1666 1328 1674 1336 ·
1698 1312 1757 1350 καὶ
1777 1314 1816 1351 οὗ
1843 1312 1947 1362 μόνον
1977 1312 2093 1349 αὐτῶν
2120 1312 2159 1350 οὗ
2179 1311 2402 1363 κατηγόρησε

1372 1373 1462 1424 μετὰ
1486 1373 1743 1425 σφοδρότητος,
1764 1374 1855 1411 ἀλλὰ
1875 1372 1934 1411 καὶ
1961 1372 2079 1424 ἕτερόν
2100 1388 2135 1411 τι
2154 1372 2260 1412 πλέον
2277 1369 2401 1411 τούτου

1371 1440 1477 1473 ποιεῖ.
1495 1433 1587 1478 Τοὺς
1605 1434 1674 1487 γὰρ
1707 1433 1974 1485 ἁμαρτάνοντας
1990 1433 2088 1486 ἀφεὶς
2112 1439 2183 1477 τοῖς
2203 1434 2401 1486 ἐπιχειροῦ-

1371 1511 1406 1534 σι
1437 1494 1585 1533 κωλύειν
1617 1494 1740 1538 αὐτοὺς
1760 1496 1908 1547 ἐπιτιμᾷ
1922 1525 1934 1543 ,
1959 1494 2072 1546 λέγων
2088 1508 2098 1518 ·
2118 1493 2170 1534 Σὺ
2196 1493 2233 1532 δὲ
2254 1494 2288 1532 τί
2318 1493 2400 1545 κρί-

1369 1570 1438 1599 νεις
1455 1555 1512 1594 τὸν
1546 1555 1692 1607 ἀδελφόν
1724 1570 1784 1594 σου
1802 1571 1812 1602 ;
1829 1554 1922 1593 Ἀλλ’
1941 1557 2024 1608 οὐχ,
2048 1555 2105 1594 ὅτε
2140 1555 2398 1594 Κολοσσαεῦσιν

1370 1616 1573 1665 ἐπέστειλε,
1589 1620 1692 1654 τοῦτο
1713 1614 1896 1663 ἐποίησεν,
1920 1615 2011 1654 ἀλλὰ
2033 1615 2123 1665 μετὰ
2149 1616 2283 1661 πολλῆς
2297 1613 2397 1659 ἐξου-

1369 1675 1446 1720 σίας
1469 1676 1529 1715 καὶ
1562 1676 1779 1715 καθάπτεται
1805 1678 1941 1723 αὐτῶν,
1970 1677 2028 1715 καὶ
2051 1678 2253 1729 φιλοσοφεῖ,
2272 1675 2398 1728 λέγων’

1369 1737 1431 1785 Μὴ
1451 1731 1509 1776 οὗν
1527 1754 1579 1781 τις
1595 1739 1685 1788 ὑμᾶς
1713 1737 1864 1791 κρινέτω
1883 1740 1917 1776 ἐν
1951 1737 2119 1790 βρώσειῆ
2141 1740 2175 1776 ἐν
2194 1738 2316 1776 πόσει·
2334 1736 2395 1776 καὶ

1366 1799 1494 1838 πάλιν·
1517 1800 1560 1838 Ei
1581 1799 1770 1838 ἀπεθάνετε
1794 1801 1829 1838 ἐν
1853 1800 1996 1852 Χριστῷ
2019 1799 2089 1838 ἀπὸ
2111 1802 2182 1848 τῶν
2207 1798 2392 1851 στοιχείων

1366 1862 1426 1899 τοῦ
1445 1860 1596 1912 κόσμου,
1624 1861 1659 1898 τί
1684 1863 1731 1903 ὡς
1750 1863 1875 1906 ζῶντες
1904 1863 1940 1899 ἐν
1967 1860 2090 1913 κόσμῳ
2120 1859 2392 1912 ὃογματίζεσθε;

1364 1922 1428 1969 Μὴ
1450 1922 1540 1975 ἅψῃ,
1562 1921 1652 1973 μηδὲ
1672 1922 1797 1973 γεύσῃ,
1817 1921 1905 1973 μηδὲ
1933 1921 2045 1974 θίγῃς,
2062 1922 2083 1959 ἅ
2104 1922 2179 1960 ἐστι
2198 1921 2316 1960 πάντα
2345 1923 2393 1964 εἰς

1365 1984 1496 2036 φθορὰν
1523 1985 1567 2035 τῇ
1596 1983 1805 2036 ἀποχρήσει.
1824 1983 1872 2022 Τί
1905 1983 2035 2030 δήποτε
2066 1977 2124 2020 οὖν
2145 1985 2248 2021 τοῦτο
2277 1987 2392 2034 ποιεῖς

1364 2043 1451 2084 ’Ότι
1481 2046 1607 2083 ἐκεῖνοι
1634 2045 1698 2095 μὲν
1717 2039 1806 2091 ἦσαν
1827 2044 1964 2097 ἰσχυροὶ
1978 2075 1987 2093 ,
2009 2043 2185 2095 Ῥωμαῖοι
2205 2042 2241 2082 δὲ
2259 2045 2394 2091 πολλῆς

1365 2106 1417 2144 ἔτι
1435 2108 1497 2152 τῆς
1516 2105 1813 2158 συγκαταὸάσεως
1831 2106 1966 2145 ἐδέοντο
1978 2136 1987 2153 ,
2004 2105 2063 2144 καὶ
2092 2105 2278 2157 περιέμενε
2303 2104 2394 2158 πρό·

1365 2182 1464 2219 τερον
1492 2166 1556 2213 τὴν
1589 2166 1707 2204 πίστιν
1735 2167 1770 2204 ἐν
1798 2172 1875 2210 ταῖς
1901 2167 2043 2205 ἐκείνων
2066 2169 2221 2218 παγῆναι
2250 2168 2393 2219 ψυχαῖς,

1367 2227 1530 2270 δεδοικὼς
1552 2227 1602 2277 μὴ
1630 2227 1698 2279 πρὸ
1720 2231 1843 2279 καιροῦ
1862 2231 1922 2265 τοῦ
1951 2226 2085 2271 δέοντος
2111 2230 2234 2266 θᾶττον
2263 2227 2322 2266 ἐπὶ
2353 2227 2394 2265 τὸ

1365 2288 1408 2327 τὰ
1443 2288 1577 2332 ζιζάνια
1596 2287 1797 2327 ἀνασπάσαι
1823 2287 1932 2326 ἐλθὼν
1947 2317 1956 2334 ,
1976 2288 2147 2341 πρόρριζα
2181 2287 2260 2338 μετ’
2279 2288 2393 2327 αὗτῶν

1366 2349 1619 2401 συνανασπιίοτ(Ι
1647 2349 1707 2388 καὶ
1728 2348 1773 2388 τὰ
1791 2352 1854 2396 τῆς
1886 2351 2000 2400 ὑγιοῦς
2032 2349 2258 2393 διδασκαλίας
2286 2348 2390 2402 φυτά.

1367 2411 1434 2450 Διὰ
1465 2413 1567 2450 τοῦτο
1599 2410 1676 2450 οὔτε
1703 2414 1920 2449 καθικνεῖται
1954 2412 2069 2450 αὐτῶν
2105 2411 2281 2463 σφοδρῶς,
2314 2411 2394 2450 οὔτε

1333 2472 1640 2522 κάνεπιτιμήτους
1659 2471 1821 2524 ἀφίησιν,
1849 2471 1939 2510 ἀλλὰ
1966 2470 2183 2510 καθάπτεται
2204 2470 2268 2523 μὲν
2282 2500 2293 2518 ,
2313 2472 2395 2511 dw-

1367 2533 1512 2575 πόπτως
1533 2533 1568 2571 δὲ
1585 2532 1643 2571 καὶ
1658 2531 1899 2576 λανθανόντως
1912 2561 1923 2580 ,
1940 2532 2000 2570 καὶ
2034 2533 2068 2570 ἐν
2100 2534 2144 2584 τῇ
2163 2533 2234 2570 τῶν
2263 2531 2392 2585 ἱτίρων

1366 2594 1585 2642 ἐπιτιμήσει.
1621 2593 1685 2645 Τῷ
1715 2591 1784 2643 γὰρ
1813 2592 2027 2645 λέγειν,Τῷ
2059 2591 2136 2644 ἰδίῳ
2162 2591 2271 2645 κυρίῳ
2303 2592 2393 2639 ‹mi-

1369 2670 1422 2692 κει
1441 2653 1464 2700 ἢ
1481 2653 1625 2699 πίπτει,
1646 2653 1740 2691 δοκεῖ
1759 2651 1822 2703 μὲν
1853 2653 2089 2703 ἐπιστομίζειν
2121 2651 2179 2691 τὸν
2211 2653 2391 2701 ἕπιπλήτ-

1369 2729 1473 2752 τοντα
1494 2713 1634 2764 ἐκείνῳ,
1654 2713 1694 2751 τὸ
1723 2711 1758 2750 δὲ
1791 2712 1916 2758 ἀληθὲς
1941 2713 2004 2759 τὴν
2027 2713 2148 2752 τούτου
2179 2713 2297 2753 δάκνει
2326 2716 2394 2766 ψυ-

1369 2775 1456 2827 χὴν,
1479 2773 1658 2826 ἐμφαίνων
1679 2772 1732 2810 ὅτι
1749 2772 1788 2811 τὸ
1805 2772 1850 2811 τὰ
1873 2776 2018 2812 τοιαῦτα
2049 2776 2223 2827 αἱρεῖσθαι
2253 2777 2292 2814 οὗ
2322 2776 2392 2814 τῶν

1373 2835 1523 2886 βεὸαίων
1553 2833 1629 2873 οὐδὲ
1650 2835 1718 2872 τῶν
1747 2834 1882 2885 παγίως
1901 2834 2061 2873 ἑστώτων
2076 2835 2170 2874 ἐστὶν
2184 2865 2194 2883 ,
2215 2834 2306 2874 ἀλλὰ
2323 2838 2392 2874 τῶν

1371 2895 1424 2934 ἔτι
1461 2894 1722 2945 σαλευομένων,
1755 2896 1824 2932 τῶν
1858 2897 1886 2932 εἰ
1921 2895 1970 2946 μὴ
2012 2902 2129 2934 σταῖιν
2170 2896 2231 2935 καὶ
2273 2900 2393 2935 πεσεῖν

1371 2956 1649 2995 κινδυνευόντων.
1693 2956 1766 2994 Τὸν
1804 2956 1905 2993 αὐτὸν
1942 2956 1984 3003 δὴ
2021 2958 2198 2996 κάνταῦθα
2231 2957 2396 3010 φυλάττει

1370 3019 1489 3069 νόμον,
1502 3017 1559 3055 διὰ
1579 3016 1642 3063 τὴν
1660 3015 1794 3062 πολλὴν
1807 3015 1986 3055 ἀσθένειαν
2000 3020 2069 3055 τῶν
2086 3017 2394 3070 ἕπαισχυνομίνων

1371 3083 1421 3132 τῷ
1443 3078 1636 3131 πράγματι.
1656 3078 1710 3117 Οὔ
1738 3077 1807 3128 γὰρ
1845 3080 2000 3131 φανερῶς
2018 3079 2102 3131 πρὸς
2123 3079 2226 3117 αὑτὸν
2246 3079 2392 3118 ἀποτεί-

1370 3157 1490 3186 νεται,
1520 3139 1599 3178 ἀλλ’
1620 3141 1653 3178 ἔν
1679 3145 1750 3182 τοῖς
1779 3138 1931 3182 δπαίνοις
1965 3143 2025 3176 τοῦ
2045 3139 2107 3185 τὴν
2136 3142 2241 3178 αὑτοῦ
2268 3140 2392 3187 διατη-

1372 3205 1509 3254 ροῦντος
1526 3199 1696 3252 παρθίνον
1716 3199 1856 3237 δίδωσιν
1874 3201 1966 3251 αὐτῷ
1983 3198 2133 3252 σφοδρὰν
2152 3199 2215 3246 τὴν
2241 3200 2391 3252 πληγήν.

1369 3262 1418 3301 Τι’
1432 3263 1500 3313 γάρ
1536 3276 1660 3312 φησινς
1680 3261 1748 3304 “()ς
1768 3260 1803 3298 δὲ
1824 3260 1968 3306 ἔστηκεν
1992 3261 2126 3311 ἑδραῖος
2144 3261 2180 3297 ἰν
2201 3261 2244 3310 τῇ
2265 3261 2393 3315 καρδία

1371 3326 1487 3362 αὐτοῦ.
1513 3324 1626 3361 Τοῦτο
1641 3324 1675 3361 δὲ
1694 3322 1779 3375 πρὸς
1810 3321 2075 3367 ἂντιδιαστολὴν
2097 3321 2231 3373 εἴρηται
2250 3324 2310 3359 τοῦ
2333 3323 2393 3361 εὖ·

1371 3385 1481 3427 κόλως
1519 3383 1578 3422 καὶ
1617 3384 1766 3435 εὐχερῶς
1807 3382 2096 3434 περιφερομένου,
2136 3382 2194 3419 καὶ
2228 3381 2390 3420 οὺδίποτε

1374 3445 1499 3493 βέῧαια
1522 3445 1673 3494 βαδίζειν
1700 3443 1846 3488 εἰδότος,
1865 3443 1940 3481 οὐδὲ
1974 3442 2114 3481 ἱστάναι
2149 3442 2237 3492 μετᾶ
2259 3442 2391 3486 πολλῆς
