2549 3825
12 3102 22 3150 ,22
15 3069 17 3077 -

1104 285 1275 315 ΜοΝιΤυ
1284 287 1313 316 n
1324 306 1334 315 .
2142 275 2234 337 7¹5

233 369 355 421 Longe
372 367 610 406 difficiliorem
631 368 736 406 aliam
756 377 876 406 movet
893 368 1121 418 quaestionem
1143 368 1410 417 Tillemontius,
1431 383 1509 420 quae
1525 383 1624 407 suam
1642 370 1776 422 pariter
1792 380 1825 409 et
1841 380 1998 409 nostram
2019 373 2230 411 sententiam

179 429 336 481 impetat,
362 443 511 480 quaeque
528 428 735 481 hujusmodi
762 438 825 467 est.
847 429 964 481 Hujus
981 429 1140 466 homiliae
1161 429 1287 467 titulus
1305 439 1369 477 est,
1392 431 1454 474 Εἰς
1471 430 1551 473 τοὺς
1567 432 1611 469 τὰ
1633 434 1757 483 πρῶτα
1776 432 1901 484 ποία-[θα
1919 433 2164 480 νηστεύοντας,
2181 436 2231 471 In

178 503 242 527 eos
261 493 462 541 quiprimo
474 491 839 542 Pasclzajejunant.
855 491 961 536 Quod
982 500 1099 528 autem
1115 490 1182 527 hoc
1199 490 1277 541 ipso
1292 505 1384 528 anno
1398 492 1439 538 ii,
1453 492 1512 542 qui
1528 493 1737 531 Judaeorum
1754 492 1930 530 calculum
1948 494 1983 531 in
1998 494 2170 531 Paschate
2182 509 2231 532 se-

178 551 393 600 quebantur,
411 551 446 589 in
466 551 544 603 ipso
564 552 735 589 Paschate
751 551 944 603 jejunaturi
962 560 1089 599 essent,
1104 551 1154 589 sic
1172 551 1328 589 declarat
1344 551 1620 603 Chrysostomus
1637 567 1734 590 num.
1755 555 1776 590 5
1800 570 1810 591 ε
1833 556 1936 592 Ecce
1957 568 2124 606 namque
2143 558 2228 605 pri-

179 625 263 649 mus
289 613 371 649 dies
398 612 644 661 Azymorum
666 613 737 650 hoc
767 626 872 649 anno
893 615 934 649 in
954 615 1198 650 Dominicam
1230 611 1332 648 diem
1359 613 1514 659 incidit,
1543 621 1579 650 et
1607 620 1764 650 omnino
1793 628 1944 652 necesse
1975 625 2043 664 est,
2074 625 2115 654 ut
2147 624 2229 653 tota

179 673 422 709 hebdomada
437 675 674 725 jejunemus,
703 682 740 710 et
761 687 844 710 cum
868 675 1007 711 Passio
1029 675 1270 724 praeterierit,
1293 681 1329 709 et
1348 686 1445 710 crux
1469 675 1667 711 (idvenerit
1685 683 1722 710 et
1741 679 1981 723 resurrectio,
2012 691 2080 714 nos
2099 679 2229 716 adhuc

170 735 398 784 jejunantes
438 748 678 772 maneamus.
701 736 755 772 Et
777 748 1037 786 saepenumero
1062 734 1166 770 istud
1185 735 1343 781 accidit,
1365 742 1407 770 ut
1422 742 1509 784 post
1528 747 1692 779 crucem,
1707 744 1792 784 post
1807 740 2140 785 resurrectionem,
2160 739 2227 776 lie-

180 795 377 832 bdomada
398 796 568 832 nondum
589 797 987 848 absoluta,jejunium
1006 796 1260 831 observemus.
1280 793 1361 830 llaec
1381 802 1502 830 contra
1521 808 1579 831 eos
1596 794 1782 843 dicuntur,
1799 797 1861 845 qui
1877 797 2054 847 jejunium
2075 799 2228 837 Judaico

180 869 278 892 more
303 856 505 902 servabant,
531 856 664 906 quique
682 856 875 907 aliquando
896 856 930 893 in
958 856 1036 906 ipso
1063 854 1233 892 Paschate
1247 854 1475 905 jejunabant,
1505 854 1651 904 quando
1676 855 1811 892 scilicet
1838 856 2048 894 Judaeorum
2071 859 2228 897 calculus

180 915 315 953 Pascha
337 915 539 967 assignabat
559 925 639 967 post
659 916 947 954 Christianorum
967 915 1115 953 Pascha.
1137 916 1242 952 Tunc
1270 913 1364 951 enim
1388 914 1583 952 Christiani
1614 915 1667 952 illi
1700 916 1759 966 qni
1783 915 1933 955 Judaico
1954 918 2026 955 ritu
2051 918 2229 970 jejunium

179 976 385 1023 servabant,
403 976 465 1013 illo
482 976 540 1014 die
551 976 762 1027 jejunabant
784 991 855 1026 quo
876 976 990 1013 caeteri
1013 975 1208 1013 Christiani
1227 976 1362 1014 Pascha
1381 975 1613 1013 celebrarent.
1632 977 1739 1027 Atqui
1765 977 1964 1015 secundum
1982 979 2142 1017 Tabulas
2161 994 2230 1032 pa-

178 1036 315 1074 schales
341 1050 433 1074 anno
447 1036 525 1075 587
540 1036 675 1075 Pascha
689 1035 814 1074 incidit
829 1037 864 1074 in
881 1038 929 1076 95
948 1037 1098 1088 Aprilis,
1115 1050 1242 1088 nempe
1256 1050 1364 1086 quam
1380 1037 1582 1075 tardissime
1595 1046 1709 1089 potest
1725 1051 1910 1076 occurrere
1927 1055 1934 1075 :
1950 1040 2130 1090 quomodo
2145 1054 2228 1092 ergo

178 1105 340 1148 poterant
370 1097 438 1135 boc
459 1111 552 1135 anno
579 1097 810 1136 judaizantes
839 1098 892 1135 illi
923 1098 959 1135 in
984 1098 1156 1136 Paschate
1179 1099 1356 1150 jejunare,
1389 1112 1470 1135 cum
1501 1099 1636 1136 Pascha
1659 1099 1870 1137 Judaeorum
1891 1114 2086 1152 numquam
2115 1104 2229 1154 possit

180 1156 273 1194 ultra
288 1158 337 1195 25
354 1157 493 1209 Aprilis
507 1158 716 1196 occurrere?
739 1160 867 1209 Ingens
881 1172 963 1196 sane
975 1158 1190 1207 difficulta53
1206 1158 1267 1196 sed
1285 1172 1363 1208 quae
1380 1167 1498 1197 tamen
1516 1168 1629 1196 certas
1645 1160 1816 1212 temporis
1833 1170 1932 1198 notas
1953 1175 1973 1199 a
1999 1162 2101 1200 nobis
2120 1178 2227 1215 supra

179 1217 310 1268 positas
328 1227 484 1256 evertere
504 1228 666 1269 nequeat.
687 1221 779 1258 Nam
797 1229 918 1257 utrum
938 1234 1076 1271 semper
1094 1219 1305 1258 Antiocheni
1327 1220 1532 1257 invariabili
1552 1220 1629 1271 lege
1643 1220 1970 1259 Alexandrinorum
1983 1223 2075 1260 circa
2093 1224 2227 1262 Pascha

177 1279 326 1316 Domini
347 1279 527 1317 calculum
546 1280 685 1330 sequuti
715 1278 798 1326 sint,
828 1279 866 1318 id
885 1295 968 1318 sane
992 1295 1062 1318 non
1085 1295 1197 1332 usque
1215 1280 1303 1318 adeo
1324 1281 1427 1318 nobis
1448 1290 1672 1332 compertum
1691 1291 1741 1319 est
1765 1298 1773 1318 z
1798 1291 1904 1332 atque
1931 1283 2068 1321 etiamsi
2089 1298 2228 1337 semper

177 1340 316 1390 sequuti
334 1341 418 1388 sint,
441 1355 483 1378 an
502 1341 682 1378 affirmare
699 1355 886 1392 possumus
905 1355 1104 1391 numquam
1123 1355 1277 1379 errorem
1295 1343 1329 1379 in
1350 1342 1488 1380 calculo
1511 1342 1759 1380 intercidisse?
1780 1343 1882 1381 Certe
1903 1344 2057 1382 fatentur
2073 1346 2140 1383 viri
2157 1347 2228 1384 cal·

178 1400 341 1438 culorum
360 1401 583 1453 paschalium
601 1401 807 1454 peritissimi
826 1416 981 1440 errorem
1000 1403 1180 1440 interdum
1197 1404 1233 1440 in
1250 1403 1396 1440 calculis
1412 1403 1621 1455 hujusmodi
1639 1404 1858 1455 contingere,
1875 1418 1937 1442 nec
1955 1406 2078 1443 multis
2096 1407 2226 1445 abhinc

177 1461 279 1498 annis
300 1462 501 1513 contigisse,
515 1476 627 1512 neque
645 1471 762 1499 tutum
782 1477 919 1514 semper
937 1477 1011 1500 esse
1029 1472 1128 1500 notas
1146 1465 1328 1514 paschales
1347 1465 1426 1502 aliis
1445 1474 1646 1517 temporum
1664 1466 1757 1503 notis
1777 1475 2001 1518 anteponere.
2020 1468 2112 1506 Sane
2129 1478 2225 1507 tanta

177 1522 318 1560 videtur
342 1537 480 1571 eorum,
504 1538 580 1574 quae
600 1538 706 1575 supra
726 1523 902 1569 diximus,
929 1524 1092 1571 firmitas,
1120 1534 1159 1562 nt
1179 1526 1297 1577 potius
1324 1540 1369 1563 ex
1389 1526 1655 1578 computatione
1677 1536 1795 1564 nostra
1815 1536 1936 1564 contra
1958 1528 2134 1567 calculum
2156 1544 2223 1582 pa-

177 1583 333 1621 schalem
353 1584 540 1636 ejusmodi,
560 1598 665 1634 quam
683 1598 725 1622 ex
748 1584 884 1622 calculo
905 1585 1062 1636 paschali
1080 1595 1199 1623 contra
1220 1588 1520 1639 computationem
1540 1598 1695 1625 nostram
1716 1588 1831 1626 liceat.

229 1647 314 1684 Haec
330 1645 374 1682 de
392 1645 504 1682 tribus
520 1645 701 1696 prioribus
718 1654 837 1682 contra
855 1645 997 1684 Judaeos
1013 1646 1186 1685 homiliis,
1207 1649 1378 1699 Quinque
1398 1663 1480 1686 vero
1498 1659 1680 1699 sequentes
1699 1650 1761 1686 diu
1776 1660 1857 1701 post
1873 1650 2110 1689 intermissam
2127 1652 2224 1703 prio-

175 1719 248 1743 rem
269 1705 438 1744 adversus
462 1706 602 1744 eosdem
630 1707 926 1745 concertationem
951 1707 1092 1745 habitas
1119 1709 1229 1746 fuisse
1248 1709 1452 1747 subindicat
1478 1710 1553 1762 ipse
1581 1710 1858 1762 Chrysostonuis
1887 1712 1988 1749 initio
2013 1721 2148 1763 quaitae
2169 1713 2225 1752 his

174 1766 294 1805 verbis
313 1783 320 1804 :
343 1769 494 1805 Rursus
519 1768 698 1818 infelices
723 1769 784 1805 illi
805 1770 1106 1820 mortaliumque
1126 1773 1298 1808 omnium
1320 1774 1527 1809 miserrimi
1547 1772 1676 1808 Judoei
1702 1774 1921 1826 jejunaturi
1940 1783 2029 1811 sunt
2053 1790 2064 1813 .·
2092 1788 2225 1813 rursus

176 1827 323 1865 Christi
338 1843 495 1880 gregem
513 1833 735 1866 muniamus
755 1843 905 1867 necesse
925 1838 991 1867 est.
1008 1829 1079 1868 Sed
1096 1839 1215 1881 aperte
1231 1831 1389 1870 declarat
1409 1832 1555 1870 homilia
1577 1841 1674 1869 sexta
1696 1846 1791 1870 num.
1815 1836 1841 1872 o
1859 1850 1866 1872 :
1894 1836 1996 1884 Quid
2013 1844 2140 1873 autem
2168 1836 2226 1873 lo-

174 1902 271 1940 quor
298 1891 346 1928 de
371 1892 650 1942 praedonibus?
677 1891 862 1941 Profecto
881 1894 988 1929 scitis
1008 1905 1140 1929 omnes
1167 1906 1215 1930 ac
1248 1896 1420 1939 memini,
1451 1895 1610 1945 quando
1639 1895 1745 1945 apud
1763 1909 1832 1932 nos
1861 1896 2038 1934 scelerati
2063 1898 2223 1947 quidam

173 1957 210 1988 et
225 1956 526 2004 praestigiatores
546 1961 695 1990 statuas
720 1955 908 2004 principis
925 1952 1163 2002 dejecerunt,
1194 1968 1270 2005 quo
1287 1963 1402 2004 pacto
1424 1970 1501 1992 non
1521 1955 1583 1992 illi
1601 1963 1753 1993 tantum
1771 1958 2013 2010 quifacinus
2033 1960 2221 2010 calisi-sue·

173 2021 276 2060 runt,
295 2014 365 2051 sed
383 2023 567 2066 quotquot
580 2014 811 2065 simpliciter
825 2022 1030 2065 praesentes
1050 2016 1244 2064 conspecti
1259 2026 1383 2059 erant,
1405 2020 1590 2067 quoniam
1612 2017 1851 2054 videbantur·
1866 2018 1947 2055 illis
1962 2022 2156 2065 assentiri,
2180 2023 2221 2056 in

168 2074 358 2125 J'udicium
378 2077 529 2126 abrepti
547 2075 741 2126 simulque
766 2089 853 2113 cum
874 2076 954 2112 illis
974 2076 1133 2113 abducti
1151 2085 1321 2114 ertremo
1343 2078 1533 2127 supplicio
1551 2078 1627 2115 sint
1645 2079 1799 2130 affecti.
1822 2078 1887 2116 Hic
1909 2089 2143 2118 memoratam
2160 2081 2221 2119 vi-

173 2133 299 2172 demus
315 2134 414 2172 illam
431 2134 653 2186 tragoediam,
671 2150 748 2186 quae
768 2150 829 2188 per
844 2145 954 2173 totam
972 2135 1293 2187 Quadragesimam
1309 2138 1391 2175 anni
1409 2139 1486 2175 567
1504 2138 1689 2175 occasione
1704 2138 1920 2190 dejectarum
1937 2149 2135 2178 statuarum
2152 2145 2222 2180 An·

173 2194 313 2234 tiochiae
332 2196 494 2234 exhibita
516 2206 582 2239 est,
601 2197 645 2235 de
662 2211 730 2248 qna
750 2197 915 2248 pluribus
935 2197 1037 2235 initio
1061 2198 1146 2235 tomi
1167 2199 1358 2248 sequentis.
1381 2198 1463 2236 ttaec
1483 2212 1588 2249 porro
1611 2207 1708 2235 sexta
1731 2199 1878 2236 homilia
1900 2200 2019 2238 habita
2045 2202 2113 2238 fuit
2143 2203 2221 2253 ipso

169 2257 299 2310 jejunii
319 2258 524 2298 Judaeorum
545 2259 618 2307 die,
637 2269 675 2296 ut
688 2260 761 2310 ipse
775 2259 1050 2310 Chrysostomus
1068 2259 1158 2297 dicit
1175 2259 1210 2296 in
1231 2259 1301 2295 line
1317 2274 1324 2294 :
1343 2267 1470 2308 quarta
1483 2258 1606 2296 decem
1620 2258 1762 2296 circiter
1777 2259 1904 2298 diebus
1919 2270 2000 2298 ante
2012 2263 2192 2314 jejunium
2213 2279 2221 2300 ε

174 2319 299 2369 quinta
317 2320 541 2368 intermedio,
559 2330 597 2357 ut
616 2334 661 2358 ex
680 2320 844 2357 ordiendi
865 2321 970 2358 modo
988 2321 1114 2370 liquet,
1133 2331 1290 2371 tempore
1309 2336 1316 2356 ε
1336 2319 1503 2370 septima,
1524 2318 1681 2356 nondum
1701 2319 1867 2358 absoluto
1882 2321 2091 2360 „ludaeorum
2108 2325 2194 2362 sesto
2211 2339 2219 2359 :

175 2388 296 2417 octava
316 2390 393 2432 post
409 2381 585 2432 jejunium
603 2390 635 2418 et
650 2382 775 2418 festum
790 2397 799 2427 ;
817 2381 863 2418 ita
882 2390 919 2418 ut
937 2396 980 2418 ex
1000 2381 1246 2433 Clirysostomi
1266 2381 1382 2418 verbis
1402 2380 1496 2417 clare
1514 2379 1704 2429 colligatur
1720 2394 1800 2418 enm
1819 2381 1949 2426 minus,
1969 2397 2074 2432 quam
2092 2385 2220 2434 viginti

174 2440 315 2479 dierum
330 2442 460 2493 spatio,
475 2442 632 2492 quinque
646 2451 840 2494 postremas
853 2451 972 2479 contra
987 2443 1130 2481 ,ludaeos
1144 2443 1311 2480 homilias
1325 2442 1531 2479 absolvisse.
1545 2441 1618 2478 llac
1632 2441 1726 2478 dere
1740 2442 1933 2479 difficultas
1950 2444 2046 2480 nulla
2062 2445 2218 2483 suboriri

174 2511 302 2554 potest.
331 2504 463 2540 Utrum
490 2512 608 2540 autem
637 2517 728 2540 anno
748 2505 840 2548 557,
870 2502 991 2541 codem
1016 2513 1217 2541 recurrente
1245 2503 1396 2554 jejunio,
1421 2504 1524 2553 cujus
1553 2516 1656 2538 causa
1685 2510 1755 2539 tres
1777 2503 1911 2553 priores
1937 2504 2104 2542 homilias
2125 2519 2218 2544 anno

174 2564 338 2615 proximo
362 2564 546 2611 habuerat,
564 2564 627 2602 lias
647 2565 805 2615 quinque
825 2565 1010 2602 conciones
1029 2566 1234 2609 instituerit,
1255 2564 1318 2602 etsi
1340 2578 1406 2601 non
1430 2562 1575 2615 perinde
1593 2572 1727 2600 cenum
1748 2564 1925 2607 videatur„
1942 2566 2086 2603 onmino
2100 2577 2218 2606 tamen

170 2624 358 2676 probabile
382 2634 432 2662 est
451 2642 457 2663 :
479 2625 514 2662 in
536 2625 663 2663 harum
683 2626 815 2678 quippe
836 2626 1068 2663 homiliarum
1091 2626 1243 2664 decursu
1263 2635 1462 2676 martyrum
1481 2625 1668 2661 memorius
1687 2638 1871 2662 occurri-ic
1887 2625 1975 2662 dicit
1995 2637 2137 2664 saurms
2154 2629 2217 2666 do-

170 2694 258 2732 ctor,
275 2686 577 2735 quemadmodum
595 2696 627 2723 et
645 2687 678 2724 in
697 2687 878 2738 prioribus
894 2687 964 2724 illis
983 2688 1212 2725 concionibus
1229 2686 1311 2723 anni
1333 2687 1424 2730 586,
1443 2699 1531 2735 quas
1548 2699 1665 2722 mense
1681 2686 1822 2722 circiter
1836 2687 2034 2738 Septrmbri
2051 2688 2216 2728 habuisse

171 2760 209 2784 se
223 2746 446 2786 testificatur.
465 2748 689 2798 Videturquc
703 2747 980 2800 Clurysostomus
995 2749 1184 2787 judaicum
1204 2747 1383 2789 morbum.
1399 2746 1683 2784 Clu-istianorum
1699 2747 1938 2796 ‹piorunul.·nn
1955 2750 2083 2786 annuis
2097 2750 2216 2789 adhuc

169 2806 373 2855 lut-rentem,
398 2808 454 2845 cui
474 2808 647 2846 medicam
668 2823 813 2846 inanum
835 2822 927 2846 anno
948 2811 1026 2846 5⁸0
1044 2810 1262 2853 admovi-rat,
1285 2823 1376 2845 anno
1398 2808 1503 2845 ctiam
1526 2808 1721 2857 insequi-nti
1746 2809 1884 2859 penitus
1903 2823 2027 2847 cnunc
2047 2811 2216 2854 voluisse.

169 2868 358 2919 ipsumque
377 2869 534 2907 homiliae
552 2879 686 2920 quartae
706 2870 912 2918 exordium,
935 2872 1078 2909 Rursus
1095 2872 1226 2910 Juilwi
1244 2869 1460 2920 jejunaturi
1482 2877 1586 2914 sune,
1608 2868 1769 2906 ‹zunili-iu
1792 2871 1954 2920 proximi·
1973 2882 2212 2910 recurrentem

168 2929 251 2965 anni
268 2938 509 2980 tempestatem
526 2945 670 2982 prorsus
688 2931 891 2980 significate
911 2932 1067 2970 videtur.

224 2991 552 3042 luterprctationem
575 2992 736 3029 Latinum
757 2992 879 3044 primii¹
901 2993 1056 3030 bomilia·
1075 2992 1259 3030 adornavit
1285 2992 1397 3029 David
1423 2991 1658 3034 tta-schelius,
1680 2991 1842 3028 sccundu-
1870 3002 1900 3029 rt
1924 2995 2035 3031 tertia*
2055 2994 2213 3032 homilia·

170 3053 300 3090 Fronto
321 3053 489 3099 Ducti-us,
521 3052 677 3103 quinque
697 3054 932 3105 posteriorum
953 3055 1135 3102 Erasinus,
1165 3069 1253 3104 quas
1279 3054 1586 3106 interpretationes
1602 3054 1737 3103 aliquot
1757 3054 1790 3090 in
1808 3054 1892 3092 loris
1909 3055 2111 3094 cun-inlatas
2127 3072 2145 3095 c
2160 3071 2211 3095 rt*

169 3113 272 3163 gionc
288 3114 405 3152 (ii-anci
424 3123 540 3152 textus
561 3115 760 3167 posuimus.

967 3343 1381 3362 --n—-dvuvu-
