<?xml version="1.0" encoding="UTF-8"?>
<!DOCTYPE html PUBLIC "-//W3C//DTD XHTML 1.0 Transitional//EN"
    "http://www.w3.org/TR/xhtml1/DTD/xhtml1-transitional.dtd">
<html xmlns="http://www.w3.org/1999/xhtml" xml:lang="en" lang="en">
 <head>
  <title>
</title>
<meta http-equiv="Content-Type" content="text/html;charset=utf-8" />
  <meta name='ocr-system' content='tesseract 3.04.00' />
  <meta name='ocr-capabilities' content='ocr_page ocr_carea ocr_par ocr_line ocrx_word'/>
</head>
<body>
  <div class='ocr_page' id='page_1' title='image "./operaomniaquaeex01johnuoft/operaomniaquaeex01johnuoft_0255.png"; bbox 0 0 2549 3825; ppageno 0'>
   <div class='ocr_carea' id='block_1_1' title="bbox 3 0 30 2892">
    <p class='ocr_par' dir='ltr' id='par_1_1' title="bbox 3 0 30 2892">
     <span class='ocr_line' id='line_1_1' title="bbox 3 0 30 2892; baseline 0 0"><span class='ocrx_word' id='word_1_1' title='bbox 3 0 30 2892; x_wconf 95' lang='lat' dir='ltr'> </span> 
     </span>
    </p>
   </div>
   <div class='ocr_carea' id='block_1_2' title="bbox 2243 213 2260 221">
    <p class='ocr_par' dir='ltr' id='par_1_2' title="bbox 2243 213 2260 221">
     <span class='ocr_line' id='line_1_2' title="bbox 2243 213 2260 221; baseline 0 0"><span class='ocrx_word' id='word_1_2' title='bbox 2243 213 2260 221; x_wconf 70' lang='grc' dir='ltr'>σ-</span> 
     </span>
    </p>
   </div>
   <div class='ocr_carea' id='block_1_3' title="bbox 682 228 2260 262">
    <p class='ocr_par' dir='ltr' id='par_1_3' title="bbox 682 228 2260 262">
     <span class='ocr_line' id='line_1_3' title="bbox 682 228 2260 262; baseline -0.003 -1"><span class='ocrx_word' id='word_1_3' title='bbox 682 232 742 261; x_wconf 67' lang='lat' dir='ltr'>AD</span> <span class='ocrx_word' id='word_1_4' title='bbox 781 232 1019 261; x_wconf 68' lang='lat' dir='ltr'>STAGquM</span> <span class='ocrx_word' id='word_1_5' title='bbox 1059 232 1082 259; x_wconf 63' lang='lat' dir='ltr'>A</span> <span class='ocrx_word' id='word_1_6' title='bbox 1121 229 1313 258; x_wconf 51' lang='lat' dir='ltr'>Dauom—2</span> <span class='ocrx_word' id='word_1_7' title='bbox 1351 230 1587 260; x_wconf 64' lang='lat' dir='ltr'>VEXATUM.</span> <span class='ocrx_word' id='word_1_8' title='bbox 1629 233 1714 262; x_wconf 60' lang='grc' dir='ltr'>[ΑΒ.</span> <span class='ocrx_word' id='word_1_9' title='bbox 1756 233 1802 261; x_wconf 86' lang='lat'>11.</span> <span class='ocrx_word' id='word_1_10' title='bbox 2171 228 2260 259; x_wconf 61' lang='lat'>22⁵&gt;</span> 
     </span>
    </p>
   </div>
   <div class='ocr_carea' id='block_1_4' title="bbox 209 312 1237 1710">
    <p class='ocr_par' dir='ltr' id='par_1_4' title="bbox 212 312 1237 1219">
     <span class='ocr_line' id='line_1_4' title="bbox 223 312 1236 368; baseline -0.004 -14"><span class='ocrx_word' id='word_1_11' title='bbox 223 317 366 368; x_wconf 84' lang='grc' dir='ltr'>μητρὸς,</span> <span class='ocrx_word' id='word_1_12' title='bbox 385 315 487 368; x_wconf 76' lang='grc' dir='ltr'>ἑτέρα</span> <span class='ocrx_word' id='word_1_13' title='bbox 503 314 792 366; x_wconf 73' lang='grc' dir='ltr'>προσφθείρεσθαι</span> <span class='ocrx_word' id='word_1_14' title='bbox 819 312 905 365; x_wconf 82' lang='grc' dir='ltr'>κόρῃ</span> <span class='ocrx_word' id='word_1_15' title='bbox 922 343 931 359; x_wconf 86' lang='grc'>,</span> <span class='ocrx_word' id='word_1_16' title='bbox 946 314 1005 351; x_wconf 83' lang='grc' dir='ltr'>καὶ</span> <span class='ocrx_word' id='word_1_17' title='bbox 1022 314 1236 351; x_wconf 71' lang='grc' dir='ltr'>παιδοποιεῖν</span> 
     </span>
     <span class='ocr_line' id='line_1_5' title="bbox 222 373 1237 428; baseline -0.006 -12"><span class='ocrx_word' id='word_1_18' title='bbox 222 380 262 416; x_wconf 72' lang='grc' dir='ltr'>ἐκ</span> <span class='ocrx_word' id='word_1_19' title='bbox 284 376 498 428; x_wconf 86' lang='grc' dir='ltr'>παρανόμων</span> <span class='ocrx_word' id='word_1_20' title='bbox 520 374 662 426; x_wconf 76' lang='grc' dir='ltr'>γάμων;</span> <span class='ocrx_word' id='word_1_21' title='bbox 680 376 806 414; x_wconf 80' lang='grc' dir='ltr'>Ταῦτα</span> <span class='ocrx_word' id='word_1_22' title='bbox 834 373 979 417; x_wconf 82' lang='grc' dir='ltr'>πένθους</span> <span class='ocrx_word' id='word_1_23' title='bbox 999 374 1079 417; x_wconf 75' lang='grc' dir='ltr'>ἄξια</span> <span class='ocrx_word' id='word_1_24' title='bbox 1098 402 1107 420; x_wconf 90' lang='grc'>,</span> <span class='ocrx_word' id='word_1_25' title='bbox 1128 377 1237 411; x_wconf 76' lang='grc' dir='ltr'>ταῦτα</span> 
     </span>
     <span class='ocr_line' id='line_1_6' title="bbox 221 434 1236 488; baseline -0.003 -13"><span class='ocrx_word' id='word_1_26' title='bbox 221 436 394 488; x_wconf 77' lang='grc' dir='ltr'>δακρύων,</span> <span class='ocrx_word' id='word_1_27' title='bbox 415 435 459 474; x_wconf 80' lang='grc' dir='ltr'>τὰ</span> <span class='ocrx_word' id='word_1_28' title='bbox 477 435 609 488; x_wconf 74' lang='grc' dir='ltr'>φανερὰ</span> <span class='ocrx_word' id='word_1_29' title='bbox 623 435 684 474; x_wconf 81' lang='grc' dir='ltr'>καὶ</span> <span class='ocrx_word' id='word_1_30' title='bbox 703 437 753 479; x_wconf 85' lang='grc' dir='ltr'>εἷς</span> <span class='ocrx_word' id='word_1_31' title='bbox 768 435 865 477; x_wconf 81' lang='grc' dir='ltr'>τέλος</span> <span class='ocrx_word' id='word_1_32' title='bbox 884 434 1036 474; x_wconf 59' lang='lat' dir='ltr'>§affixe-:02</span> <span class='ocrx_word' id='word_1_33' title='bbox 1058 434 1151 472; x_wconf 77' lang='grc' dir='ltr'>κακά</span> <span class='ocrx_word' id='word_1_34' title='bbox 1167 449 1175 456; x_wconf 88' lang='grc'><em>·</em></span> <span class='ocrx_word' id='word_1_35' title='bbox 1194 434 1236 472; x_wconf 83' lang='grc' dir='ltr'>τὰ</span> 
     </span>
     <span class='ocr_line' id='line_1_7' title="bbox 220 494 1236 547; baseline -0.003 -13"><span class='ocrx_word' id='word_1_36' title='bbox 220 497 255 535; x_wconf 83' lang='grc' dir='ltr'>δὲ</span> <span class='ocrx_word' id='word_1_37' title='bbox 270 496 329 535; x_wconf 81' lang='grc' dir='ltr'>ἐπὶ</span> <span class='ocrx_word' id='word_1_38' title='bbox 347 497 402 536; x_wconf 81' lang='grc' dir='ltr'>σοὶ</span> <span class='ocrx_word' id='word_1_39' title='bbox 422 496 676 547; x_wconf 73' lang='grc' dir='ltr'>συμὸησόμενα</span> <span class='ocrx_word' id='word_1_40' title='bbox 697 495 781 540; x_wconf 82' lang='grc' dir='ltr'>ἴσως</span> <span class='ocrx_word' id='word_1_41' title='bbox 801 496 865 546; x_wconf 82' lang='grc' dir='ltr'>μὲν</span> <span class='ocrx_word' id='word_1_42' title='bbox 881 494 981 534; x_wconf 84' lang='grc' dir='ltr'>ἔσται</span> <span class='ocrx_word' id='word_1_43' title='bbox 1003 495 1099 533; x_wconf 77' lang='grc' dir='ltr'>δεινὰ</span> <span class='ocrx_word' id='word_1_44' title='bbox 1118 525 1126 539; x_wconf 92' lang='grc'>,</span> <span class='ocrx_word' id='word_1_45' title='bbox 1154 495 1236 536; x_wconf 84' lang='grc' dir='ltr'>ἴσως</span> 
     </span>
     <span class='ocr_line' id='line_1_8' title="bbox 217 555 1236 610; baseline -0.004 -14"><span class='ocrx_word' id='word_1_46' title='bbox 217 558 254 596; x_wconf 80' lang='grc' dir='ltr'>δὲ</span> <span class='ocrx_word' id='word_1_47' title='bbox 270 560 308 597; x_wconf 83' lang='grc' dir='ltr'>οὗ</span> <span class='ocrx_word' id='word_1_48' title='bbox 323 558 431 605; x_wconf 79' lang='grc' dir='ltr'>δεινὰ,</span> <span class='ocrx_word' id='word_1_49' title='bbox 445 560 577 603; x_wconf 80' lang='grc' dir='ltr'>πολλῆς</span> <span class='ocrx_word' id='word_1_50' title='bbox 590 557 626 597; x_wconf 81' lang='grc' dir='ltr'>δὲ</span> <span class='ocrx_word' id='word_1_51' title='bbox 639 557 782 609; x_wconf 82' lang='grc' dir='ltr'>ἀλογίας</span> <span class='ocrx_word' id='word_1_52' title='bbox 798 557 884 610; x_wconf 79' lang='grc' dir='ltr'>ὑπὲρ</span> <span class='ocrx_word' id='word_1_53' title='bbox 897 559 964 595; x_wconf 87' lang='grc' dir='ltr'>τῶν</span> <span class='ocrx_word' id='word_1_54' title='bbox 977 555 1086 599; x_wconf 73' lang='grc' dir='ltr'>οὕτως</span> <span class='ocrx_word' id='word_1_55' title='bbox 1098 556 1236 602; x_wconf 70' lang='grc' dir='ltr'>ἀδήλων</span> 
     </span>
     <span class='ocr_line' id='line_1_9' title="bbox 215 617 1235 671; baseline -0.003 -14"><span class='ocrx_word' id='word_1_56' title='bbox 215 621 379 671; x_wconf 85' lang='grc' dir='ltr'>ὡμολογη</span> <span class='ocrx_word' id='word_1_57' title='bbox 385 618 491 670; x_wconf 86' lang='grc' dir='ltr'>μένην</span> <span class='ocrx_word' id='word_1_58' title='bbox 507 619 692 669; x_wconf 81' lang='grc' dir='ltr'>ὑπομένειν</span> <span class='ocrx_word' id='word_1_59' title='bbox 703 618 770 666; x_wconf 83' lang='grc' dir='ltr'>ἤδη</span> <span class='ocrx_word' id='word_1_60' title='bbox 786 619 949 669; x_wconf 77' lang='grc' dir='ltr'>βάσανον.</span> <span class='ocrx_word' id='word_1_61' title='bbox 959 619 1090 668; x_wconf 80' lang='grc' dir='ltr'>Θῶμεν</span> <span class='ocrx_word' id='word_1_62' title='bbox 1102 617 1137 654; x_wconf 81' lang='grc' dir='ltr'>δὲ</span> <span class='ocrx_word' id='word_1_63' title='bbox 1149 617 1235 654; x_wconf 76' lang='grc' dir='ltr'>αὐτὰ</span> 
     </span>
     <span class='ocr_line' id='line_1_10' title="bbox 216 678 1233 732; baseline -0.003 -14"><span class='ocrx_word' id='word_1_64' title='bbox 216 679 276 718; x_wconf 84' lang='grc' dir='ltr'>καὶ</span> <span class='ocrx_word' id='word_1_65' title='bbox 310 680 401 730; x_wconf 82' lang='grc' dir='ltr'>μετὰ</span> <span class='ocrx_word' id='word_1_66' title='bbox 427 682 560 726; x_wconf 75' lang='grc' dir='ltr'>πολλῆς</span> <span class='ocrx_word' id='word_1_67' title='bbox 586 682 648 726; x_wconf 71' lang='grc' dir='ltr'>τῆς</span> <span class='ocrx_word' id='word_1_68' title='bbox 675 678 907 732; x_wconf 77' lang='grc' dir='ltr'>σφοδρότητος</span> <span class='ocrx_word' id='word_1_69' title='bbox 935 678 1202 725; x_wconf 77' lang='grc' dir='ltr'>ἀπαντήσεσθαι</span> <span class='ocrx_word' id='word_1_70' title='bbox 1222 707 1233 725; x_wconf 87' lang='grc'>,</span> 
     </span>
     <span class='ocr_line' id='line_1_11' title="bbox 216 739 1235 793; baseline -0.003 -15"><span class='ocrx_word' id='word_1_71' title='bbox 216 740 306 779; x_wconf 76' lang='grc' dir='ltr'>ἀλλὰ</span> <span class='ocrx_word' id='word_1_72' title='bbox 321 741 487 793; x_wconf 79' lang='grc' dir='ltr'>τάχιστον</span> <span class='ocrx_word' id='word_1_73' title='bbox 506 740 573 786; x_wconf 80' lang='grc' dir='ltr'>ἕξει</span> <span class='ocrx_word' id='word_1_74' title='bbox 586 740 696 789; x_wconf 83' lang='grc' dir='ltr'>τέλος,</span> <span class='ocrx_word' id='word_1_75' title='bbox 710 741 771 778; x_wconf 87' lang='grc' dir='ltr'>καὶ</span> <span class='ocrx_word' id='word_1_76' title='bbox 785 740 865 792; x_wconf 79' lang='grc' dir='ltr'>πρὶν</span> <span class='ocrx_word' id='word_1_77' title='bbox 879 739 901 786; x_wconf 82' lang='grc' dir='ltr'>ἢ</span> <span class='ocrx_word' id='word_1_78' title='bbox 916 741 1032 782; x_wconf 86' lang='grc' dir='ltr'>καλῶς</span> <span class='ocrx_word' id='word_1_79' title='bbox 1046 739 1235 791; x_wconf 67' lang='grc' dir='ltr'>ἓξαφῡῆναι</span> 
     </span>
     <span class='ocr_line' id='line_1_12' title="bbox 215 800 1233 854; baseline -0.002 -15"><span class='ocrx_word' id='word_1_80' title='bbox 215 801 657 854; x_wconf 76' lang='grc' dir='ltr'>σὸεσΟήσεται.Ἄνορωπος</span> <span class='ocrx_word' id='word_1_81' title='bbox 670 800 738 853; x_wconf 80' lang='grc' dir='ltr'>γὰρ</span> <span class='ocrx_word' id='word_1_82' title='bbox 746 800 896 852; x_wconf 82' lang='grc' dir='ltr'>τοσαύτῃ</span> <span class='ocrx_word' id='word_1_83' title='bbox 909 800 1092 853; x_wconf 74' lang='grc' dir='ltr'>προσέχων</span> <span class='ocrx_word' id='word_1_84' title='bbox 1108 803 1233 853; x_wconf 64' lang='grc' dir='ltr'>τρυφῇ,</span> 
     </span>
     <span class='ocr_line' id='line_1_13' title="bbox 214 861 1232 914; baseline -0.002 -14"><span class='ocrx_word' id='word_1_85' title='bbox 214 862 275 900; x_wconf 82' lang='grc' dir='ltr'>καὶ</span> <span class='ocrx_word' id='word_1_86' title='bbox 297 862 516 914; x_wconf 81' lang='grc' dir='ltr'>πραγμάτων</span> <span class='ocrx_word' id='word_1_87' title='bbox 537 862 809 913; x_wconf 82' lang='grc' dir='ltr'>ἐπιμελούμενος</span> <span class='ocrx_word' id='word_1_88' title='bbox 838 863 977 900; x_wconf 79' lang='grc' dir='ltr'>πολλῶν</span> <span class='ocrx_word' id='word_1_89' title='bbox 996 892 1006 909; x_wconf 86' lang='grc'>,</span> <span class='ocrx_word' id='word_1_90' title='bbox 1025 861 1085 900; x_wconf 80' lang='grc' dir='ltr'>καὶ</span> <span class='ocrx_word' id='word_1_91' title='bbox 1113 877 1232 914; x_wconf 87' lang='grc' dir='ltr'>παρα-</span> 
     </span>
     <span class='ocr_line' id='line_1_14' title="bbox 216 921 1234 975; baseline -0.001 -15"><span class='ocrx_word' id='word_1_92' title='bbox 216 922 330 966; x_wconf 85' lang='grc' dir='ltr'>σίτους</span> <span class='ocrx_word' id='word_1_93' title='bbox 344 922 478 975; x_wconf 70' lang='grc' dir='ltr'>τρέφων</span> <span class='ocrx_word' id='word_1_94' title='bbox 496 923 556 962; x_wconf 83' lang='grc' dir='ltr'>καὶ</span> <span class='ocrx_word' id='word_1_95' title='bbox 575 923 740 970; x_wconf 86' lang='grc' dir='ltr'>κόλακας,</span> <span class='ocrx_word' id='word_1_96' title='bbox 759 923 819 960; x_wconf 81' lang='grc' dir='ltr'>καὶ</span> <span class='ocrx_word' id='word_1_97' title='bbox 837 922 927 960; x_wconf 74' lang='grc' dir='ltr'>οὕτω</span> <span class='ocrx_word' id='word_1_98' title='bbox 940 925 1002 968; x_wconf 73' lang='grc' dir='ltr'>τῆς</span> <span class='ocrx_word' id='word_1_99' title='bbox 1020 922 1127 974; x_wconf 86' lang='grc' dir='ltr'>κόρης</span> <span class='ocrx_word' id='word_1_100' title='bbox 1146 921 1234 960; x_wconf 75' lang='grc' dir='ltr'>ἐκεί-</span> 
     </span>
     <span class='ocr_line' id='line_1_15' title="bbox 214 978 1233 1036; baseline 0 -16"><span class='ocrx_word' id='word_1_101' title='bbox 214 999 276 1028; x_wconf 91' lang='grc' dir='ltr'>νης</span> <span class='ocrx_word' id='word_1_102' title='bbox 298 983 565 1036; x_wconf 83' lang='grc' dir='ltr'>περικαιόμενος</span> <span class='ocrx_word' id='word_1_103' title='bbox 580 1013 589 1030; x_wconf 92' lang='grc'>,</span> <span class='ocrx_word' id='word_1_104' title='bbox 608 984 642 1029; x_wconf 80' lang='grc' dir='ltr'>ἐξ</span> <span class='ocrx_word' id='word_1_105' title='bbox 663 978 742 1030; x_wconf 66' lang='grc' dir='ltr'>ἧς’</span> <span class='ocrx_word' id='word_1_106' title='bbox 724 1000 797 1036; x_wconf 74' lang='grc' dir='ltr'>εχει</span> <span class='ocrx_word' id='word_1_107' title='bbox 811 983 891 1027; x_wconf 93' lang='grc' dir='ltr'>τους</span> <span class='ocrx_word' id='word_1_108' title='bbox 912 982 946 1028; x_wconf 80' lang='grc' dir='ltr'>ἐξ</span> <span class='ocrx_word' id='word_1_109' title='bbox 965 983 1163 1034; x_wconf 54' lang='grc' dir='ltr'>ἡμισείας(</span> <span class='ocrx_word' id='word_1_110' title='bbox 1151 989 1233 1033; x_wconf 86' lang='grc' dir='ltr'>υμῖν</span> 
     </span>
     <span class='ocr_line' id='line_1_16' title="bbox 215 1044 1232 1097; baseline -0.001 -15"><span class='ocrx_word' id='word_1_111' title='bbox 215 1044 399 1096; x_wconf 72' lang='grc' dir='ltr'>ἀδελφους,</span> <span class='ocrx_word' id='word_1_112' title='bbox 421 1044 484 1084; x_wconf 78' lang='grc' dir='ltr'>κᾶν</span> <span class='ocrx_word' id='word_1_113' title='bbox 513 1045 606 1096; x_wconf 62' lang='grc' dir='ltr'>λάὸῃ</span> <span class='ocrx_word' id='word_1_114' title='bbox 639 1048 709 1083; x_wconf 88' lang='grc' dir='ltr'>τῶν</span> <span class='ocrx_word' id='word_1_115' title='bbox 737 1047 807 1082; x_wconf 91' lang='grc' dir='ltr'>σῶν</span> <span class='ocrx_word' id='word_1_116' title='bbox 843 1044 1002 1091; x_wconf 80' lang='grc' dir='ltr'>αἴσθησιν</span> <span class='ocrx_word' id='word_1_117' title='bbox 1021 1074 1031 1090; x_wconf 86' lang='grc'>,</span> <span class='ocrx_word' id='word_1_118' title='bbox 1063 1046 1232 1097; x_wconf 77' lang='grc' dir='ltr'>βραχεῖαν</span> 
     </span>
     <span class='ocr_line' id='line_1_17' title="bbox 212 1105 1231 1158; baseline -0.001 -15"><span class='ocrx_word' id='word_1_119' title='bbox 212 1105 363 1157; x_wconf 79' lang='grc' dir='ltr'>λήψεται</span> <span class='ocrx_word' id='word_1_120' title='bbox 393 1107 454 1144; x_wconf 82' lang='grc' dir='ltr'>καὶ</span> <span class='ocrx_word' id='word_1_121' title='bbox 472 1107 605 1149; x_wconf 80' lang='grc' dir='ltr'>οὖδενὸς</span> <span class='ocrx_word' id='word_1_122' title='bbox 626 1106 736 1151; x_wconf 81' lang='grc' dir='ltr'>ἀξίαν.</span> <span class='ocrx_word' id='word_1_123' title='bbox 763 1106 834 1144; x_wconf 85' lang='grc' dir='ltr'>Καὶ</span> <span class='ocrx_word' id='word_1_124' title='bbox 857 1122 960 1145; x_wconf 85' lang='grc' dir='ltr'>τουτο</span> <span class='ocrx_word' id='word_1_125' title='bbox 984 1107 1048 1158; x_wconf 77' lang='grc' dir='ltr'>οὐχ</span> <span class='ocrx_word' id='word_1_126' title='bbox 1068 1109 1118 1147; x_wconf 77' lang='grc' dir='ltr'>οἷς</span> <span class='ocrx_word' id='word_1_127' title='bbox 1136 1110 1231 1144; x_wconf 88' lang='grc' dir='ltr'>εἰπον</span> 
     </span>
     <span class='ocr_line' id='line_1_18' title="bbox 215 1167 1231 1219; baseline 0.001 -15"><span class='ocrx_word' id='word_1_128' title='bbox 215 1167 337 1217; x_wconf 90' lang='grc' dir='ltr'>μόνον,</span> <span class='ocrx_word' id='word_1_129' title='bbox 355 1168 446 1208; x_wconf 82' lang='grc' dir='ltr'>ἀλλὰ</span> <span class='ocrx_word' id='word_1_130' title='bbox 461 1168 523 1206; x_wconf 81' lang='grc' dir='ltr'>καὶ</span> <span class='ocrx_word' id='word_1_131' title='bbox 544 1175 616 1212; x_wconf 86' lang='grc' dir='ltr'>τοῖς</span> <span class='ocrx_word' id='word_1_132' title='bbox 638 1167 706 1214; x_wconf 79' lang='grc' dir='ltr'>ἤδη</span> <span class='ocrx_word' id='word_1_133' title='bbox 723 1167 966 1219; x_wconf 82' lang='grc' dir='ltr'>γεγενημένοις</span> <span class='ocrx_word' id='word_1_134' title='bbox 991 1168 1231 1219; x_wconf 71' lang='grc' dir='ltr'>στοχάζομαι·</span> 
     </span>
    </p>

    <p class='ocr_par' dir='ltr' id='par_1_5' title="bbox 209 1221 1232 1710">
     <span class='ocr_line' id='line_1_19' title="bbox 212 1221 1232 1281; baseline 0 -15"><span class='ocrx_word' id='word_1_135' title='bbox 212 1221 312 1267; x_wconf 69' lang='grc' dir='ltr'>οἶσθα</span> <span class='ocrx_word' id='word_1_136' title='bbox 331 1229 413 1281; x_wconf 80' lang='grc' dir='ltr'>γὰρ,</span> <span class='ocrx_word' id='word_1_137' title='bbox 433 1223 532 1268; x_wconf 70' lang='grc' dir='ltr'>οἶσθα</span> <span class='ocrx_word' id='word_1_138' title='bbox 552 1230 683 1281; x_wconf 68' lang='grc' dir='ltr'>σαφῶς,</span> <span class='ocrx_word' id='word_1_139' title='bbox 704 1228 757 1267; x_wconf 77' lang='grc' dir='ltr'>ὅτι</span> <span class='ocrx_word' id='word_1_140' title='bbox 779 1229 911 1280; x_wconf 67' lang='grc' dir='ltr'>σφόδρα</span> <span class='ocrx_word' id='word_1_141' title='bbox 934 1244 973 1266; x_wconf 90' lang='grc' dir='ltr'>σε</span> <span class='ocrx_word' id='word_1_142' title='bbox 990 1229 1082 1281; x_wconf 59' lang='grc' dir='ltr'>εἰπρὸ</span> <span class='ocrx_word' id='word_1_143' title='bbox 1101 1229 1232 1266; x_wconf 86' lang='grc' dir='ltr'>τούτων</span> 
     </span>
     <span class='ocr_line' id='line_1_20' title="bbox 212 1289 1231 1342; baseline 0 -15"><span class='ocrx_word' id='word_1_144' title='bbox 212 1291 335 1341; x_wconf 78' lang='grc' dir='ltr'>φιλῶν,</span> <span class='ocrx_word' id='word_1_145' title='bbox 350 1290 410 1328; x_wconf 84' lang='grc' dir='ltr'>καὶ</span> <span class='ocrx_word' id='word_1_146' title='bbox 427 1290 545 1329; x_wconf 80' lang='grc' dir='ltr'>πάντα</span> <span class='ocrx_word' id='word_1_147' title='bbox 560 1289 623 1337; x_wconf 76' lang='grc' dir='ltr'>τὴν</span> <span class='ocrx_word' id='word_1_148' title='bbox 645 1289 710 1337; x_wconf 83' lang='grc' dir='ltr'>σὴν</span> <span class='ocrx_word' id='word_1_149' title='bbox 729 1289 917 1341; x_wconf 78' lang='grc' dir='ltr'>ἡγούμενος</span> <span class='ocrx_word' id='word_1_150' title='bbox 932 1289 1099 1342; x_wconf 59' lang='grc' dir='ltr'>κεφαλὴν,</span> <span class='ocrx_word' id='word_1_151' title='bbox 1112 1291 1231 1337; x_wconf 73' lang='grc' dir='ltr'>ἐπειδὴ</span> 
     </span>
     <span class='ocr_line' id='line_1_21' title="bbox 211 1349 1230 1403; baseline 0.001 -16"><span class='ocrx_word' id='word_1_152' title='bbox 211 1351 297 1402; x_wconf 83' lang='grc' dir='ltr'>πρὸς</span> <span class='ocrx_word' id='word_1_153' title='bbox 315 1351 374 1389; x_wconf 82' lang='grc' dir='ltr'>τὸν</span> <span class='ocrx_word' id='word_1_154' title='bbox 400 1353 468 1389; x_wconf 86' lang='grc' dir='ltr'>τῶν</span> <span class='ocrx_word' id='word_1_155' title='bbox 484 1353 648 1403; x_wconf 82' lang='grc' dir='ltr'>μοναχῶν</span> <span class='ocrx_word' id='word_1_156' title='bbox 664 1349 936 1401; x_wconf 67' lang='grc' dir='ltr'>μετέστηςβίον,</span> <span class='ocrx_word' id='word_1_157' title='bbox 950 1349 1066 1388; x_wconf 82' lang='grc' dir='ltr'>πάντα</span> <span class='ocrx_word' id='word_1_158' title='bbox 1086 1350 1144 1389; x_wconf 85' lang='grc' dir='ltr'>τὸν</span> <span class='ocrx_word' id='word_1_159' title='bbox 1163 1351 1230 1388; x_wconf 82' lang='grc' dir='ltr'>πό-</span> 
     </span>
     <span class='ocr_line' id='line_1_22' title="bbox 211 1411 1231 1464; baseline -0.001 -14"><span class='ocrx_word' id='word_1_160' title='bbox 211 1415 268 1450; x_wconf 85' lang='grc' dir='ltr'>θον</span> <span class='ocrx_word' id='word_1_161' title='bbox 286 1413 414 1450; x_wconf 79' lang='grc' dir='ltr'>ἐκεῖνον</span> <span class='ocrx_word' id='word_1_162' title='bbox 434 1411 569 1460; x_wconf 71' lang='grc' dir='ltr'>ἔσὸεσε,</span> <span class='ocrx_word' id='word_1_163' title='bbox 585 1411 645 1450; x_wconf 81' lang='grc' dir='ltr'>καὶ</span> <span class='ocrx_word' id='word_1_164' title='bbox 663 1411 704 1449; x_wconf 84' lang='grc' dir='ltr'>τὸ</span> <span class='ocrx_word' id='word_1_165' title='bbox 721 1418 870 1464; x_wconf 80' lang='grc' dir='ltr'>πρᾶγμα</span> <span class='ocrx_word' id='word_1_166' title='bbox 889 1412 1033 1464; x_wconf 75' lang='grc' dir='ltr'>αἰσχρὸν</span> <span class='ocrx_word' id='word_1_167' title='bbox 1059 1412 1231 1462; x_wconf 75' lang='grc' dir='ltr'>ἡγήσατο,</span> 
     </span>
     <span class='ocr_line' id='line_1_23' title="bbox 210 1472 1231 1525; baseline -0.001 -14"><span class='ocrx_word' id='word_1_168' title='bbox 210 1473 270 1511; x_wconf 85' lang='grc' dir='ltr'>καὶ</span> <span class='ocrx_word' id='word_1_169' title='bbox 291 1475 354 1519; x_wconf 76' lang='grc' dir='ltr'>τῆς</span> <span class='ocrx_word' id='word_1_170' title='bbox 374 1476 443 1511; x_wconf 88' lang='grc' dir='ltr'>τῶν</span> <span class='ocrx_word' id='word_1_171' title='bbox 462 1473 641 1525; x_wconf 86' lang='grc' dir='ltr'>προγόνων</span> <span class='ocrx_word' id='word_1_172' title='bbox 659 1472 907 1525; x_wconf 85' lang='grc' dir='ltr'>λαμπρότητος</span> <span class='ocrx_word' id='word_1_173' title='bbox 921 1472 1070 1520; x_wconf 76' lang='grc' dir='ltr'>ἀνάξιον,</span> <span class='ocrx_word' id='word_1_174' title='bbox 1088 1474 1149 1511; x_wconf 87' lang='grc' dir='ltr'>καὶ</span> <span class='ocrx_word' id='word_1_175' title='bbox 1168 1474 1231 1520; x_wconf 74' lang='grc' dir='ltr'>τὴν</span> 
     </span>
     <span class='ocr_line' id='line_1_24' title="bbox 211 1534 1231 1587; baseline 0.001 -15"><span class='ocrx_word' id='word_1_176' title='bbox 211 1537 315 1574; x_wconf 76' lang='grc' dir='ltr'>αὐτοῦ</span> <span class='ocrx_word' id='word_1_177' title='bbox 335 1535 436 1580; x_wconf 83' lang='grc' dir='ltr'>δόξαν</span> <span class='ocrx_word' id='word_1_178' title='bbox 456 1534 704 1587; x_wconf 83' lang='grc' dir='ltr'>καταισχύνειν</span> <span class='ocrx_word' id='word_1_179' title='bbox 725 1551 764 1573; x_wconf 89' lang='grc' dir='ltr'>σε</span> <span class='ocrx_word' id='word_1_180' title='bbox 787 1535 884 1587; x_wconf 82' lang='grc' dir='ltr'>ἔλεγε</span> <span class='ocrx_word' id='word_1_181' title='bbox 903 1551 911 1559; x_wconf 92' lang='grc'><em>·</em></span> <span class='ocrx_word' id='word_1_182' title='bbox 926 1536 986 1573; x_wconf 82' lang='grc' dir='ltr'>καὶ</span> <span class='ocrx_word' id='word_1_183' title='bbox 1005 1537 1036 1573; x_wconf 84' lang='grc' dir='ltr'>εἰ</span> <span class='ocrx_word' id='word_1_184' title='bbox 1056 1535 1104 1586; x_wconf 82' lang='grc' dir='ltr'>μὴ</span> <span class='ocrx_word' id='word_1_185' title='bbox 1124 1540 1146 1583; x_wconf 83' lang='grc' dir='ltr'>ἡ</span> <span class='ocrx_word' id='word_1_186' title='bbox 1168 1539 1231 1582; x_wconf 66' lang='grc' dir='ltr'>τῆς</span> 
     </span>
     <span class='ocr_line' id='line_1_25' title="bbox 209 1595 789 1648; baseline 0.002 -15"><span class='ocrx_word' id='word_1_187' title='bbox 209 1595 341 1648; x_wconf 84' lang='grc' dir='ltr'>φύσεως</span> <span class='ocrx_word' id='word_1_188' title='bbox 360 1595 461 1634; x_wconf 82' lang='grc' dir='ltr'>αὐτὸν</span> <span class='ocrx_word' id='word_1_189' title='bbox 476 1601 637 1648; x_wconf 82' lang='grc' dir='ltr'>κατεῖχεν</span> <span class='ocrx_word' id='word_1_190' title='bbox 653 1596 789 1647; x_wconf 79' lang='grc' dir='ltr'>ἀνάγκη</span> 
     </span>
     <span class='ocr_line' id='line_1_26' title="bbox 209 1655 1229 1710; baseline -0.001 -16"><span class='ocrx_word' id='word_1_191' title='bbox 209 1656 255 1702; x_wconf 80' lang='grc' dir='ltr'>κή</span> <span class='ocrx_word' id='word_1_192' title='bbox 260 1656 366 1710; x_wconf 84' lang='grc' dir='ltr'>ρυξεν.</span> <span class='ocrx_word' id='word_1_193' title='bbox 368 1655 493 1703; x_wconf 68' lang='grc' dir='ltr'>εὨστε,</span> <span class='ocrx_word' id='word_1_194' title='bbox 508 1658 537 1694; x_wconf 86' lang='grc' dir='ltr'>εἰ</span> <span class='ocrx_word' id='word_1_195' title='bbox 547 1666 596 1706; x_wconf 74' lang='grc' dir='ltr'>μὴ</span> <span class='ocrx_word' id='word_1_196' title='bbox 608 1656 741 1708; x_wconf 73' lang='grc' dir='ltr'>σφόδρα</span> <span class='ocrx_word' id='word_1_197' title='bbox 756 1656 904 1704; x_wconf 83' lang='grc' dir='ltr'>ἀναίσΟη</span> <span class='ocrx_word' id='word_1_198' title='bbox 909 1671 966 1695; x_wconf 83' lang='grc' dir='ltr'>τον</span> <span class='ocrx_word' id='word_1_199' title='bbox 978 1657 1018 1695; x_wconf 79' lang='grc' dir='ltr'>τὸ</span> <span class='ocrx_word' id='word_1_200' title='bbox 1029 1656 1229 1707; x_wconf 72' lang='grc' dir='ltr'>λεγόμενον,</span> 
     </span>
    </p>
   </div>
   <div class='ocr_carea' id='block_1_5' title="bbox 802 1596 1231 1648">
    <p class='ocr_par' dir='ltr' id='par_1_6' title="bbox 802 1596 1231 1648">
     <span class='ocr_line' id='line_1_27' title="bbox 802 1596 1231 1648; baseline 0.005 -15.162"><span class='ocrx_word' id='word_1_201' title='bbox 802 1611 928 1648; x_wconf 60' lang='grc' dir='ltr'>,τάχα</span> <span class='ocrx_word' id='word_1_202' title='bbox 948 1596 987 1634; x_wconf 75' lang='grc' dir='ltr'>ἄν</span> <span class='ocrx_word' id='word_1_203' title='bbox 1008 1611 1047 1634; x_wconf 73' lang='lat' dir='ltr'>Ge</span> <span class='ocrx_word' id='word_1_204' title='bbox 1067 1597 1126 1634; x_wconf 65' lang='grc' dir='ltr'>καὶ</span> <span class='ocrx_word' id='word_1_205' title='bbox 1148 1599 1231 1635; x_wconf 73' lang='grc' dir='ltr'>ἀπε·</span> 
     </span>
    </p>
   </div>
   <div class='ocr_carea' id='block_1_6' title="bbox 207 1716 1232 1953">
    <p class='ocr_par' dir='ltr' id='par_1_7' title="bbox 207 1716 1232 1953">
     <span class='ocr_line' id='line_1_28' title="bbox 208 1716 1229 1769; baseline -0.001 -14"><span class='ocrx_word' id='word_1_206' title='bbox 208 1720 307 1767; x_wconf 86' lang='grc' dir='ltr'>οἶμαι</span> <span class='ocrx_word' id='word_1_207' title='bbox 336 1732 436 1755; x_wconf 91' lang='grc' dir='ltr'>αυτον</span> <span class='ocrx_word' id='word_1_208' title='bbox 455 1717 514 1754; x_wconf 87' lang='grc' dir='ltr'>καὶ</span> <span class='ocrx_word' id='word_1_209' title='bbox 532 1718 682 1762; x_wconf 72' lang='grc' dir='ltr'>ἡσθῆναι</span> <span class='ocrx_word' id='word_1_210' title='bbox 701 1719 751 1768; x_wconf 82' lang='grc' dir='ltr'>τῷ</span> <span class='ocrx_word' id='word_1_211' title='bbox 775 1717 954 1769; x_wconf 80' lang='grc' dir='ltr'>γεγονότι,</span> <span class='ocrx_word' id='word_1_212' title='bbox 972 1719 1019 1760; x_wconf 80' lang='grc' dir='ltr'>ὡς</span> <span class='ocrx_word' id='word_1_213' title='bbox 1039 1716 1140 1764; x_wconf 83' lang='grc' dir='ltr'>δίκην</span> <span class='ocrx_word' id='word_1_214' title='bbox 1169 1732 1229 1755; x_wconf 77' lang='grc' dir='ltr'>σου</span> 
     </span>
     <span class='ocr_line' id='line_1_29' title="bbox 207 1776 1232 1831; baseline 0.002 -17"><span class='ocrx_word' id='word_1_215' title='bbox 207 1776 420 1820; x_wconf 66' lang='grc' dir='ltr'>δεδωκότος&lt;</span> <span class='ocrx_word' id='word_1_216' title='bbox 407 1776 496 1830; x_wconf 80' lang='grc' dir='ltr'>υπὲρ</span> <span class='ocrx_word' id='word_1_217' title='bbox 509 1780 556 1815; x_wconf 83' lang='grc' dir='ltr'>ὧν</span> <span class='ocrx_word' id='word_1_218' title='bbox 576 1777 747 1821; x_wconf 84' lang='grc' dir='ltr'>πολλάκις</span> <span class='ocrx_word' id='word_1_219' title='bbox 755 1779 962 1831; x_wconf 84' lang='grc' dir='ltr'>παρακαλου</span> <span class='ocrx_word' id='word_1_220' title='bbox 966 1793 1042 1822; x_wconf 86' lang='grc' dir='ltr'>ντος</span> <span class='ocrx_word' id='word_1_221' title='bbox 1056 1794 1117 1816; x_wconf 84' lang='grc' dir='ltr'>και</span> <span class='ocrx_word' id='word_1_222' title='bbox 1138 1781 1232 1817; x_wconf 86' lang='grc' dir='ltr'>ἀπα-</span> 
     </span>
     <span class='ocr_line' id='line_1_30' title="bbox 208 1837 1225 1892; baseline 0.003 -18"><span class='ocrx_word' id='word_1_223' title='bbox 208 1842 325 1889; x_wconf 88' lang='grc' dir='ltr'>γαγεῖν</span> <span class='ocrx_word' id='word_1_224' title='bbox 360 1837 571 1890; x_wconf 85' lang='grc' dir='ltr'>βουλομένου</span> <span class='ocrx_word' id='word_1_225' title='bbox 594 1838 723 1886; x_wconf 81' lang='grc' dir='ltr'>ταύτης</span> <span class='ocrx_word' id='word_1_226' title='bbox 742 1843 802 1878; x_wconf 79' lang='grc' dir='ltr'>τοῦ</span> <span class='ocrx_word' id='word_1_227' title='bbox 828 1839 904 1890; x_wconf 83' lang='grc' dir='ltr'>βίου</span> <span class='ocrx_word' id='word_1_228' title='bbox 933 1841 996 1885; x_wconf 75' lang='grc' dir='ltr'>τῆς</span> <span class='ocrx_word' id='word_1_229' title='bbox 1016 1839 1225 1892; x_wconf 83' lang='grc' dir='ltr'>καρτερίας,</span> 
     </span>
     <span class='ocr_line' id='line_1_31' title="bbox 207 1898 1116 1953; baseline -0.001 -16"><span class='ocrx_word' id='word_1_230' title='bbox 207 1898 281 1938; x_wconf 78' lang='grc' dir='ltr'>οὐδὲ</span> <span class='ocrx_word' id='word_1_231' title='bbox 299 1898 315 1920; x_wconf 75' lang='lat'>¹³</span> <span class='ocrx_word' id='word_1_232' title='bbox 334 1898 438 1951; x_wconf 79' lang='grc' dir='ltr'>μέχρι</span> <span class='ocrx_word' id='word_1_233' title='bbox 459 1899 626 1953; x_wconf 77' lang='grc' dir='ltr'>ῥημάτων</span> <span class='ocrx_word' id='word_1_234' title='bbox 645 1900 882 1953; x_wconf 65' lang='grc' dir='ltr'>ἠνέσχουτὴν</span> <span class='ocrx_word' id='word_1_235' title='bbox 903 1901 1116 1951; x_wconf 74' lang='grc' dir='ltr'>συμίῗουλῆν.</span> 
     </span>
    </p>
   </div>
   <div class='ocr_carea' id='block_1_7' title="bbox 201 2570 1274 3430">
    <p class='ocr_par' dir='ltr' id='par_1_8' title="bbox 201 2570 1250 3430">
     <span class='ocr_line' id='line_1_32' title="bbox 259 2570 1226 2630; baseline -0.006 -13"><span class='ocrx_word' id='word_1_236' title='bbox 259 2579 329 2617; x_wconf 80' lang='grc' dir='ltr'>Καὶ</span> <span class='ocrx_word' id='word_1_237' title='bbox 348 2578 429 2630; x_wconf 80' lang='grc' dir='ltr'>περὶ</span> <span class='ocrx_word' id='word_1_238' title='bbox 454 2577 518 2629; x_wconf 82' lang='grc' dir='ltr'>μὲν</span> <span class='ocrx_word' id='word_1_239' title='bbox 539 2581 598 2616; x_wconf 78' lang='grc' dir='ltr'>τοῦ</span> <span class='ocrx_word' id='word_1_240' title='bbox 619 2577 751 2629; x_wconf 84' lang='grc' dir='ltr'>πατρὸς</span> <span class='ocrx_word' id='word_1_241' title='bbox 773 2592 831 2614; x_wconf 83' lang='grc' dir='ltr'>και</span> <span class='ocrx_word' id='word_1_242' title='bbox 855 2579 914 2615; x_wconf 40' lang='grc' dir='ltr'>ταῦ</span> <span class='ocrx_word' id='word_1_243' title='bbox 943 2575 1049 2628; x_wconf 70' lang='grc' dir='ltr'>φόίῖου</span> <span class='ocrx_word' id='word_1_244' title='bbox 1075 2570 1150 2613; x_wconf 50' lang='grc' dir='ltr'>οὗ(</span> <span class='ocrx_word' id='word_1_245' title='bbox 1139 2573 1202 2612; x_wconf 78' lang='grc' dir='ltr'>υπὲ</span> <span class='ocrx_word' id='word_1_246' title='bbox 1209 2590 1226 2625; x_wconf 80' lang='grc' dir='ltr'>ρ</span> 
     </span>
     <span class='ocr_line' id='line_1_33' title="bbox 206 2632 1274 2698; baseline -0.006 -20"><span class='ocrx_word' id='word_1_247' title='bbox 206 2640 335 2679; x_wconf 71' lang='grc' dir='ltr'>ἓκείνου</span> <span class='ocrx_word' id='word_1_248' title='bbox 359 2639 516 2683; x_wconf 84' lang='grc' dir='ltr'>δέδοικας</span> <span class='ocrx_word' id='word_1_249' title='bbox 532 2670 542 2687; x_wconf 89' lang='grc'>,</span> <span class='ocrx_word' id='word_1_250' title='bbox 560 2654 671 2677; x_wconf 87' lang='grc' dir='ltr'>ταυτα</span> <span class='ocrx_word' id='word_1_251' title='bbox 698 2638 738 2675; x_wconf 82' lang='grc' dir='ltr'>ἂν</span> <span class='ocrx_word' id='word_1_252' title='bbox 760 2637 877 2690; x_wconf 71' lang='grc' dir='ltr'>ἔχοιμι</span> <span class='ocrx_word' id='word_1_253' title='bbox 897 2637 1030 2688; x_wconf 88' lang='grc' dir='ltr'>λέγειν,</span> <span class='ocrx_word' id='word_1_254' title='bbox 1055 2635 1158 2674; x_wconf 78' lang='grc' dir='ltr'>ἱκανοί</span> <span class='ocrx_word' id='word_1_255' title='bbox 1185 2632 1274 2698; x_wconf 77' lang='grc' dir='ltr'>γε1</span> 
     </span>
     <span class='ocr_line' id='line_1_34' title="bbox 204 2695 1223 2752; baseline -0.006 -12"><span class='ocrx_word' id='word_1_256' title='bbox 204 2702 299 2750; x_wconf 85' lang='grc' dir='ltr'>ὄντα,</span> <span class='ocrx_word' id='word_1_257' title='bbox 315 2704 362 2745; x_wconf 80' lang='grc' dir='ltr'>ὡς</span> <span class='ocrx_word' id='word_1_258' title='bbox 379 2695 492 2752; x_wconf 72' lang='grc' dir='ltr'>οἶμαι,</span> <span class='ocrx_word' id='word_1_259' title='bbox 506 2700 622 2739; x_wconf 79' lang='grc' dir='ltr'>πάντα</span> <span class='ocrx_word' id='word_1_260' title='bbox 638 2700 696 2738; x_wconf 85' lang='grc' dir='ltr'>τὸν</span> <span class='ocrx_word' id='word_1_261' title='bbox 715 2699 802 2752; x_wconf 81' lang='grc' dir='ltr'>ὑπὲρ</span> <span class='ocrx_word' id='word_1_262' title='bbox 819 2699 949 2738; x_wconf 84' lang='grc' dir='ltr'>τούτων</span> <span class='ocrx_word' id='word_1_263' title='bbox 966 2713 1021 2736; x_wconf 88' lang='grc' dir='ltr'>σοι</span> <span class='ocrx_word' id='word_1_264' title='bbox 1041 2697 1223 2749; x_wconf 80' lang='grc' dir='ltr'>γενόμενον</span> 
     </span>
     <span class='ocr_line' id='line_1_35' title="bbox 204 2757 1224 2812; baseline -0.007 -13"><span class='ocrx_word' id='word_1_265' title='bbox 204 2762 308 2799; x_wconf 81' lang='grc' dir='ltr'>λῦσαι</span> <span class='ocrx_word' id='word_1_266' title='bbox 328 2759 446 2812; x_wconf 74' lang='grc' dir='ltr'>φόὸον.</span> <span class='ocrx_word' id='word_1_267' title='bbox 459 2760 644 2806; x_wconf 77' lang='grc' dir='ltr'>Επειδὴ</span> <span class='ocrx_word' id='word_1_268' title='bbox 626 2759 662 2798; x_wconf 82' lang='grc' dir='ltr'>οὲ</span> <span class='ocrx_word' id='word_1_269' title='bbox 677 2758 793 2810; x_wconf 83' lang='grc' dir='ltr'>ἔλεγες</span> <span class='ocrx_word' id='word_1_270' title='bbox 809 2758 849 2796; x_wconf 82' lang='grc' dir='ltr'>τὸ</span> <span class='ocrx_word' id='word_1_271' title='bbox 865 2757 1052 2810; x_wconf 77' lang='grc' dir='ltr'>κεφάλαιον</span> <span class='ocrx_word' id='word_1_272' title='bbox 1072 2758 1141 2794; x_wconf 81' lang='grc' dir='ltr'>τῶν</span> <span class='ocrx_word' id='word_1_273' title='bbox 1162 2771 1224 2794; x_wconf 86' lang='grc' dir='ltr'>κα-</span> 
     </span>
     <span class='ocr_line' id='line_1_36' title="bbox 204 2814 1222 2872; baseline -0.006 -12"><span class='ocrx_word' id='word_1_274' title='bbox 204 2822 274 2860; x_wconf 75' lang='grc' dir='ltr'>κῶν</span> <span class='ocrx_word' id='word_1_275' title='bbox 295 2814 384 2860; x_wconf 67' lang='grc' dir='ltr'>εἶναι</span> <span class='ocrx_word' id='word_1_276' title='bbox 403 2821 444 2860; x_wconf 81' lang='grc' dir='ltr'>τὸ</span> <span class='ocrx_word' id='word_1_277' title='bbox 473 2819 562 2870; x_wconf 80' lang='grc' dir='ltr'>μηδὲ</span> <span class='ocrx_word' id='word_1_278' title='bbox 584 2819 672 2872; x_wconf 75' lang='grc' dir='ltr'>ὑπὲρ</span> <span class='ocrx_word' id='word_1_279' title='bbox 697 2821 766 2858; x_wconf 82' lang='grc' dir='ltr'>τῶν</span> <span class='ocrx_word' id='word_1_280' title='bbox 795 2819 994 2870; x_wconf 86' lang='grc' dir='ltr'>μελλόντων</span> <span class='ocrx_word' id='word_1_281' title='bbox 1016 2818 1107 2870; x_wconf 79' lang='grc' dir='ltr'>ἔχειν</span> <span class='ocrx_word' id='word_1_282' title='bbox 1138 2819 1222 2869; x_wconf 75' lang='grc' dir='ltr'>Οαῤ-</span> 
     </span>
     <span class='ocr_line' id='line_1_37' title="bbox 204 2877 1223 2934; baseline -0.005 -14"><span class='ocrx_word' id='word_1_283' title='bbox 204 2884 296 2934; x_wconf 74' lang='grc' dir='ltr'>ῥεῖν,</span> <span class='ocrx_word' id='word_1_284' title='bbox 317 2880 405 2932; x_wconf 81' lang='grc' dir='ltr'>μηδὲ</span> <span class='ocrx_word' id='word_1_285' title='bbox 424 2881 552 2919; x_wconf 83' lang='grc' dir='ltr'>εἰδέναι</span> <span class='ocrx_word' id='word_1_286' title='bbox 567 2880 711 2933; x_wconf 86' lang='grc' dir='ltr'>πότερον</span> <span class='ocrx_word' id='word_1_287' title='bbox 731 2879 830 2918; x_wconf 87' lang='grc' dir='ltr'>ἔσται</span> <span class='ocrx_word' id='word_1_288' title='bbox 846 2895 898 2923; x_wconf 87' lang='grc' dir='ltr'>τις</span> <span class='ocrx_word' id='word_1_289' title='bbox 913 2879 1010 2923; x_wconf 81' lang='grc' dir='ltr'>λύσις</span> <span class='ocrx_word' id='word_1_290' title='bbox 1033 2877 1117 2917; x_wconf 84' lang='grc' dir='ltr'>ποτὲ</span> <span class='ocrx_word' id='word_1_291' title='bbox 1140 2878 1223 2916; x_wconf 82' lang='grc' dir='ltr'>τού-</span> 
     </span>
     <span class='ocr_line' id='line_1_38' title="bbox 201 2939 1223 2994; baseline -0.004 -14"><span class='ocrx_word' id='word_1_292' title='bbox 201 2958 269 2980; x_wconf 85' lang='grc' dir='ltr'>των</span> <span class='ocrx_word' id='word_1_293' title='bbox 285 2972 294 2989; x_wconf 91' lang='grc'>,</span> <span class='ocrx_word' id='word_1_294' title='bbox 311 2942 335 2989; x_wconf 59' lang='grc' dir='ltr'>,ἢ</span> <span class='ocrx_word' id='word_1_295' title='bbox 358 2942 417 2980; x_wconf 74' lang='grc' dir='ltr'>καὶ</span> <span class='ocrx_word' id='word_1_296' title='bbox 437 2941 543 2994; x_wconf 77' lang='grc' dir='ltr'>μέχρι</span> <span class='ocrx_word' id='word_1_297' title='bbox 559 2944 721 2988; x_wconf 71' lang='grc' dir='ltr'>τελευτῆς</span> <span class='ocrx_word' id='word_1_298' title='bbox 738 2940 946 2993; x_wconf 78' lang='grc' dir='ltr'>βουλήσεταί</span> <span class='ocrx_word' id='word_1_299' title='bbox 969 2956 1023 2979; x_wconf 88' lang='grc' dir='ltr'>σοι</span> <span class='ocrx_word' id='word_1_300' title='bbox 1042 2939 1223 2979; x_wconf 85' lang='grc' dir='ltr'>πυκτεύειν</span> 
     </span>
     <span class='ocr_line' id='line_1_39' title="bbox 202 3000 1222 3055; baseline -0.003 -13"><span class='ocrx_word' id='word_1_301' title='bbox 202 3006 220 3042; x_wconf 81' lang='grc' dir='ltr'><strong>ὀ</strong></span> <span class='ocrx_word' id='word_1_302' title='bbox 254 3004 312 3042; x_wconf 81' lang='grc' dir='ltr'>τὸν</span> <span class='ocrx_word' id='word_1_303' title='bbox 346 3003 465 3055; x_wconf 81' lang='grc' dir='ltr'>ἀγῶνά</span> <span class='ocrx_word' id='word_1_304' title='bbox 496 3019 549 3042; x_wconf 90' lang='grc' dir='ltr'>σοι</span> <span class='ocrx_word' id='word_1_305' title='bbox 586 3017 705 3042; x_wconf 88' lang='grc' dir='ltr'>τουτον</span> <span class='ocrx_word' id='word_1_306' title='bbox 740 3003 831 3050; x_wconf 83' lang='grc' dir='ltr'>οεις,</span> <span class='ocrx_word' id='word_1_307' title='bbox 866 3001 987 3055; x_wconf 71' lang='grc' dir='ltr'>ἀκριὲῗὲ</span> <span class='ocrx_word' id='word_1_308' title='bbox 993 3018 1007 3044; x_wconf 88' lang='grc' dir='ltr'>ς</span> <span class='ocrx_word' id='word_1_309' title='bbox 1038 3000 1078 3051; x_wconf 83' lang='grc' dir='ltr'>μὲ</span> <span class='ocrx_word' id='word_1_310' title='bbox 1083 3018 1100 3039; x_wconf 90' lang='grc' dir='ltr'>ν</span> <span class='ocrx_word' id='word_1_311' title='bbox 1126 3000 1222 3039; x_wconf 80' lang='grc' dir='ltr'>οὖοὲν</span> 
     </span>
     <span class='ocr_line' id='line_1_40' title="bbox 201 3061 1222 3125; baseline -0.004 -23"><span class='ocrx_word' id='word_1_312' title='bbox 201 3063 278 3103; x_wconf 80' lang='grc' dir='ltr'>οὐδὲ</span> <span class='ocrx_word' id='word_1_313' title='bbox 297 3064 399 3108; x_wconf 83' lang='grc' dir='ltr'>αὐτὸς</span> <span class='ocrx_word' id='word_1_314' title='bbox 418 3063 505 3115; x_wconf 79' lang='grc' dir='ltr'>ὑπὲρ</span> <span class='ocrx_word' id='word_1_315' title='bbox 527 3064 656 3103; x_wconf 84' lang='grc' dir='ltr'>τούτων</span> <span class='ocrx_word' id='word_1_316' title='bbox 675 3064 748 3116; x_wconf 83' lang='grc' dir='ltr'>ἔχω</span> <span class='ocrx_word' id='word_1_317' title='bbox 769 3063 912 3116; x_wconf 87' lang='grc' dir='ltr'>λέγειν,</span> <span class='ocrx_word' id='word_1_318' title='bbox 933 3061 1008 3101; x_wconf 80' lang='grc' dir='ltr'>ουδὲ</span> <span class='ocrx_word' id='word_1_319' title='bbox 1029 3061 1222 3125; x_wconf 73' lang='grc' dir='ltr'>ἀποφαίνε-</span> 
     </span>
     <span class='ocr_line' id='line_1_41' title="bbox 203 3124 1221 3178; baseline -0.005 -14"><span class='ocrx_word' id='word_1_320' title='bbox 203 3129 281 3164; x_wconf 81' lang='grc' dir='ltr'>σθαι</span> <span class='ocrx_word' id='word_1_321' title='bbox 313 3126 374 3165; x_wconf 66' lang='lat' dir='ltr'>tm}</span> <span class='ocrx_word' id='word_1_322' title='bbox 362 3142 400 3178; x_wconf 75' lang='grc' dir='ltr'>,ρ</span> <span class='ocrx_word' id='word_1_323' title='bbox 418 3127 487 3164; x_wconf 85' lang='grc' dir='ltr'>τῶν</span> <span class='ocrx_word' id='word_1_324' title='bbox 518 3125 737 3176; x_wconf 86' lang='grc' dir='ltr'>μελλόντων,</span> <span class='ocrx_word' id='word_1_325' title='bbox 770 3128 880 3164; x_wconf 86' lang='grc' dir='ltr'>ἐκεῖνο</span> <span class='ocrx_word' id='word_1_326' title='bbox 907 3124 1026 3174; x_wconf 87' lang='grc' dir='ltr'>μέντοι</span> <span class='ocrx_word' id='word_1_327' title='bbox 1062 3124 1138 3161; x_wconf 72' lang='grc' dir='ltr'>οἶδα</span> <span class='ocrx_word' id='word_1_328' title='bbox 1159 3138 1221 3160; x_wconf 81' lang='grc' dir='ltr'>σα-</span> 
     </span>
     <span class='ocr_line' id='line_1_42' title="bbox 203 3183 1221 3238; baseline -0.003 -14"><span class='ocrx_word' id='word_1_329' title='bbox 203 3188 286 3238; x_wconf 78' lang='grc' dir='ltr'>φῶς,</span> <span class='ocrx_word' id='word_1_330' title='bbox 306 3202 364 3225; x_wconf 82' lang='grc' dir='ltr'>και</span> <span class='ocrx_word' id='word_1_331' title='bbox 380 3187 482 3225; x_wconf 78' lang='grc' dir='ltr'>αὐτὸν</span> <span class='ocrx_word' id='word_1_332' title='bbox 502 3186 539 3225; x_wconf 80' lang='grc' dir='ltr'>δέ</span> <span class='ocrx_word' id='word_1_333' title='bbox 561 3202 600 3224; x_wconf 85' lang='grc' dir='ltr'>σε</span> <span class='ocrx_word' id='word_1_334' title='bbox 615 3186 706 3225; x_wconf 76' lang='grc' dir='ltr'>οὕτω</span> <span class='ocrx_word' id='word_1_335' title='bbox 729 3189 917 3225; x_wconf 74' lang='grc' dir='ltr'>πεπεῖσθαι</span> <span class='ocrx_word' id='word_1_336' title='bbox 932 3185 1046 3231; x_wconf 78' lang='grc' dir='ltr'>ἀξιῶ,</span> <span class='ocrx_word' id='word_1_337' title='bbox 1070 3184 1122 3222; x_wconf 80' lang='grc' dir='ltr'>ὅτι</span> <span class='ocrx_word' id='word_1_338' title='bbox 1136 3183 1221 3222; x_wconf 86' lang='grc' dir='ltr'>ὁπό</span> 
     </span>
     <span class='ocr_line' id='line_1_43' title="bbox 201 3246 1220 3300; baseline -0.004 -14"><span class='ocrx_word' id='word_1_339' title='bbox 201 3263 298 3300; x_wconf 74' lang='grc' dir='ltr'>τερον</span> <span class='ocrx_word' id='word_1_340' title='bbox 317 3247 356 3286; x_wconf 80' lang='grc' dir='ltr'>ἂν</span> <span class='ocrx_word' id='word_1_341' title='bbox 375 3248 518 3299; x_wconf 84' lang='grc' dir='ltr'>γένηται</span> <span class='ocrx_word' id='word_1_342' title='bbox 533 3247 677 3295; x_wconf 80' lang='grc' dir='ltr'>τούτοιν,</span> <span class='ocrx_word' id='word_1_343' title='bbox 693 3247 936 3299; x_wconf 73' lang='grc' dir='ltr'>συμφερόντως</span> <span class='ocrx_word' id='word_1_344' title='bbox 951 3247 1049 3284; x_wconf 83' lang='grc' dir='ltr'>ἔσται</span> <span class='ocrx_word' id='word_1_345' title='bbox 1064 3246 1121 3284; x_wconf 77' lang='grc' dir='ltr'>καὶ</span> <span class='ocrx_word' id='word_1_346' title='bbox 1137 3246 1220 3297; x_wconf 80' lang='grc' dir='ltr'>πρὸς</span> 
     </span>
     <span class='ocr_line' id='line_1_44' title="bbox 205 3385 1214 3430; baseline -0.002 -14"><span class='ocrx_word' id='word_1_347' title='bbox 205 3398 216 3410; x_wconf 89' lang='lat'>··</span> <span class='ocrx_word' id='word_1_348' title='bbox 235 3385 330 3419; x_wconf 64' lang='lat' dir='ltr'>(julli.</span> <span class='ocrx_word' id='word_1_349' title='bbox 350 3394 382 3419; x_wconf 72' lang='lat' dir='ltr'>rt</span> <span class='ocrx_word' id='word_1_350' title='bbox 399 3386 500 3420; x_wconf 67' lang='lat' dir='ltr'>smil.</span> <span class='ocrx_word' id='word_1_351' title='bbox 516 3392 572 3430; x_wconf 73' lang='grc' dir='ltr'>πρὸ</span> <span class='ocrx_word' id='word_1_352' title='bbox 589 3390 692 3421; x_wconf 62' lang='grc' dir='ltr'>τοὺτου</span> <span class='ocrx_word' id='word_1_353' title='bbox 719 3386 805 3430; x_wconf 68' lang='lat' dir='ltr'>{uox</span> <span class='ocrx_word' id='word_1_354' title='bbox 825 3387 901 3418; x_wconf 57' lang='lat' dir='ltr'>Sar.</span> <span class='ocrx_word' id='word_1_355' title='bbox 928 3391 968 3418; x_wconf 75' lang='lat' dir='ltr'>‘Al</span> <span class='ocrx_word' id='word_1_356' title='bbox 988 3392 1048 3419; x_wconf 59' lang='lat' dir='ltr'>&gt;axi</span> <span class='ocrx_word' id='word_1_357' title='bbox 1071 3401 1086 3420; x_wconf 82' lang='grc' dir='ltr'><strong><em>η</em></strong></span> <span class='ocrx_word' id='word_1_358' title='bbox 1100 3392 1185 3418; x_wconf 48' lang='lat' dir='ltr'>laram</span> <span class='ocrx_word' id='word_1_359' title='bbox 1204 3401 1214 3418; x_wconf 62' lang='lat' dir='ltr'>r</span> 
     </span>
    </p>
   </div>
   <div class='ocr_carea' id='block_1_8' title="bbox 427 3465 567 3488">
    <p class='ocr_par' dir='ltr' id='par_1_9' title="bbox 427 3465 567 3488">
     <span class='ocr_line' id='line_1_45' title="bbox 427 3465 567 3488; baseline -0.014 -1"><span class='ocrx_word' id='word_1_360' title='bbox 427 3465 516 3488; x_wconf 57' lang='grc'>11131.</span> <span class='ocrx_word' id='word_1_361' title='bbox 544 3465 567 3487; x_wconf 86' lang='lat' dir='ltr'>l.</span> 
     </span>
    </p>
   </div>
   <div class='ocr_carea' id='block_1_9' title="bbox 1309 312 2262 794">
    <p class='ocr_par' dir='ltr' id='par_1_10' title="bbox 1309 312 2262 794">
     <span class='ocr_line' id='line_1_46' title="bbox 1313 312 2261 368; baseline 0.002 -19"><span class='ocrx_word' id='word_1_362' title='bbox 1313 312 1481 352; x_wconf 83' lang='lat' dir='ltr'>facillime</span> <span class='ocrx_word' id='word_1_363' title='bbox 1493 314 1603 353; x_wconf 91' lang='lat' dir='ltr'>lenire</span> <span class='ocrx_word' id='word_1_364' title='bbox 1620 315 1759 368; x_wconf 85' lang='lat' dir='ltr'>poterit.</span> <span class='ocrx_word' id='word_1_365' title='bbox 1774 316 1824 353; x_wconf 74' lang='lat' dir='ltr'>Ne</span> <span class='ocrx_word' id='word_1_366' title='bbox 1840 315 1949 366; x_wconf 80' lang='lat' dir='ltr'>igitur</span> <span class='ocrx_word' id='word_1_367' title='bbox 1965 315 2093 351; x_wconf 81' lang='lat' dir='ltr'>frustra</span> <span class='ocrx_word' id='word_1_368' title='bbox 2108 314 2261 366; x_wconf 83' lang='lat' dir='ltr'>teipsum</span> 
     </span>
     <span class='ocr_line' id='line_1_47' title="bbox 1312 377 2259 433; baseline 0.002 -19"><span class='ocrx_word' id='word_1_369' title='bbox 1312 379 1408 415; x_wconf 89' lang='lat' dir='ltr'>curis</span> <span class='ocrx_word' id='word_1_370' title='bbox 1425 379 1620 418; x_wconf 77' lang='lat' dir='ltr'>excrucies.</span> <span class='ocrx_word' id='word_1_371' title='bbox 1645 382 1736 418; x_wconf 83' lang='lat' dir='ltr'>Nam</span> <span class='ocrx_word' id='word_1_372' title='bbox 1756 381 1785 418; x_wconf 86' lang='lat' dir='ltr'>si</span> <span class='ocrx_word' id='word_1_373' title='bbox 1810 380 1920 433; x_wconf 89' lang='lat' dir='ltr'>patris</span> <span class='ocrx_word' id='word_1_374' title='bbox 1941 393 2047 417; x_wconf 84' lang='lat' dir='ltr'>causa</span> <span class='ocrx_word' id='word_1_375' title='bbox 2064 377 2259 417; x_wconf 90' lang='lat' dir='ltr'>dolendum</span> 
     </span>
     <span class='ocr_line' id='line_1_48' title="bbox 1313 438 2262 493; baseline 0.003 -19"><span class='ocrx_word' id='word_1_376' title='bbox 1313 446 1379 484; x_wconf 85' lang='lat' dir='ltr'>est,</span> <span class='ocrx_word' id='word_1_377' title='bbox 1398 438 1473 490; x_wconf 82' lang='lat' dir='ltr'>ejus</span> <span class='ocrx_word' id='word_1_378' title='bbox 1490 441 1644 491; x_wconf 78' lang='lat' dir='ltr'>profecto</span> <span class='ocrx_word' id='word_1_379' title='bbox 1662 441 1714 479; x_wconf 89' lang='lat' dir='ltr'>rei</span> <span class='ocrx_word' id='word_1_380' title='bbox 1732 442 1843 493; x_wconf 77' lang='lat' dir='ltr'>gratia</span> <span class='ocrx_word' id='word_1_381' title='bbox 1865 439 2059 478; x_wconf 90' lang='lat' dir='ltr'>dolendum</span> <span class='ocrx_word' id='word_1_382' title='bbox 2079 448 2144 486; x_wconf 89' lang='lat' dir='ltr'>est,</span> <span class='ocrx_word' id='word_1_383' title='bbox 2163 439 2262 490; x_wconf 91' lang='lat' dir='ltr'>quod</span> 
     </span>
     <span class='ocr_line' id='line_1_49' title="bbox 1312 498 2261 551; baseline 0.003 -16"><span class='ocrx_word' id='word_1_384' title='bbox 1312 498 1617 539; x_wconf 83' lang='lat' dir='ltr'>irrationabilibus</span> <span class='ocrx_word' id='word_1_385' title='bbox 1629 502 1819 548; x_wconf 87' lang='lat' dir='ltr'><strong>sumtibus,</strong></span> <span class='ocrx_word' id='word_1_386' title='bbox 1827 501 1923 551; x_wconf 90' lang='lat' dir='ltr'>quod</span> <span class='ocrx_word' id='word_1_387' title='bbox 1932 500 2261 546; x_wconf 81' lang='lat' dir='ltr'>comessationibus,</span> 
     </span>
     <span class='ocr_line' id='line_1_50' title="bbox 1310 558 2261 614; baseline 0.004 -18"><span class='ocrx_word' id='word_1_388' title='bbox 1310 558 1408 608; x_wconf 88' lang='lat' dir='ltr'>quod</span> <span class='ocrx_word' id='word_1_389' title='bbox 1424 560 1518 598; x_wconf 76' lang='lat' dir='ltr'>fastu</span> <span class='ocrx_word' id='word_1_390' title='bbox 1531 570 1564 599; x_wconf 92' lang='lat' dir='ltr'>et</span> <span class='ocrx_word' id='word_1_391' title='bbox 1577 562 1779 614; x_wconf 84' lang='lat' dir='ltr'>tyrannide,</span> <span class='ocrx_word' id='word_1_392' title='bbox 1795 561 1893 612; x_wconf 89' lang='lat' dir='ltr'>quod</span> <span class='ocrx_word' id='word_1_393' title='bbox 1909 562 2073 614; x_wconf 71' lang='lat' dir='ltr'>praesenti</span> <span class='ocrx_word' id='word_1_394' title='bbox 2085 561 2261 600; x_wconf 88' lang='lat' dir='ltr'>adulterio</span> 
     </span>
     <span class='ocr_line' id='line_1_51' title="bbox 1311 617 2261 661; baseline 0.006 -6"><span class='ocrx_word' id='word_1_395' title='bbox 1311 617 1453 657; x_wconf 81' lang='lat' dir='ltr'>deditus</span> <span class='ocrx_word' id='word_1_396' title='bbox 1483 621 1540 659; x_wconf 89' lang='lat' dir='ltr'>sit.</span> <span class='ocrx_word' id='word_1_397' title='bbox 1575 626 1629 659; x_wconf 88' lang='lat' dir='ltr'>An</span> <span class='ocrx_word' id='word_1_398' title='bbox 1658 632 1699 660; x_wconf 86' lang='lat' dir='ltr'>tu</span> <span class='ocrx_word' id='word_1_399' title='bbox 1727 622 1911 660; x_wconf 79' lang='lat' dir='ltr'>modjcum</span> <span class='ocrx_word' id='word_1_400' title='bbox 1938 622 2050 660; x_wconf 88' lang='lat' dir='ltr'>scelus</span> <span class='ocrx_word' id='word_1_401' title='bbox 2079 623 2261 661; x_wconf 77' lang='lat' dir='ltr'>existimas</span> 
     </span>
     <span class='ocr_line' id='line_1_52' title="bbox 1310 682 2261 735; baseline 0.006 -19"><span class='ocrx_word' id='word_1_402' title='bbox 1310 693 1420 717; x_wconf 83' lang='lat' dir='ltr'>uxore</span> <span class='ocrx_word' id='word_1_403' title='bbox 1434 710 1445 728; x_wconf 96' lang='lat'>,</span> <span class='ocrx_word' id='word_1_404' title='bbox 1466 691 1579 720; x_wconf 87' lang='lat' dir='ltr'>matre</span> <span class='ocrx_word' id='word_1_405' title='bbox 1594 693 1724 730; x_wconf 50' lang='grc' dir='ltr'>νᾶα-3,</span> <span class='ocrx_word' id='word_1_406' title='bbox 1747 682 1938 728; x_wconf 82' lang='lat' dir='ltr'>incolumi,</span> <span class='ocrx_word' id='word_1_407' title='bbox 1969 683 2115 721; x_wconf 87' lang='lat' dir='ltr'>alterius</span> <span class='ocrx_word' id='word_1_408' title='bbox 2134 685 2261 735; x_wconf 79' lang='lat' dir='ltr'>puellae</span> 
     </span>
     <span class='ocr_line' id='line_1_53' title="bbox 1309 741 2262 794; baseline 0.007 -18"><span class='ocrx_word' id='word_1_409' title='bbox 1309 741 1479 778; x_wconf 82' lang='lat' dir='ltr'>maculari</span> <span class='ocrx_word' id='word_1_410' title='bbox 1492 743 1697 793; x_wconf 82' lang='lat' dir='ltr'>concubitu,</span> <span class='ocrx_word' id='word_1_411' title='bbox 1712 744 1876 794; x_wconf 85' lang='lat' dir='ltr'>filiosque</span> <span class='ocrx_word' id='word_1_412' title='bbox 1886 757 1932 780; x_wconf 77' lang='lat' dir='ltr'>ex</span> <span class='ocrx_word' id='word_1_413' title='bbox 1940 743 2067 781; x_wconf 88' lang='lat' dir='ltr'>illicito</span> <span class='ocrx_word' id='word_1_414' title='bbox 2079 758 2262 794; x_wconf 86' lang='lat' dir='ltr'>procreare</span> 
     </span>
    </p>
   </div>
   <div class='ocr_carea' id='block_1_10' title="bbox 1258 799 2261 856">
    <p class='ocr_par' dir='ltr' id='par_1_11' title="bbox 1258 799 2261 856">
     <span class='ocr_line' id='line_1_54' title="bbox 1258 799 2261 856; baseline 0.005 -18"><span class='ocrx_word' id='word_1_415' title='bbox 1258 799 1283 829; x_wconf 85' lang='lat' dir='ltr'>D</span> <span class='ocrx_word' id='word_1_416' title='bbox 1309 802 1562 840; x_wconf 75' lang='lat' dir='ltr'>matrimonio?</span> <span class='ocrx_word' id='word_1_417' title='bbox 1576 805 1647 842; x_wconf 86' lang='lat' dir='ltr'>Ista</span> <span class='ocrx_word' id='word_1_418' title='bbox 1659 805 1772 853; x_wconf 89' lang='lat' dir='ltr'>luctu,</span> <span class='ocrx_word' id='word_1_419' title='bbox 1786 804 2032 856; x_wconf 78' lang='lat' dir='ltr'>istalacrymis</span> <span class='ocrx_word' id='word_1_420' title='bbox 2047 804 2168 855; x_wconf 81' lang='lat' dir='ltr'>digna,</span> <span class='ocrx_word' id='word_1_421' title='bbox 2183 820 2261 856; x_wconf 79' lang='lat' dir='ltr'>quae</span> 
     </span>
    </p>
   </div>
   <div class='ocr_carea' id='block_1_11' title="bbox 1307 864 2265 1464">
    <p class='ocr_par' dir='ltr' id='par_1_12' title="bbox 1307 864 2265 1464">
     <span class='ocr_line' id='line_1_55' title="bbox 1308 864 2261 916; baseline 0.004 -17"><span class='ocrx_word' id='word_1_422' title='bbox 1308 872 1427 914; x_wconf 84' lang='lat' dir='ltr'>aperta</span> <span class='ocrx_word' id='word_1_423' title='bbox 1448 873 1528 901; x_wconf 88' lang='lat' dir='ltr'>sunt</span> <span class='ocrx_word' id='word_1_424' title='bbox 1547 865 1639 902; x_wconf 85' lang='lat' dir='ltr'>mala</span> <span class='ocrx_word' id='word_1_425' title='bbox 1653 897 1663 915; x_wconf 82' lang='lat'>‚</span> <span class='ocrx_word' id='word_1_426' title='bbox 1688 875 1794 916; x_wconf 86' lang='lat' dir='ltr'>atque</span> <span class='ocrx_word' id='word_1_427' title='bbox 1812 865 1857 903; x_wconf 89' lang='lat' dir='ltr'>ad</span> <span class='ocrx_word' id='word_1_428' title='bbox 1881 866 2044 903; x_wconf 84' lang='lat' dir='ltr'>effectum</span> <span class='ocrx_word' id='word_1_429' title='bbox 2066 864 2235 916; x_wconf 88' lang='lat' dir='ltr'>perducta</span> <span class='ocrx_word' id='word_1_430' title='bbox 2254 884 2261 903; x_wconf 75' lang='grc' dir='ltr'>ε</span> 
     </span>
     <span class='ocr_line' id='line_1_56' title="bbox 1308 925 2264 978; baseline 0.005 -18"><span class='ocrx_word' id='word_1_431' title='bbox 1308 937 1387 973; x_wconf 84' lang='lat' dir='ltr'>qnae</span> <span class='ocrx_word' id='word_1_432' title='bbox 1407 938 1492 962; x_wconf 70' lang='lat' dir='ltr'>vero</span> <span class='ocrx_word' id='word_1_433' title='bbox 1513 925 1566 962; x_wconf 85' lang='lat' dir='ltr'>tui</span> <span class='ocrx_word' id='word_1_434' title='bbox 1586 940 1690 964; x_wconf 84' lang='lat' dir='ltr'>causa</span> <span class='ocrx_word' id='word_1_435' title='bbox 1720 927 1843 964; x_wconf 80' lang='lat' dir='ltr'>sutura</span> <span class='ocrx_word' id='word_1_436' title='bbox 1863 935 1969 975; x_wconf 76' lang='lat' dir='ltr'>sunt,</span> <span class='ocrx_word' id='word_1_437' title='bbox 1992 925 2068 963; x_wconf 86' lang='lat' dir='ltr'>fieri</span> <span class='ocrx_word' id='word_1_438' title='bbox 2088 929 2203 978; x_wconf 61' lang='lat' dir='ltr'>potest</span> <span class='ocrx_word' id='word_1_439' title='bbox 2225 937 2264 965; x_wconf 89' lang='lat' dir='ltr'>ut</span> 
     </span>
     <span class='ocr_line' id='line_1_57' title="bbox 1307 983 2263 1039; baseline 0.005 -18"><span class='ocrx_word' id='word_1_440' title='bbox 1307 983 1433 1034; x_wconf 86' lang='lat' dir='ltr'>gravia</span> <span class='ocrx_word' id='word_1_441' title='bbox 1447 984 1532 1032; x_wconf 83' lang='lat' dir='ltr'>sint,</span> <span class='ocrx_word' id='word_1_442' title='bbox 1553 986 1629 1024; x_wconf 86' lang='lat' dir='ltr'>fieri</span> <span class='ocrx_word' id='word_1_443' title='bbox 1646 987 1745 1037; x_wconf 90' lang='lat' dir='ltr'>item,</span> <span class='ocrx_word' id='word_1_444' title='bbox 1764 997 1804 1025; x_wconf 86' lang='lat' dir='ltr'>ut</span> <span class='ocrx_word' id='word_1_445' title='bbox 1816 986 1982 1039; x_wconf 89' lang='lat' dir='ltr'>opinione</span> <span class='ocrx_word' id='word_1_446' title='bbox 1996 986 2151 1035; x_wconf 84' lang='lat' dir='ltr'>leviora;</span> <span class='ocrx_word' id='word_1_447' title='bbox 2170 1001 2263 1026; x_wconf 87' lang='lat' dir='ltr'>sum-</span> 
     </span>
     <span class='ocr_line' id='line_1_58' title="bbox 1307 1048 2264 1089; baseline 0.004 -6"><span class='ocrx_word' id='word_1_448' title='bbox 1307 1059 1373 1082; x_wconf 84' lang='lat' dir='ltr'>mae</span> <span class='ocrx_word' id='word_1_449' title='bbox 1402 1060 1486 1084; x_wconf 81' lang='lat' dir='ltr'>vero</span> <span class='ocrx_word' id='word_1_450' title='bbox 1516 1057 1606 1085; x_wconf 85' lang='lat' dir='ltr'>esset</span> <span class='ocrx_word' id='word_1_451' title='bbox 1631 1048 1792 1086; x_wconf 84' lang='lat' dir='ltr'>amentiae</span> <span class='ocrx_word' id='word_1_452' title='bbox 1822 1048 1858 1085; x_wconf 90' lang='lat' dir='ltr'>in</span> <span class='ocrx_word' id='word_1_453' title='bbox 1885 1048 1995 1086; x_wconf 89' lang='lat' dir='ltr'>rebus</span> <span class='ocrx_word' id='word_1_454' title='bbox 2014 1048 2101 1086; x_wconf 88' lang='lat' dir='ltr'>adeo</span> <span class='ocrx_word' id='word_1_455' title='bbox 2121 1049 2264 1089; x_wconf 81' lang='lat' dir='ltr'>incertis</span> 
     </span>
     <span class='ocr_line' id='line_1_59' title="bbox 1307 1109 2265 1160; baseline 0.004 -16"><span class='ocrx_word' id='word_1_456' title='bbox 1307 1115 1401 1144; x_wconf 88' lang='lat' dir='ltr'>certo</span> <span class='ocrx_word' id='word_1_457' title='bbox 1417 1121 1453 1145; x_wconf 89' lang='lat' dir='ltr'>se</span> <span class='ocrx_word' id='word_1_458' title='bbox 1464 1109 1540 1160; x_wconf 86' lang='lat' dir='ltr'>jam</span> <span class='ocrx_word' id='word_1_459' title='bbox 1557 1109 1717 1147; x_wconf 88' lang='lat' dir='ltr'>cruciatu</span> <span class='ocrx_word' id='word_1_460' title='bbox 1732 1109 1916 1147; x_wconf 77' lang='lat' dir='ltr'>conficere.</span> <span class='ocrx_word' id='word_1_461' title='bbox 1934 1110 1986 1147; x_wconf 75' lang='lat' dir='ltr'>L&#39;t</span> <span class='ocrx_word' id='word_1_462' title='bbox 2005 1118 2123 1147; x_wconf 88' lang='lat' dir='ltr'>autem</span> <span class='ocrx_word' id='word_1_463' title='bbox 2143 1123 2265 1148; x_wconf 88' lang='lat' dir='ltr'>conce-</span> 
     </span>
     <span class='ocr_line' id='line_1_60' title="bbox 1308 1167 2263 1223; baseline 0.003 -18"><span class='ocrx_word' id='word_1_464' title='bbox 1308 1167 1436 1207; x_wconf 86' lang='lat' dir='ltr'>damus</span> <span class='ocrx_word' id='word_1_465' title='bbox 1460 1169 1605 1208; x_wconf 85' lang='lat' dir='ltr'>interim</span> <span class='ocrx_word' id='word_1_466' title='bbox 1634 1170 1739 1208; x_wconf 89' lang='lat' dir='ltr'>illum</span> <span class='ocrx_word' id='word_1_467' title='bbox 1758 1170 2071 1208; x_wconf 79' lang='lat' dir='ltr'>vehementissima</span> <span class='ocrx_word' id='word_1_468' title='bbox 2090 1170 2263 1223; x_wconf 85' lang='lat' dir='ltr'>indigna-</span> 
     </span>
     <span class='ocr_line' id='line_1_61' title="bbox 1308 1229 2263 1281; baseline 0.003 -15"><span class='ocrx_word' id='word_1_469' title='bbox 1308 1229 1403 1278; x_wconf 84' lang='lat' dir='ltr'>tione</span> <span class='ocrx_word' id='word_1_470' title='bbox 1429 1230 1707 1281; x_wconf 88' lang='lat' dir='ltr'>concitandum,</span> <span class='ocrx_word' id='word_1_471' title='bbox 1739 1241 1774 1270; x_wconf 87' lang='lat' dir='ltr'>at</span> <span class='ocrx_word' id='word_1_472' title='bbox 1795 1231 1965 1269; x_wconf 78' lang='lat' dir='ltr'>citissime</span> <span class='ocrx_word' id='word_1_473' title='bbox 1991 1230 2174 1269; x_wconf 86' lang='lat' dir='ltr'>sedabitur</span> <span class='ocrx_word' id='word_1_474' title='bbox 2191 1262 2199 1278; x_wconf 95' lang='lat'>,</span> <span class='ocrx_word' id='word_1_475' title='bbox 2231 1241 2263 1269; x_wconf 91' lang='lat' dir='ltr'>et</span> 
     </span>
     <span class='ocr_line' id='line_1_62' title="bbox 1307 1291 2263 1343; baseline 0.002 -15"><span class='ocrx_word' id='word_1_476' title='bbox 1307 1300 1495 1342; x_wconf 84' lang='lat' dir='ltr'>antequam</span> <span class='ocrx_word' id='word_1_477' title='bbox 1509 1291 1613 1343; x_wconf 86' lang='lat' dir='ltr'>plane</span> <span class='ocrx_word' id='word_1_478' title='bbox 1627 1292 1850 1339; x_wconf 80' lang='lat' dir='ltr'>incendatur,</span> <span class='ocrx_word' id='word_1_479' title='bbox 1867 1293 2125 1343; x_wconf 78' lang='lat' dir='ltr'>exstinguetur.</span> <span class='ocrx_word' id='word_1_480' title='bbox 2144 1293 2263 1330; x_wconf 88' lang='lat' dir='ltr'>Homo</span> 
     </span>
     <span class='ocr_line' id='line_1_63' title="bbox 1307 1350 2262 1402; baseline 0.002 -14"><span class='ocrx_word' id='word_1_481' title='bbox 1307 1352 1401 1388; x_wconf 90' lang='lat' dir='ltr'>enim</span> <span class='ocrx_word' id='word_1_482' title='bbox 1415 1360 1468 1388; x_wconf 89' lang='lat' dir='ltr'>tot</span> <span class='ocrx_word' id='word_1_483' title='bbox 1479 1351 1622 1390; x_wconf 89' lang='lat' dir='ltr'>deliciis</span> <span class='ocrx_word' id='word_1_484' title='bbox 1638 1350 1797 1398; x_wconf 82' lang='lat' dir='ltr'>deditus,</span> <span class='ocrx_word' id='word_1_485' title='bbox 1820 1351 2132 1402; x_wconf 78' lang='lat' dir='ltr'>maximarumque</span> <span class='ocrx_word' id='word_1_486' title='bbox 2145 1365 2262 1390; x_wconf 82' lang='lat' dir='ltr'>rerum</span> 
     </span>
     <span class='ocr_line' id='line_1_64' title="bbox 1307 1411 2264 1464; baseline 0.002 -16"><span class='ocrx_word' id='word_1_487' title='bbox 1307 1411 1401 1449; x_wconf 86' lang='lat' dir='ltr'>curis</span> <span class='ocrx_word' id='word_1_488' title='bbox 1429 1411 1624 1463; x_wconf 84' lang='lat' dir='ltr'>implicitus</span> <span class='ocrx_word' id='word_1_489' title='bbox 1643 1442 1652 1458; x_wconf 90' lang='lat'><em>‚</em></span> <span class='ocrx_word' id='word_1_490' title='bbox 1679 1412 1850 1464; x_wconf 81' lang='lat' dir='ltr'>parasitos</span> <span class='ocrx_word' id='word_1_491' title='bbox 1881 1420 1915 1449; x_wconf 89' lang='lat' dir='ltr'>et</span> <span class='ocrx_word' id='word_1_492' title='bbox 1945 1421 2176 1450; x_wconf 70' lang='lat' dir='ltr'>assentatores</span> <span class='ocrx_word' id='word_1_493' title='bbox 2194 1427 2264 1450; x_wconf 78' lang='lat' dir='ltr'>nu·</span> 
     </span>
    </p>
   </div>
   <div class='ocr_carea' id='block_1_12' title="bbox 1257 1472 2262 1524">
    <p class='ocr_par' dir='ltr' id='par_1_13' title="bbox 1257 1472 2262 1524">
     <span class='ocr_line' id='line_1_65' title="bbox 1257 1472 2262 1524; baseline 0.002 -15"><span class='ocrx_word' id='word_1_494' title='bbox 1257 1484 1279 1513; x_wconf 80' lang='lat' dir='ltr'>E</span> <span class='ocrx_word' id='word_1_495' title='bbox 1307 1472 1430 1520; x_wconf 86' lang='lat' dir='ltr'>triens,</span> <span class='ocrx_word' id='word_1_496' title='bbox 1451 1472 1651 1524; x_wconf 83' lang='lat' dir='ltr'>puellaeque</span> <span class='ocrx_word' id='word_1_497' title='bbox 1668 1472 1766 1510; x_wconf 88' lang='lat' dir='ltr'>illius</span> <span class='ocrx_word' id='word_1_498' title='bbox 1782 1486 1901 1510; x_wconf 84' lang='lat' dir='ltr'>amore</span> <span class='ocrx_word' id='word_1_499' title='bbox 1920 1472 2098 1518; x_wconf 86' lang='lat' dir='ltr'>incensus,</span> <span class='ocrx_word' id='word_1_500' title='bbox 2126 1487 2172 1511; x_wconf 75' lang='lat' dir='ltr'>ex</span> <span class='ocrx_word' id='word_1_501' title='bbox 2192 1487 2262 1524; x_wconf 84' lang='lat' dir='ltr'>qua</span> 
     </span>
    </p>
   </div>
   <div class='ocr_carea' id='block_1_13' title="bbox 1256 1532 2265 3292">
    <p class='ocr_par' dir='ltr' id='par_1_14' title="bbox 1256 1532 2265 3292">
     <span class='ocr_line' id='line_1_66' title="bbox 1306 1532 2263 1578; baseline 0.001 -7"><span class='ocrx_word' id='word_1_502' title='bbox 1306 1532 1417 1571; x_wconf 85' lang='lat' dir='ltr'>vobis</span> <span class='ocrx_word' id='word_1_503' title='bbox 1437 1547 1482 1571; x_wconf 71' lang='lat' dir='ltr'>ex</span> <span class='ocrx_word' id='word_1_504' title='bbox 1505 1532 1694 1572; x_wconf 83' lang='lat' dir='ltr'>medietate</span> <span class='ocrx_word' id='word_1_505' title='bbox 1714 1533 1838 1571; x_wconf 80' lang='lat' dir='ltr'>fratres</span> <span class='ocrx_word' id='word_1_506' title='bbox 1862 1534 1983 1578; x_wconf 87' lang='lat' dir='ltr'>habet,</span> <span class='ocrx_word' id='word_1_507' title='bbox 2005 1533 2111 1571; x_wconf 88' lang='lat' dir='ltr'>etiam</span> <span class='ocrx_word' id='word_1_508' title='bbox 2133 1534 2161 1571; x_wconf 86' lang='lat' dir='ltr'>si</span> <span class='ocrx_word' id='word_1_509' title='bbox 2182 1543 2263 1572; x_wconf 90' lang='lat' dir='ltr'>tuos</span> 
     </span>
     <span class='ocr_line' id='line_1_67' title="bbox 1306 1594 2265 1647; baseline -0.001 -14"><span class='ocrx_word' id='word_1_510' title='bbox 1306 1608 1407 1633; x_wconf 88' lang='lat' dir='ltr'>casus</span> <span class='ocrx_word' id='word_1_511' title='bbox 1424 1596 1640 1647; x_wconf 87' lang='lat' dir='ltr'>perceperit,</span> <span class='ocrx_word' id='word_1_512' title='bbox 1659 1594 1817 1633; x_wconf 84' lang='lat' dir='ltr'>dolorem</span> <span class='ocrx_word' id='word_1_513' title='bbox 1837 1595 2027 1633; x_wconf 89' lang='lat' dir='ltr'>minimum</span> <span class='ocrx_word' id='word_1_514' title='bbox 2045 1604 2078 1632; x_wconf 89' lang='lat' dir='ltr'>et</span> <span class='ocrx_word' id='word_1_515' title='bbox 2095 1594 2200 1632; x_wconf 91' lang='lat' dir='ltr'>nihili</span> <span class='ocrx_word' id='word_1_516' title='bbox 2215 1596 2265 1633; x_wconf 86' lang='lat' dir='ltr'>sa-</span> 
     </span>
     <span class='ocr_line' id='line_1_68' title="bbox 1305 1654 2263 1708; baseline 0 -15"><span class='ocrx_word' id='word_1_517' title='bbox 1305 1654 1471 1694; x_wconf 88' lang='lat' dir='ltr'>ciendum</span> <span class='ocrx_word' id='word_1_518' title='bbox 1483 1656 1609 1708; x_wconf 86' lang='lat' dir='ltr'>capiet.</span> <span class='ocrx_word' id='word_1_519' title='bbox 1625 1655 1738 1706; x_wconf 85' lang='lat' dir='ltr'>quue</span> <span class='ocrx_word' id='word_1_520' title='bbox 1752 1670 1822 1694; x_wconf 91' lang='lat' dir='ltr'>non</span> <span class='ocrx_word' id='word_1_521' title='bbox 1832 1670 1876 1694; x_wconf 77' lang='lat' dir='ltr'>ex</span> <span class='ocrx_word' id='word_1_522' title='bbox 1888 1656 1933 1693; x_wconf 91' lang='lat' dir='ltr'>iis</span> <span class='ocrx_word' id='word_1_523' title='bbox 1944 1656 2062 1693; x_wconf 87' lang='lat' dir='ltr'>solum</span> <span class='ocrx_word' id='word_1_524' title='bbox 2079 1669 2158 1706; x_wconf 85' lang='lat' dir='ltr'>quae</span> <span class='ocrx_word' id='word_1_525' title='bbox 2171 1655 2263 1702; x_wconf 71' lang='lat' dir='ltr'>dixi,</span> 
     </span>
     <span class='ocr_line' id='line_1_69' title="bbox 1305 1716 2264 1769; baseline 0.001 -15"><span class='ocrx_word' id='word_1_526' title='bbox 1305 1716 1368 1754; x_wconf 87' lang='lat' dir='ltr'>sed</span> <span class='ocrx_word' id='word_1_527' title='bbox 1399 1730 1445 1754; x_wconf 81' lang='lat' dir='ltr'>ex</span> <span class='ocrx_word' id='word_1_528' title='bbox 1472 1716 1658 1768; x_wconf 73' lang='lat' dir='ltr'>praeteritis</span> <span class='ocrx_word' id='word_1_529' title='bbox 1680 1717 1842 1769; x_wconf 87' lang='lat' dir='ltr'>conjicio.</span> <span class='ocrx_word' id='word_1_530' title='bbox 1875 1716 1978 1755; x_wconf 76' lang='lat' dir='ltr'>Nosti</span> <span class='ocrx_word' id='word_1_531' title='bbox 2004 1717 2099 1755; x_wconf 88' lang='lat' dir='ltr'>enim</span> <span class='ocrx_word' id='word_1_532' title='bbox 2113 1746 2125 1765; x_wconf 87' lang='lat'>,</span> <span class='ocrx_word' id='word_1_533' title='bbox 2158 1717 2264 1768; x_wconf 86' lang='lat' dir='ltr'>plane</span> 
     </span>
     <span class='ocr_line' id='line_1_70' title="bbox 1305 1776 2263 1828; baseline 0 -13"><span class='ocrx_word' id='word_1_534' title='bbox 1305 1777 1413 1825; x_wconf 91' lang='lat' dir='ltr'>nosti,</span> <span class='ocrx_word' id='word_1_535' title='bbox 1438 1791 1520 1815; x_wconf 92' lang='lat' dir='ltr'>cum</span> <span class='ocrx_word' id='word_1_536' title='bbox 1534 1785 1569 1814; x_wconf 90' lang='lat' dir='ltr'>te</span> <span class='ocrx_word' id='word_1_537' title='bbox 1587 1776 1648 1814; x_wconf 82' lang='lat' dir='ltr'>ille</span> <span class='ocrx_word' id='word_1_538' title='bbox 1664 1777 1816 1814; x_wconf 89' lang='lat' dir='ltr'>nimium</span> <span class='ocrx_word' id='word_1_539' title='bbox 1843 1787 1943 1815; x_wconf 87' lang='lat' dir='ltr'>antea</span> <span class='ocrx_word' id='word_1_540' title='bbox 1962 1776 2140 1828; x_wconf 84' lang='lat' dir='ltr'>diligeret,</span> <span class='ocrx_word' id='word_1_541' title='bbox 2160 1787 2263 1828; x_wconf 88' lang='lat' dir='ltr'>teque</span> 
     </span>
     <span class='ocr_line' id='line_1_71' title="bbox 1307 1838 2264 1889; baseline 0.003 -14"><span class='ocrx_word' id='word_1_542' title='bbox 1307 1839 1468 1877; x_wconf 88' lang='lat' dir='ltr'>omnium</span> <span class='ocrx_word' id='word_1_543' title='bbox 1484 1838 1561 1876; x_wconf 93' lang='lat' dir='ltr'>loco</span> <span class='ocrx_word' id='word_1_544' title='bbox 1578 1838 1735 1888; x_wconf 85' lang='lat' dir='ltr'>haberet,</span> <span class='ocrx_word' id='word_1_545' title='bbox 1752 1853 1797 1876; x_wconf 82' lang='lat' dir='ltr'>ex</span> <span class='ocrx_word' id='word_1_546' title='bbox 1812 1853 1881 1889; x_wconf 91' lang='lat' dir='ltr'>quo</span> <span class='ocrx_word' id='word_1_547' title='bbox 1898 1848 1931 1876; x_wconf 91' lang='lat' dir='ltr'>te</span> <span class='ocrx_word' id='word_1_548' title='bbox 1946 1838 1991 1876; x_wconf 87' lang='lat' dir='ltr'>ad</span> <span class='ocrx_word' id='word_1_549' title='bbox 2007 1839 2264 1878; x_wconf 89' lang='lat' dir='ltr'>monachorum</span> 
     </span>
     <span class='ocr_line' id='line_1_72' title="bbox 1307 1899 2264 1951; baseline 0.001 -14"><span class='ocrx_word' id='word_1_550' title='bbox 1307 1900 1419 1938; x_wconf 77' lang='lat' dir='ltr'>vitam</span> <span class='ocrx_word' id='word_1_551' title='bbox 1439 1899 1669 1948; x_wconf 82' lang='lat' dir='ltr'>transtulisti,</span> <span class='ocrx_word' id='word_1_552' title='bbox 1692 1900 1839 1938; x_wconf 78' lang='lat' dir='ltr'>affectus</span> <span class='ocrx_word' id='word_1_553' title='bbox 1858 1900 1973 1938; x_wconf 82' lang='lat' dir='ltr'>omnis</span> <span class='ocrx_word' id='word_1_554' title='bbox 1993 1900 2053 1937; x_wconf 88' lang='lat' dir='ltr'>ille</span> <span class='ocrx_word' id='word_1_555' title='bbox 2071 1914 2177 1951; x_wconf 87' lang='lat' dir='ltr'>quam</span> <span class='ocrx_word' id='word_1_556' title='bbox 2196 1914 2264 1938; x_wconf 77' lang='lat' dir='ltr'>ex-</span> 
     </span>
     <span class='ocr_line' id='line_1_73' title="bbox 1308 1961 2262 2013; baseline 0 -13"><span class='ocrx_word' id='word_1_557' title='bbox 1308 1962 1458 2000; x_wconf 89' lang='lat' dir='ltr'>stinctus</span> <span class='ocrx_word' id='word_1_558' title='bbox 1477 1962 1533 2000; x_wconf 87' lang='lat' dir='ltr'>sit.</span> <span class='ocrx_word' id='word_1_559' title='bbox 1554 1963 1643 2000; x_wconf 88' lang='lat' dir='ltr'>Rem</span> <span class='ocrx_word' id='word_1_560' title='bbox 1665 1963 1759 1999; x_wconf 87' lang='lat' dir='ltr'>enim</span> <span class='ocrx_word' id='word_1_561' title='bbox 1784 1961 1845 2000; x_wconf 88' lang='lat' dir='ltr'>ille</span> <span class='ocrx_word' id='word_1_562' title='bbox 1863 1970 1895 1999; x_wconf 90' lang='lat' dir='ltr'>te</span> <span class='ocrx_word' id='word_1_563' title='bbox 1910 1962 2022 1999; x_wconf 87' lang='lat' dir='ltr'>facere</span> <span class='ocrx_word' id='word_1_564' title='bbox 2045 1970 2201 2013; x_wconf 86' lang='lat' dir='ltr'>turpem,</span> <span class='ocrx_word' id='word_1_565' title='bbox 2222 1976 2262 2000; x_wconf 85' lang='lat' dir='ltr'>ac</span> 
     </span>
     <span class='ocr_line' id='line_1_74' title="bbox 1308 2021 2263 2074; baseline 0.002 -15"><span class='ocrx_word' id='word_1_566' title='bbox 1308 2023 1485 2074; x_wconf 84' lang='lat' dir='ltr'>majorum</span> <span class='ocrx_word' id='word_1_567' title='bbox 1501 2036 1648 2060; x_wconf 91' lang='lat' dir='ltr'>suorum</span> <span class='ocrx_word' id='word_1_568' title='bbox 1667 2021 1856 2074; x_wconf 86' lang='lat' dir='ltr'>splendore</span> <span class='ocrx_word' id='word_1_569' title='bbox 1871 2021 2072 2074; x_wconf 82' lang='lat' dir='ltr'>indignam,</span> <span class='ocrx_word' id='word_1_570' title='bbox 2091 2024 2263 2074; x_wconf 82' lang='lat' dir='ltr'>gloriam-</span> 
     </span>
     <span class='ocr_line' id='line_1_75' title="bbox 1307 2082 2260 2135; baseline 0.002 -15"><span class='ocrx_word' id='word_1_571' title='bbox 1307 2096 1377 2133; x_wconf 88' lang='lat' dir='ltr'>que</span> <span class='ocrx_word' id='word_1_572' title='bbox 1395 2096 1497 2120; x_wconf 84' lang='lat' dir='ltr'>suam</span> <span class='ocrx_word' id='word_1_573' title='bbox 1524 2091 1558 2120; x_wconf 87' lang='lat' dir='ltr'>te</span> <span class='ocrx_word' id='word_1_574' title='bbox 1581 2082 1772 2135; x_wconf 82' lang='lat' dir='ltr'>deturpare</span> <span class='ocrx_word' id='word_1_575' title='bbox 1791 2082 1960 2122; x_wconf 84' lang='lat' dir='ltr'>dicebat:</span> <span class='ocrx_word' id='word_1_576' title='bbox 1980 2093 2013 2122; x_wconf 85' lang='lat' dir='ltr'>ct</span> <span class='ocrx_word' id='word_1_577' title='bbox 2035 2084 2103 2122; x_wconf 90' lang='lat' dir='ltr'>nisi</span> <span class='ocrx_word' id='word_1_578' title='bbox 2125 2093 2260 2122; x_wconf 79' lang='lat' dir='ltr'>naturae</span> 
     </span>
     <span class='ocr_line' id='line_1_76' title="bbox 1307 2144 2262 2192; baseline 0.003 -11"><span class='ocrx_word' id='word_1_579' title='bbox 1307 2144 1412 2182; x_wconf 92' lang='lat' dir='ltr'>illum</span> <span class='ocrx_word' id='word_1_580' title='bbox 1427 2144 1614 2183; x_wconf 87' lang='lat' dir='ltr'>necessitas</span> <span class='ocrx_word' id='word_1_581' title='bbox 1628 2144 1859 2192; x_wconf 89' lang='lat' dir='ltr'>cohibuisset,</span> <span class='ocrx_word' id='word_1_582' title='bbox 1882 2154 1916 2183; x_wconf 91' lang='lat' dir='ltr'>te</span> <span class='ocrx_word' id='word_1_583' title='bbox 1937 2145 2084 2183; x_wconf 82' lang='lat' dir='ltr'>forsitan</span> <span class='ocrx_word' id='word_1_584' title='bbox 2100 2145 2262 2184; x_wconf 82' lang='lat' dir='ltr'>abdicas·</span> 
     </span>
     <span class='ocr_line' id='line_1_77' title="bbox 1307 2205 2259 2259; baseline 0.003 -16"><span class='ocrx_word' id='word_1_585' title='bbox 1307 2215 1369 2243; x_wconf 86' lang='lat' dir='ltr'>set.</span> <span class='ocrx_word' id='word_1_586' title='bbox 1402 2206 1526 2256; x_wconf 89' lang='lat' dir='ltr'>ltaque</span> <span class='ocrx_word' id='word_1_587' title='bbox 1539 2236 1550 2251; x_wconf 91' lang='lat'>,</span> <span class='ocrx_word' id='word_1_588' title='bbox 1587 2205 1654 2243; x_wconf 91' lang='lat' dir='ltr'>nisi</span> <span class='ocrx_word' id='word_1_589' title='bbox 1687 2215 1804 2244; x_wconf 85' lang='lat' dir='ltr'>tamen</span> <span class='ocrx_word' id='word_1_590' title='bbox 1836 2206 1944 2244; x_wconf 86' lang='lat' dir='ltr'>nimis</span> <span class='ocrx_word' id='word_1_591' title='bbox 1971 2206 2129 2259; x_wconf 81' lang='lat' dir='ltr'>ineptum</span> <span class='ocrx_word' id='word_1_592' title='bbox 2163 2208 2259 2258; x_wconf 87' lang='lat' dir='ltr'>quod</span> 
     </span>
     <span class='ocr_line' id='line_1_78' title="bbox 1306 2265 2260 2318; baseline 0.003 -15"><span class='ocrx_word' id='word_1_593' title='bbox 1306 2265 1424 2304; x_wconf 91' lang='lat' dir='ltr'>dicam</span> <span class='ocrx_word' id='word_1_594' title='bbox 1438 2266 1616 2313; x_wconf 85' lang='lat' dir='ltr'>videatur,</span> <span class='ocrx_word' id='word_1_595' title='bbox 1639 2266 1794 2305; x_wconf 86' lang='lat' dir='ltr'>arbitror</span> <span class='ocrx_word' id='word_1_596' title='bbox 1812 2267 1915 2304; x_wconf 87' lang='lat' dir='ltr'>illum</span> <span class='ocrx_word' id='word_1_597' title='bbox 1936 2282 2011 2305; x_wconf 79' lang='lat' dir='ltr'>rem</span> <span class='ocrx_word' id='word_1_598' title='bbox 2031 2277 2162 2318; x_wconf 81' lang='lat' dir='ltr'>gestam</span> <span class='ocrx_word' id='word_1_599' title='bbox 2177 2283 2260 2307; x_wconf 89' lang='lat' dir='ltr'>cum</span> 
     </span>
     <span class='ocr_line' id='line_1_79' title="bbox 1305 2327 2259 2380; baseline 0.002 -15"><span class='ocrx_word' id='word_1_600' title='bbox 1305 2327 1488 2380; x_wconf 78' lang='lat' dir='ltr'>voluptate</span> <span class='ocrx_word' id='word_1_601' title='bbox 1501 2327 1725 2375; x_wconf 86' lang='lat' dir='ltr'>auditurum,</span> <span class='ocrx_word' id='word_1_602' title='bbox 1739 2328 1839 2378; x_wconf 86' lang='lat' dir='ltr'>quasi</span> <span class='ocrx_word' id='word_1_603' title='bbox 1853 2342 1973 2380; x_wconf 87' lang='lat' dir='ltr'>poenas</span> <span class='ocrx_word' id='word_1_604' title='bbox 1987 2328 2145 2373; x_wconf 82' lang='lat' dir='ltr'>dederis,</span> <span class='ocrx_word' id='word_1_605' title='bbox 2164 2331 2259 2380; x_wconf 85' lang='lat' dir='ltr'>quod</span> 
     </span>
     <span class='ocr_line' id='line_1_80' title="bbox 1304 2389 2257 2441; baseline 0.002 -15"><span class='ocrx_word' id='word_1_606' title='bbox 1304 2398 1425 2427; x_wconf 88' lang='lat' dir='ltr'>orante</span> <span class='ocrx_word' id='word_1_607' title='bbox 1443 2389 1506 2426; x_wconf 90' lang='lat' dir='ltr'>illo</span> <span class='ocrx_word' id='word_1_608' title='bbox 1521 2390 1663 2441; x_wconf 64' lang='lat' dir='ltr'>saepius,</span> <span class='ocrx_word' id='word_1_609' title='bbox 1683 2398 1789 2440; x_wconf 80' lang='lat' dir='ltr'>atque</span> <span class='ocrx_word' id='word_1_610' title='bbox 1804 2404 1823 2426; x_wconf 89' lang='lat' dir='ltr'>a</span> <span class='ocrx_word' id='word_1_611' title='bbox 1842 2390 1926 2427; x_wconf 71' lang='lat' dir='ltr'>vita}</span> <span class='ocrx_word' id='word_1_612' title='bbox 1950 2390 2052 2428; x_wconf 88' lang='lat' dir='ltr'>istius</span> <span class='ocrx_word' id='word_1_613' title='bbox 2071 2391 2257 2428; x_wconf 72' lang='lat' dir='ltr'>toleranti-1</span> 
     </span>
     <span class='ocr_line' id='line_1_81' title="bbox 1303 2450 2254 2503; baseline 0.001 -15"><span class='ocrx_word' id='word_1_614' title='bbox 1303 2459 1336 2488; x_wconf 87' lang='lat' dir='ltr'>te</span> <span class='ocrx_word' id='word_1_615' title='bbox 1348 2464 1528 2488; x_wconf 85' lang='lat' dir='ltr'>removere</span> <span class='ocrx_word' id='word_1_616' title='bbox 1540 2450 1717 2502; x_wconf 86' lang='lat' dir='ltr'>cupiente,</span> <span class='ocrx_word' id='word_1_617' title='bbox 1729 2450 1918 2488; x_wconf 89' lang='lat' dir='ltr'>consilium</span> <span class='ocrx_word' id='word_1_618' title='bbox 1934 2451 2046 2503; x_wconf 81' lang='lat' dir='ltr'>ipsius</span> <span class='ocrx_word' id='word_1_619' title='bbox 2062 2465 2254 2502; x_wconf 72' lang='lat' dir='ltr'>numquam</span> 
     </span>
     <span class='ocr_line' id='line_1_82' title="bbox 1303 2511 1501 2549; baseline -0.005 0"><span class='ocrx_word' id='word_1_620' title='bbox 1303 2511 1501 2549; x_wconf 85' lang='lat' dir='ltr'>admiseris.</span> 
     </span>
     <span class='ocr_line' id='line_1_83' title="bbox 1353 2570 2255 2624; baseline -0.001 -13"><span class='ocrx_word' id='word_1_621' title='bbox 1353 2574 1390 2611; x_wconf 64' lang='lat' dir='ltr'>l..</span> <span class='ocrx_word' id='word_1_622' title='bbox 1412 2573 1459 2611; x_wconf 87' lang='lat' dir='ltr'>Et</span> <span class='ocrx_word' id='word_1_623' title='bbox 1477 2571 1521 2610; x_wconf 89' lang='lat' dir='ltr'>de</span> <span class='ocrx_word' id='word_1_624' title='bbox 1541 2580 1639 2624; x_wconf 83' lang='lat' dir='ltr'>patre</span> <span class='ocrx_word' id='word_1_625' title='bbox 1657 2570 1801 2622; x_wconf 86' lang='lat' dir='ltr'>quidem</span> <span class='ocrx_word' id='word_1_626' title='bbox 1821 2584 1860 2609; x_wconf 79' lang='lat' dir='ltr'>ac</span> <span class='ocrx_word' id='word_1_627' title='bbox 1877 2571 2005 2608; x_wconf 86' lang='lat' dir='ltr'>timore</span> <span class='ocrx_word' id='word_1_628' title='bbox 2024 2581 2100 2619; x_wconf 88' lang='lat' dir='ltr'>tuo,</span> <span class='ocrx_word' id='word_1_629' title='bbox 2122 2586 2193 2623; x_wconf 86' lang='lat' dir='ltr'>quo</span> <span class='ocrx_word' id='word_1_630' title='bbox 2211 2573 2255 2610; x_wconf 74' lang='lat' dir='ltr'>dc</span> 
     </span>
     <span class='ocr_line' id='line_1_84' title="bbox 1256 2631 2255 2683; baseline 0.001 -12"><span class='ocrx_word' id='word_1_631' title='bbox 1256 2632 1286 2658; x_wconf 65' lang='lat'>⁸³·</span> <span class='ocrx_word' id='word_1_632' title='bbox 1301 2633 1363 2672; x_wconf 88' lang='lat' dir='ltr'>illo</span> <span class='ocrx_word' id='word_1_633' title='bbox 1380 2633 1536 2670; x_wconf 81' lang='lat' dir='ltr'>maxime</span> <span class='ocrx_word' id='word_1_634' title='bbox 1546 2631 1719 2670; x_wconf 83' lang='lat' dir='ltr'>sollicitus</span> <span class='ocrx_word' id='word_1_635' title='bbox 1732 2646 1780 2678; x_wconf 79' lang='lat' dir='ltr'>eS,</span> <span class='ocrx_word' id='word_1_636' title='bbox 1792 2631 1857 2669; x_wconf 78' lang='lat' dir='ltr'>ista</span> <span class='ocrx_word' id='word_1_637' title='bbox 1873 2631 1982 2669; x_wconf 78' lang='lat' dir='ltr'>habui</span> <span class='ocrx_word' id='word_1_638' title='bbox 1997 2646 2075 2683; x_wconf 75' lang='lat' dir='ltr'>qua:</span> <span class='ocrx_word' id='word_1_639' title='bbox 2087 2633 2255 2677; x_wconf 77' lang='lat' dir='ltr'>dicerem.</span> 
     </span>
     <span class='ocr_line' id='line_1_85' title="bbox 1298 2691 2253 2745; baseline 0.001 -14"><span class='ocrx_word' id='word_1_640' title='bbox 1298 2694 1511 2732; x_wconf 77' lang='lat' dir='ltr'>sufficientia</span> <span class='ocrx_word' id='word_1_641' title='bbox 1529 2723 1538 2735; x_wconf 80' lang='grc'>,</span> <span class='ocrx_word' id='word_1_642' title='bbox 1571 2701 1610 2730; x_wconf 88' lang='lat' dir='ltr'>ut</span> <span class='ocrx_word' id='word_1_643' title='bbox 1637 2706 1740 2740; x_wconf 85' lang='lat' dir='ltr'>reor,</span> <span class='ocrx_word' id='word_1_644' title='bbox 1771 2691 1814 2729; x_wconf 85' lang='lat' dir='ltr'>ad</span> <span class='ocrx_word' id='word_1_645' title='bbox 1836 2706 1977 2730; x_wconf 86' lang='lat' dir='ltr'>omnem</span> <span class='ocrx_word' id='word_1_646' title='bbox 2005 2693 2253 2745; x_wconf 79' lang='lat' dir='ltr'>hujuscemodi</span> 
     </span>
     <span class='ocr_line' id='line_1_86' title="bbox 1299 2751 2251 2798; baseline 0.001 -6"><span class='ocrx_word' id='word_1_647' title='bbox 1299 2765 1433 2792; x_wconf 82' lang='lat' dir='ltr'>metum</span> <span class='ocrx_word' id='word_1_648' title='bbox 1458 2751 1739 2791; x_wconf 79' lang='lat' dir='ltr'>excludendum.</span> <span class='ocrx_word' id='word_1_649' title='bbox 1768 2752 1946 2798; x_wconf 78' lang='lat' dir='ltr'>Quoniam</span> <span class='ocrx_word' id='word_1_650' title='bbox 1972 2768 2056 2792; x_wconf 76' lang='lat' dir='ltr'>vcro</span> <span class='ocrx_word' id='word_1_651' title='bbox 2075 2755 2251 2793; x_wconf 76' lang='lat' dir='ltr'>malorum</span> 
     </span>
     <span class='ocr_line' id='line_1_87' title="bbox 1299 2814 2253 2866; baseline 0.002 -14"><span class='ocrx_word' id='word_1_652' title='bbox 1299 2825 1441 2853; x_wconf 83' lang='lat' dir='ltr'>tuorum</span> <span class='ocrx_word' id='word_1_653' title='bbox 1461 2828 1637 2851; x_wconf 85' lang='lat' dir='ltr'>summam</span> <span class='ocrx_word' id='word_1_654' title='bbox 1656 2826 1730 2850; x_wconf 74' lang='lat' dir='ltr'>csse</span> <span class='ocrx_word' id='word_1_655' title='bbox 1748 2814 1941 2861; x_wconf 73' lang='lat' dir='ltr'>asserebas,</span> <span class='ocrx_word' id='word_1_656' title='bbox 1963 2814 2058 2866; x_wconf 84' lang='lat' dir='ltr'>quod</span> <span class='ocrx_word' id='word_1_657' title='bbox 2080 2830 2193 2866; x_wconf 74' lang='lat' dir='ltr'>neque</span> <span class='ocrx_word' id='word_1_658' title='bbox 2208 2817 2253 2854; x_wconf 61' lang='lat' dir='ltr'>d«-</span> 
     </span>
     <span class='ocr_line' id='line_1_88' title="bbox 1299 2873 2251 2929; baseline -0.002 -15"><span class='ocrx_word' id='word_1_659' title='bbox 1299 2876 1429 2914; x_wconf 84' lang='lat' dir='ltr'>suturis</span> <span class='ocrx_word' id='word_1_660' title='bbox 1457 2889 1573 2927; x_wconf 76' lang='lat' dir='ltr'>posses</span> <span class='ocrx_word' id='word_1_661' title='bbox 1593 2873 1786 2919; x_wconf 78' lang='lat' dir='ltr'>confidere,</span> <span class='ocrx_word' id='word_1_662' title='bbox 1809 2888 1921 2926; x_wconf 81' lang='lat' dir='ltr'>neque</span> <span class='ocrx_word' id='word_1_663' title='bbox 1939 2876 2045 2914; x_wconf 80' lang='lat' dir='ltr'>scires</span> <span class='ocrx_word' id='word_1_664' title='bbox 2063 2876 2251 2929; x_wconf 72' lang='lat' dir='ltr'>hujusmo-</span> 
     </span>
     <span class='ocr_line' id='line_1_89' title="bbox 1296 2934 2249 2986; baseline 0.002 -11"><span class='ocrx_word' id='word_1_665' title='bbox 1296 2937 1380 2975; x_wconf 86' lang='lat' dir='ltr'>dine</span> <span class='ocrx_word' id='word_1_666' title='bbox 1412 2949 1581 2986; x_wconf 75' lang='lat' dir='ltr'>umquam</span> <span class='ocrx_word' id='word_1_667' title='bbox 1612 2934 1766 2972; x_wconf 78' lang='lat' dir='ltr'>vinculis</span> <span class='ocrx_word' id='word_1_668' title='bbox 1790 2935 1984 2974; x_wconf 72' lang='lat' dir='ltr'>solvendus</span> <span class='ocrx_word' id='word_1_669' title='bbox 2008 2952 2100 2976; x_wconf 71' lang='lat' dir='ltr'>esses</span> <span class='ocrx_word' id='word_1_670' title='bbox 2116 2967 2126 2982; x_wconf 83' lang='grc'><strong>.</strong></span> <span class='ocrx_word' id='word_1_671' title='bbox 2149 2953 2194 2977; x_wconf 76' lang='lat' dir='ltr'>an</span> <span class='ocrx_word' id='word_1_672' title='bbox 2215 2942 2249 2977; x_wconf 86' lang='grc' dir='ltr'>ιιι</span> 
     </span>
     <span class='ocr_line' id='line_1_90' title="bbox 1297 2995 2248 3051; baseline 0.001 -14"><span class='ocrx_word' id='word_1_673' title='bbox 1297 3001 1402 3036; x_wconf 79' lang='lat' dir='ltr'>linem</span> <span class='ocrx_word' id='word_1_674' title='bbox 1422 3011 1530 3047; x_wconf 74' lang='lat' dir='ltr'>nsque</span> <span class='ocrx_word' id='word_1_675' title='bbox 1548 3010 1706 3048; x_wconf 71' lang='lat' dir='ltr'>pugnare</span> <span class='ocrx_word' id='word_1_676' title='bbox 1727 3005 1757 3033; x_wconf 78' lang='lat' dir='ltr'>tc</span> <span class='ocrx_word' id='word_1_677' title='bbox 1777 2995 1837 3034; x_wconf 79' lang='lat' dir='ltr'>ille</span> <span class='ocrx_word' id='word_1_678' title='bbox 1852 2995 2080 3041; x_wconf 44' lang='lat' dir='ltr'>decrevisset.</span> <span class='ocrx_word' id='word_1_679' title='bbox 2103 3002 2163 3051; x_wconf 81' lang='lat' dir='ltr'>qui</span> <span class='ocrx_word' id='word_1_680' title='bbox 2185 3001 2248 3038; x_wconf 70' lang='lat' dir='ltr'>tihi</span> 
     </span>
     <span class='ocr_line' id='line_1_91' title="bbox 1296 3056 2247 3112; baseline 0.003 -16"><span class='ocrx_word' id='word_1_681' title='bbox 1296 3069 1469 3097; x_wconf 74' lang='lat' dir='ltr'>certamen</span> <span class='ocrx_word' id='word_1_682' title='bbox 1491 3058 1556 3094; x_wconf 82' lang='grc' dir='ltr'>Ιιυι·</span> <span class='ocrx_word' id='word_1_683' title='bbox 1578 3058 1775 3108; x_wconf 76' lang='lat' dir='ltr'>proposuit.</span> <span class='ocrx_word' id='word_1_684' title='bbox 1797 3070 1839 3093; x_wconf 83' lang='grc' dir='ltr'>ιιι·</span> <span class='ocrx_word' id='word_1_685' title='bbox 1857 3056 1931 3109; x_wconf 80' lang='lat' dir='ltr'>ipse</span> <span class='ocrx_word' id='word_1_686' title='bbox 1949 3058 2093 3109; x_wconf 75' lang='lat' dir='ltr'>quidem</span> <span class='ocrx_word' id='word_1_687' title='bbox 2115 3061 2247 3112; x_wconf 73' lang='lat' dir='ltr'>explo-</span> 
     </span>
     <span class='ocr_line' id='line_1_92' title="bbox 1295 3115 2246 3167; baseline 0 -9"><span class='ocrx_word' id='word_1_688' title='bbox 1295 3129 1411 3159; x_wconf 75' lang='lat' dir='ltr'>ratum</span> <span class='ocrx_word' id='word_1_689' title='bbox 1432 3132 1471 3156; x_wconf 65' lang='lat' dir='ltr'>:nc</span> <span class='ocrx_word' id='word_1_690' title='bbox 1491 3126 1624 3155; x_wconf 73' lang='lat' dir='ltr'>rei-tum</span> <span class='ocrx_word' id='word_1_691' title='bbox 1645 3116 1781 3167; x_wconf 72' lang='lat' dir='ltr'>aliquid</span> <span class='ocrx_word' id='word_1_692' title='bbox 1801 3115 1941 3162; x_wconf 73' lang='lat' dir='ltr'>dicere.</span> <span class='ocrx_word' id='word_1_693' title='bbox 1962 3129 2024 3158; x_wconf 78' lang='lat' dir='ltr'>ant</span> <span class='ocrx_word' id='word_1_694' title='bbox 2044 3120 2246 3159; x_wconf 72' lang='lat' dir='ltr'>fututurum</span> 
     </span>
     <span class='ocr_line' id='line_1_93' title="bbox 1294 3178 2243 3231; baseline 0.004 -14"><span class='ocrx_word' id='word_1_695' title='bbox 1294 3190 1439 3220; x_wconf 68' lang='lat' dir='ltr'>eventus</span> <span class='ocrx_word' id='word_1_696' title='bbox 1458 3179 1596 3231; x_wconf 74' lang='lat' dir='ltr'>aperire</span> <span class='ocrx_word' id='word_1_697' title='bbox 1609 3192 1773 3231; x_wconf 77' lang='lat' dir='ltr'>poss1nu3</span> <span class='ocrx_word' id='word_1_698' title='bbox 1794 3178 1885 3218; x_wconf 82' lang='lat' dir='ltr'>illud</span> <span class='ocrx_word' id='word_1_699' title='bbox 1906 3182 2243 3221; x_wconf 70' lang='lat' dir='ltr'>t.-nn‹=nsci01u.-mi-</span> 
     </span>
     <span class='ocr_line' id='line_1_94' title="bbox 1295 3240 2243 3292; baseline 0.001 -12"><span class='ocrx_word' id='word_1_700' title='bbox 1295 3244 1390 3290; x_wconf 72' lang='lat' dir='ltr'>scstr,</span> <span class='ocrx_word' id='word_1_701' title='bbox 1408 3241 1544 3291; x_wconf 75' lang='lat' dir='ltr'>tibique</span> <span class='ocrx_word' id='word_1_702' title='bbox 1561 3253 1768 3292; x_wconf 64' lang='lat' dir='ltr'>persuasum</span> <span class='ocrx_word' id='word_1_703' title='bbox 1785 3240 1904 3292; x_wconf 80' lang='lat' dir='ltr'>cupio,</span> <span class='ocrx_word' id='word_1_704' title='bbox 1924 3242 2100 3280; x_wconf 77' lang='lat' dir='ltr'>utrumvis</span> <span class='ocrx_word' id='word_1_705' title='bbox 2116 3243 2243 3282; x_wconf 72' lang='grc' dir='ltr'>ΙιυιῚιιιι</span> 
     </span>
    </p>
   </div>
   <div class='ocr_carea' id='block_1_14' title="bbox 1252 3380 1902 3426">
    <p class='ocr_par' dir='ltr' id='par_1_15' title="bbox 1252 3380 1902 3426">
     <span class='ocr_line' id='line_1_95' title="bbox 1252 3380 1902 3426; baseline 0.003 -15"><span class='ocrx_word' id='word_1_706' title='bbox 1252 3387 1289 3424; x_wconf 69' lang='lat' dir='ltr'>v}</span> <span class='ocrx_word' id='word_1_707' title='bbox 1340 3384 1354 3404; x_wconf 77' lang='lat'>¹·</span> <span class='ocrx_word' id='word_1_708' title='bbox 1379 3383 1404 3411; x_wconf 63' lang='grc' dir='ltr'>Γ.</span> <span class='ocrx_word' id='word_1_709' title='bbox 1422 3382 1463 3413; x_wconf 74' lang='lat' dir='ltr'>»lh</span> <span class='ocrx_word' id='word_1_710' title='bbox 1497 3389 1524 3411; x_wconf 56' lang='lat'>«⁴1</span> <span class='ocrx_word' id='word_1_711' title='bbox 1548 3380 1646 3413; x_wconf 57' lang='lat' dir='ltr'>5.tx&#39;il.</span> <span class='ocrx_word' id='word_1_712' title='bbox 1678 3386 1834 3426; x_wconf 41' lang='lat' dir='ltr'>&amp;fust-251.</span> <span class='ocrx_word' id='word_1_713' title='bbox 1862 3397 1902 3419; x_wconf 54' lang='lat' dir='ltr'>r:A</span> 
     </span>
    </p>
   </div>
  </div>
 </body>
</html>
