2513 3871
186 2678 277 2706 ,loan-

189 2725 239 2747 20.

193 3044 266 3073 Luc.
290 3044 334 3072 εΗ.

325 2675 370 2703 16.

388 198 478 244 208
821 209 858 238 s.
897 207 1083 238 somnis
1121 204 1366 237 cunvsosr.

384 296 507 333 Postea
539 305 622 330 vero
642 292 688 340 ii,
713 291 776 342 qui
797 290 902 328 illum
921 298 1099 337 emerant,
1119 302 1188 327 uon
1215 288 1342 327 saltem

382 354 494 392 libero
521 352 682 401 homini,
711 350 774 390 sed
801 364 904 389 servo
931 350 1038 389 illum
1065 349 1163 401 regio
1182 348 1341 387 vendunt
1364 359 1389 390 D

381 416 521 452 iterum.
550 414 673 464 Neque
697 412 867 450 hactenus
886 411 1038 450 adversa
1058 419 1255 456 steterunt,
1278 409 1341 449 sed

380 475 415 512 iu
432 473 587 513 dominae
599 473 817 512 calumniam
833 472 972 520 incidit,
988 471 1252 523 damnatusque
1266 485 1343 511 car·

380 549 495 574 rerem
518 548 631 574 annos
649 534 825 587 plurimos
850 533 1002 580 habitat,
1023 542 1057 571 et
1083 532 1341 585 effugientibus

381 598 519 635 caeteris
534 627 543 640 .
571 595 749 650 ampliore
776 596 851 635 illic
876 605 1040 649 tempore
1058 595 1134 648 ipse
1152 594 1337 648 perdurat.

380 659 544 709 Cumque
561 666 657 696 tanta
678 667 791 696 essent
810 671 892 708 quze
907 656 1007 695 illius
1024 657 1185 694 animum
1202 665 1341 709 pertur-

378 719 466 758 bare
484 728 648 772 possent,
672 728 836 757 constans
856 728 972 757 tamen
992 726 1207 771 perseverat.
1235 717 1343 768 Ejus·

380 779 478 819 modi
509 794 593 818 vero
620 779 727 818 etiam
755 789 875 818 nostra
899 788 1009 825 sunt,
1033 778 1106 817 imo
1133 792 1218 816 vero
1239 778 1343 829 longe

380 840 620 894 perplexiora.
642 841 733 888 Quae
748 841 843 879 enim
863 840 1035 893 promissa
1055 849 1137 878 sunt
1154 839 1268 886 nobis,
1289 854 1342 878 re-

379 914 490 952 gnum
507 901 695 947 caelorum,
714 911 749 940 et
766 901 840 939 vita
860 910 1013 946 aeterua,
1038 910 1072 939 et
1092 900 1313 953 incorruptio
1328 931 1338 950 ,

379 971 414 1001 et
439 962 580 1001 infinita
605 972 688 1001 sunt
706 963 822 1010 bona;
849 976 931 1014 quae
949 969 1069 1000 autem
1092 961 1231 999 interim
1252 975 1342 999 con-

379 1024 545 1076 tingunt,
563 1023 670 1062 valde
687 1024 734 1062 ab
751 1023 809 1062 bis
827 1033 960 1062 remota
981 1032 1087 1074 atque
1104 1022 1219 1060 aliena
1238 1031 1340 1060 sunt:

380 1098 478 1123 mors
496 1084 631 1123 scilicet
649 1094 684 1122 et
703 1085 899 1137 corruptio,
927 1097 1028 1137 poena
1048 1093 1082 1121 et
1102 1083 1337 1135 supplicium,

381 1154 416 1184 et
441 1145 651 1184 tentationes
674 1145 784 1183 varim
811 1160 852 1183 ac
879 1145 1093 1195 frequentes.
1128 1145 1242 1194 Cujus
1260 1157 1344 1194 ergo

381 1206 432 1245 rei
448 1208 561 1258 gratia
578 1206 646 1244 hoe
660 1206 744 1243 facit
762 1207 869 1252 Deus,
895 1205 1146 1257 permittitque
1165 1204 1345 1241 contraria

382 1267 568 1319 promissis
597 1265 794 1304 advenire?
827 1265 1008 1304 Nimirum
1040 1273 1079 1302 ut
1108 1278 1154 1302 ex
1186 1264 1254 1302 hoe
1272 1265 1344 1302 duo

382 1327 540 1365 maxima
555 1326 647 1364 bona
667 1327 786 1364 eliciat
807 1341 815 1362 :
833 1340 879 1364 ex
897 1325 1008 1363 altero
1025 1324 1263 1362 certissimum
1282 1338 1342 1377 po·

381 1387 499 1426 tentiae
517 1387 631 1440 ipsius
643 1396 894 1438 argumentum
906 1386 1080 1438 praebens,
1094 1385 1191 1437 quod
1208 1385 1346 1423 scilicet

382 1448 492 1500 possit
520 1444 804 1500 desperatissima
832 1447 1006 1499 promissa
1037 1460 1100 1484 sua
1143 1460 1206 1498 spe
1238 1455 1345 1497 atque

380 1509 549 1562 opinione
576 1509 704 1547 melius
729 1509 921 1561 perficere,
949 1522 995 1547 ex
1014 1508 1124 1546 altero
1141 1517 1263 1546 autem
1282 1522 1345 1546 no-

381 1581 472 1610 stros
490 1570 629 1609 animos
648 1569 833 1618 erudiens,
852 1580 892 1609 ut
913 1570 948 1608 in
969 1569 1108 1608 cunctis
1128 1569 1196 1621 ipsi
1216 1569 1344 1608 creda-

1365 1095 1388 1125 Ε

383 1646 479 1676 mus.
499 1631 565 1669 etsi
585 1631 692 1670 dictis
713 1632 803 1669 facta
824 1630 1002 1670 contraria
1021 1629 1214 1669 videantur
1232 1643 1344 1668 emer-
1357 1672 1405 1697 ¹70

1408 204 1598 237 auctus?
1607 225 1616 236 .
1658 204 2000 237 cousraurtuov
2009 225 2019 233 .

1413 289 1511 339 μένει
1531 291 1614 328 ἐκεῖ.
1635 290 1705 328 Καὶ
1728 289 1904 328 τοσούτων
1928 289 2037 326 ὄντων
2069 288 2137 325 τῶν
2162 285 2364 337 δυναμένων
2382 286 2446 334 τὴν

1412 350 1545 389 ἑκείνου
1558 350 1753 403 θορυὸἦσαι
1772 350 1904 402 ψυχὴν,
1919 349 2021 398 ἔμενε
2035 348 2169 393 τούτοις
2178 348 2310 387 ἅπασιν
2325 348 2447 400 ἀπερί·

1410 426 1570 464 τρεπτος.
1587 413 1746 451 Τοιαῦτα
1766 411 1801 450 δὲ
1822 410 1882 448 καὶ
1901 408 1946 447 τὰ
1970 409 2127 461 ἡμέτερα
2140 438 2150 455 ,
2173 411 2306 460 μᾶλλον
2325 408 2363 448 δὲ
2383 409 2446 448 καὶ

1409 473 1533 526 πολλῷ
1541 472 1673 512 τούτων
1688 470 1951 523 α’πορωτεριἌ
1967 470 2030 519 μὲν
2044 469 2114 522 γὰρ
2125 469 2373 522 ἐπηγγείλατο,
2382 471 2445 521 βα·

1410 534 1525 573 σιλεία
1546 534 1722 586 οὐρανῶν,
1742 532 1803 570 καὶ
1824 530 1961 574 αἰώνιος
1981 530 2070 578 ζωὴ,
2089 530 2147 568 καὶ
2168 530 2345 584 ἅφθαρσία
2357 559 2368 578 ,
2382 530 2445 570 καὶ

1410 593 1454 634 τὰ
1475 595 1582 647 μυρία
1610 593 1736 645 ἀγαθά·
1758 592 1802 630 τὰ
1821 591 1858 631 δὲ
1887 591 2053 642 γινόμενα
2077 591 2165 635 τέως
2194 591 2255 629 καὶ
2286 591 2445 642 συμὸαί-

1409 671 1513 694 νοντα
1546 655 1636 693 πολὺ
1655 654 1786 693 τούτοιν
1808 653 2004 705 ἀφέστηκε·
2025 652 2171 694 Θάνατος
2190 652 2259 703 γάρ
2279 653 2358 692 ἔστι
2382 652 2444 691 καὶ

1410 717 1521 770 φθορὰ
1547 717 1606 755 καὶ
1622 715 1776 766 τιμωρία
1809 716 1870 752 καὶ
1888 715 2030 759 κόλασις
2050 713 2111 751 καὶ
2131 712 2263 764 θλίψεις
2285 712 2444 766 διάφοροι

1412 779 1471 816 καὶ
1503 783 1671 829 συνεχεῖς.
1698 777 1804 820 Τίνος
1823 769 1881 814 οὖν
1902 774 2018 814 ἕνεκεν
2045 777 2064 813 ὁ
2087 774 2178 818 Θεὸς
2196 777 2300 813 τοῦτο
2326 778 2442 819 ποιεῖ,

1411 840 1471 878 καὶ
1498 839 1542 877 τὰ
1563 837 1701 877 ἐναντία
1720 843 1796 881 ταῖς
1825 835 2050 888 ἐπαγγελίαις
2081 834 2228 882 ἐκὸἦναι
2246 841 2444 889 συγχωρεῖς

1411 901 1483 939 Δύο
1502 900 1547 938 τὰ
1568 900 1718 952 μέγιστα
1737 901 1930 950 κατορθῶν,
1956 897 1993 936 ἓν
2021 897 2101 948 μὲν,
2121 900 2185 944 τῆς
2205 898 2310 936 αὑτοῦ
2341 895 2445 935 δυνά-

1412 977 1505 1013 μεως
1524 961 1715 1013 τεκμήριον
1747 958 2062 1010 ἀναμφισὸήτητον
2088 958 2256 1010 παρέχων
2271 960 2372 1008 ἡμῖν,
2387 955 2444 996 ὅτι

1410 1023 1471 1061 καὶ
1491 1022 1525 1067 ἐξ
1546 1020 1828 1072 ἀπεγνωσμένων
1847 1019 1980 1058 δύναιτ’
1998 1019 2039 1057 ἂν
2060 1021 2109 1064 εἰς
2139 1019 2251 1071 πέρας
2268 1017 2332 1063 τὰς
2359 1022 2444 1058 ὑκο-

1411 1083 1552 1135 σχέσεις
1573 1085 1737 1133 ἀγαγεῖν·
1759 1081 1876 1132 ἕτερον
1906 1081 1964 1128 δὲ,
1988 1081 2053 1126 τὴν
2072 1079 2249 1132 ἡμετέραν
2267 1078 2443 1119 παιδεύων

1410 1144 1526 1196 ψυχὴν
1545 1144 1660 1183 πάντα
1681 1142 1857 1182 πιστεύειν
1876 1144 1985 1192 αὐτῷ,
2003 1142 2068 1180 κᾶν
2088 1141 2228 1181 ἐναντία
2245 1147 2318 1185 τοῖς
2342 1143 2443 1193 εἰρη-

1408 1206 1529 1255 μένοις
1547 1204 1592 1242 τὰ
1606 1203 1774 1255 γινόμενα
1794 1202 1977 1254 φαίνηται.
1998 1202 2156 1249 Τοιαύτη
2175 1202 2244 1255 γὰρ
2262 1205 2285 1249 ἡ
2304 1205 2368 1250 τῆς
2386 1204 2444 1241 ἰλ-

1411 1265 1511 1308 πίδος
1541 1264 1660 1316 ἰσχύς·
1685 1267 1724 1301 οὐ
1751 1263 1980 1315 καταισχύνει
2004 1263 2063 1302 τὸν
2084 1263 2316 1315 ἀπεχόμενον
2335 1266 2443 1311 αὐτῆς

1413 1327 1618 1377 εἰλικρινῶς.
1640 1326 1681 1363 Εἰ
1700 1323 1769 1375 γὰρ
1784 1325 1816 1362 οἱ
1836 1323 1899 1367 τὰς
1917 1323 2125 1376 ὑποσχέσεις
2145 1326 2294 1362 ἐνταῦθα
2316 1323 2443 1364 λαθόν-

1412 1403 1467 1431 τες
1500 1387 1590 1425 οὕτω
1623 1385 1846 1433 διετέθησαν,
1882 1386 2004 1437 πολλῷ
2044 1386 2177 1436 μᾶλλον
2214 1388 2309 1436 ἡμᾶς
2341 1388 2445 1425 τοῦτο

1413 1455 1525 1488 ποιεῖν
1551 1447 1621 1500 χρὴ
1633 1479 1643 1495 ,
1661 1447 1738 1491 τοὺς
1757 1449 1796 1485 οὐ
1815 1446 1908 1485 κατὰ
1927 1447 1985 1486 τὸν
2005 1447 2165 1499 παρόντα
2185 1446 2280 1498 βίον,
2296 1447 2374 1486 ἀλλ’
2394 1448 2443 1488 εἰς

1412 1510 1548 1561 ἑτέρους
1566 1511 1695 1553 αἰῶνας
1719 1508 1988 1561 προσδοκῶντας
2007 1507 2070 1554 τὴν
2092 1506 2237 1548 ἔκὸασιν
2254 1510 2325 1546 τῶν
2350 1523 2444 1561 χρη-

1413 1575 1519 1610 στῶν.
1534 1571 1575 1609 Ἃ
1590 1570 1659 1622 γὰρ
1679 1572 1827 1608 ἐνταῦθα
1845 1575 2005 1621 προεῖπε,
2019 1569 2134 1621 θλῖψίς
2154 1571 2228 1608 ἔστι
2247 1568 2309 1607 καὶ
2328 1583 2445 1608 στενο·

1414 1633 1539 1686 χωρία.
1561 1632 1610 1672 Τί
1637 1627 1694 1671 οὖν
1715 1632 1790 1670 ἐστί
1809 1646 1848 1669 σε
1874 1631 1915 1670 τὸ
1935 1631 2122 1683 θορυὸοῧνς
2143 1630 2248 1670 πόθεν
2273 1630 2338 1678 τὴν
2358 1630 2443 1670 ὑπό·

382 1707 475 1746 gere.
497 1694 590 1731 Nam
609 1693 684 1746 spei
700 1693 815 1731 virtus
830 1691 1008 1745 ejusmodi
1025 1701 1091 1736 cst,
1115 1700 1152 1729 ut
1178 1705 1260 1729 eum
1281 1692 1344 1743 qui
1370 1709 1394 1737 Λ
1416 1710 1536 1746 σχεσιν
1558 1693 1764 1736 ὑποπτεύεις
1789 1697 1850 1730 τοῦ
1868 1695 1986 1739 Θεοῦ;
2007 1691 2061 1730 Τὸ
2085 1691 2154 1743 γὰρ
2181 1694 2443 1744 καταφρονῆσαι

385 1755 517 1793 sincere
543 1754 597 1792 illi
616 1753 815 1802 adhaereat,
845 1767 1041 1804 numquam
1071 1753 1244 1791 confundi
1265 1768 1349 1806 pcr-

386 1815 517 1853 mittat.
546 1815 585 1853 Si
607 1815 700 1853 enim
718 1815 767 1861 ii,
790 1814 850 1866 qui
873 1813 1048 1866 promissa
1077 1814 1111 1852 in
1132 1813 1198 1852 hoc
1218 1815 1348 1853 saeculo

385 1884 623 1928 acceperunt,
652 1874 701 1913 ita
731 1875 918 1926 insigniter
946 1875 1064 1913 affecti
1087 1885 1200 1924 sunt,
1235 1876 1348 1914 multo

388 1936 502 1988 magis
522 1937 558 1975 id
579 1949 642 1974 nos
658 1935 771 1974 facere
788 1949 926 1974 neccsse
943 1943 1010 1981 est,
1029 1936 1091 1986 qui
1109 1949 1176 1974 non
1199 1936 1232 1974 in
1254 1951 1348 1989 prze-

386 1997 476 2035 senti
497 1997 592 2044 vita,
611 1997 673 2035 sed
697 1993 733 2034 in
752 1997 836 2034 aliis
855 1997 993 2036 saeculis
1014 1998 1189 2035 bonorum
1208 1998 1346 2036 exitum

387 2067 646 2111 exspectamus.
668 2058 708 2095 Ιιι
728 2058 794 2096 hoc
813 2058 908 2096 enim
930 2058 1063 2096 sacculo
1085 2073 1267 2110 pressuras
1283 2073 1348 2097 no-
1385 2059 1392 2067 ‘

386 2118 443 2157 bis
457 2118 708 2170 angustiasque
725 2118 898 2171 promisit.
916 2118 1014 2165 Quid
1035 2133 1119 2169 ergo
1137 2119 1299 2170 estquod
1315 2129 1348 2158 te

386 2180 595 2232 perturbet?
609 2194 678 2231 qua
696 2181 832 2218 ratione
851 2189 1012 2233 suspecta
1030 2180 1160 2218 babeas
1174 2182 1347 2233 promissa

389 2241 487 2279 Dei?
520 2242 610 2279 Nam
641 2255 725 2279 cum
745 2241 835 2278 dicis
867 2250 901 2279 te
932 2241 978 2279 ab
1009 2256 1050 2280 co
1073 2241 1220 2294 negligi,
1244 2244 1347 2295 cujus

386 2317 493 2341 causa
533 2301 708 2340 mundum
748 2316 890 2340 omnem
927 2302 1123 2355 despexisti
1148 2332 1159 2352 ,
1207 2303 1346 2355 liquido

386 2362 544 2401 ostendis
567 2371 600 2400 te
618 2362 671 2400 illi
698 2376 766 2401 non
790 2362 950 2411 credere,
970 2378 1123 2414 euntque
1141 2374 1346 2418 suspectum

386 2423 536 2471 habere,
567 2424 799 2476 fallacemque
824 2424 1100 2476 promissionem
1121 2426 1197 2478 ejus
1217 2427 1347 2466 existi-

387 2500 493 2524 mare.
521 2486 560 2524 ld
583 2495 702 2524 autem
725 2500 807 2524 vere
826 2496 876 2524 cst
905 2501 924 2524 a
942 2486 1104 2525 dmmone
1123 2488 1279 2541 corripi,
1306 2503 1347 2526 ac

386 2546 553 2598 gehennae
579 2546 698 2598 ignem
718 2561 923 2599 provocare.
945 2547 1017 2586 scd
1040 2558 1122 2585 sunt
1144 2549 1204 2599 qui
1226 2550 1345 2588 saeculi

387 2607 539 2659 negotiis
568 2607 682 2646 dediti
705 2608 823 2659 quiete
844 2609 984 2648 vivunt.
1009 2610 1055 2648 Et
1083 2609 1181 2648 istud
1206 2623 1347 2663 quoque

389 2667 558 2720 praedixit
576 2668 741 2707 Christus
763 2684 770 2704 :
793 2670 940 2716 Amen,
961 2685 1077 2709 amen
1095 2672 1195 2718 dico,
1217 2672 1346 2723 inquit,

388 2731 512 2775 vobis,
537 2733 630 2781 quia
647 2729 852 2780 plorabitis
866 2730 1059 2783 etflebitis
1074 2746 1159 2780 vos,
1178 2733 1346 2771 'nundus

387 2800 517 2828 autem
531 2791 729 2841 gaudebit.
746 2791 818 2831 Sed
835 2802 867 2830 et
889 2793 924 2830 in
946 2793 1129 2845 prioribus
1148 2795 1344 2845 generatio-

389 2852 496 2889 nibus
518 2851 706 2904 Babylonii
722 2866 803 2890 cum
822 2854 935 2891 Deum
952 2854 1176 2904 ignorarent,
1192 2855 1322 2908 opibus
1336 2886 1345 2901 ,

391 2913 543 2963 potentia
563 2922 598 2951 et
627 2914 738 2964 gloria
761 2915 965 2966 pollebant;
991 2916 1106 2955 dud-ei
1131 2931 1214 2955 vcro
1233 2917 1346 2969 capti-

392 2974 513 3019 vitate,
534 2984 716 3021 servitute,
735 2977 975 3027 extremisque
992 2977 1256 3016 calamitatibus
1273 2993 1346 3031 prr>

393 3035 592 3074 tuebantur.
629 3038 672 3075 Et
702 3039 854 3076 Lazarus
880 3038 958 3086 ille,
989 3039 1051 3089 qui
1080 3052 1189 3091 regno
1217 3040 1346 3078 caelesti

392 3094 538 3145 diguus,
558 3097 737 3135 ulceribus
754 3098 878 3150 plenus
891 3113 1019 3138 canum
1038 3101 1170 3152 linguis
1183 3109 1259 3139 erat
1274 3115 1342 3139 cx·
1369 3111 1394 3142 C

397 3156 532 3208 positus
548 3187 558 3204 ,
581 3166 684 3208 atque
712 3168 883 3211 perpetuo
906 3174 987 3199 cum
1016 3162 1109 3199 sanie
1129 3160 1312 3214 pugnabat
1334 3178 1341 3199 :

397 3217 499 3256 dives
539 3232 622 3256 vcro
661 3221 695 3256 in
733 3221 866 3259 lionore
903 3237 944 3260 ae
975 3224 1146 3275 frequenti
1179 3224 1347 3263 satellitio

397 3287 431 3315 et
452 3277 570 3328 requie
595 3286 628 3316 et
655 3278 794 3318 deliciis
814 3282 924 3320 vitam
950 3281 1113 3323 ducebat.
1146 3287 1280 3324 Verum
1308 3295 1345 3323 ut

445 3410 458 3426 ⁸
483 3399 582 3432 Colli.
599 3400 713 3434 Codex
730 3403 815 3434 3056
830 3430 836 3441 ,
851 3413 883 3436 et
899 3406 1000 3439 savit.
1024 3423 1064 3444 τις
1083 3423 1264 3452 :opturatos-

1415 1756 1478 1805 μὲν
1500 1757 1543 1793 δι’
1569 1755 1673 1793 αὐτὸν
1706 1756 1766 1792 τοῦ
1805 1752 1938 1803 κόσμου
1970 1752 2115 1798 παντὸς,
2135 1751 2249 1803 λέγειν
2275 1752 2311 1790 δὲ
2337 1753 2444 1790 πάλιν

1413 1818 1614 1866 ἠμελῆσθαι
1642 1817 1726 1866 παρ’
1748 1817 1875 1859 αὐτοῦ,
1898 1812 1994 1853 οὐδὲν
2030 1813 2146 1865 ἔτερόν
2181 1816 2277 1853 ἐστιν
2306 1814 2329 1861 ἢ
2362 1815 2444 1852 άπι·

1415 1882 1574 1921 στοῦντος
1603 1877 1663 1915 καὶ
1696 1875 1967 1923 ὑποπτεύοντος,
1989 1875 2049 1913 καὶ
2077 1874 2217 1921 ἀπάτην
2235 1875 2302 1921 τὴν
2330 1877 2444 1926 ἔπαγ-

1415 1939 1535 1990 γελίαν
1568 1938 1702 1984 ἐκείνην
1732 1930 1822 1975 εἶναι
1852 1936 2068 1985 νομίζοντος·
2088 1936 2174 1988 ὅπερ
2209 1936 2348 1983 ἀληθῶς
2368 1937 2443 1974 ἐστι

1417 2000 1599 2050 δαιμονᾷν,
1614 1998 1672 2037 καὶ
1684 1999 1723 2036 τὸ
1733 2001 1794 2044 τ’ἧς
1813 1997 1952 2049 γεέννης
1972 1997 2226 2050 προκαλεῖσθαι
2245 2000 2327 2049 πῦρ.
2351 1995 2444 2035 Ἀλλ’

1417 2061 1484 2099 εἶσί
1509 2076 1600 2103 τινες
1626 2060 1657 2098 οἳ
1689 2063 1866 2111 βιωτικοῖς
1895 2059 2161 2110 ἐνστρερόμενοι
2181 2056 2389 2109 πράγμασι,
2408 2058 2443 2096 ἔν

1417 2122 1531 2161 ἀνέσει
1551 2122 1727 2173 διάγουσι·
1749 2121 1809 2159 καὶ
1827 2120 1896 2171 γὰρ
1920 2120 1979 2158 καὶ
1999 2122 2101 2157 τοῦτο
2129 2124 2295 2171 προεῖπεν
2311 2122 2330 2157 ὁ
2351 2119 2447 2171 Χρι-

1416 2184 1507 2227 στός.
1521 2182 1638 2234 ’Λμὴν
1649 2183 1730 2235 γὰρ,
1746 2182 1840 2232 ἀμὴν
1858 2181 1950 2232 λέγω
1962 2183 2058 2231 ὑμῖν,
2072 2179 2192 2232 φησὶν,
2207 2179 2261 2218 ὅτι
2275 2180 2444 2220 κλαύσετε

1415 2245 1475 2283 καὶ
1494 2244 1684 2296 θρηνήσετε
1703 2245 1815 2293 ὑμεῖς·
1833 2245 1851 2281 ὁ
1865 2241 1900 2281 δὲ
1920 2242 2050 2291 κόσμος
2071 2241 2283 2293 χαρήσεται.
2302 2240 2372 2279 Καὶ
2387 2241 2444 2280 ἐπὶ

1415 2308 1484 2345 τῶν
1507 2305 1686 2357 προτέρων
1708 2305 1744 2343 δὲ
1761 2305 1887 2355 γενεῶν
1910 2302 2126 2342 Βαὸυλώνιοι
2144 2302 2207 2352 μὲν
2224 2304 2257 2340 οἱ
2278 2301 2367 2352 μηδὲ
2386 2302 2446 2341 τὸν

1416 2370 1506 2408 Θεὸν
1533 2368 1661 2410 εἰδότες
1674 2397 1683 2414 ,
1701 2369 1735 2405 ἐν
1755 2365 1896 2418 πλούτῳ
1916 2365 1976 2403 καὶ
1997 2363 2184 2418 δυναστεία
2202 2358 2293 2411 ἦσαν
2314 2363 2374 2402 καὶ
2392 2379 2447 2402 τι·

1417 2433 1483 2482 μῇ,
1502 2429 1665 2468 Ἰουδαῖοι
1685 2427 1720 2467 δὲ
1747 2429 1782 2466 ἐν
1808 2426 2036 2480 αἰχμαλωσίᾳ
2056 2425 2117 2464 καὶ
2136 2425 2274 2477 δουλείᾳ
2297 2424 2358 2464 καὶ
2377 2430 2449 2469 τοῖς

1416 2491 1578 2543 ἔσχ-σίτοις
1606 2497 1738 2534 κακοῖς.
1769 2490 1838 2528 Καὶ
1870 2489 2030 2539 Λάζαρος
2059 2487 2122 2536 μὲν
2147 2491 2166 2526 ὁ
2193 2489 2263 2525 τῶν
2292 2487 2448 2538 οὐρανῶν

1416 2552 1509 2597 ἄξιος
1535 2552 1595 2590 καὶ
1625 2553 1688 2597 τῆς
1720 2550 1900 2601 βασιλείας
1932 2552 1994 2594 τῆς
2023 2550 2094 2586 ἐκεῖ
2110 2577 2119 2593 ,
2139 2546 2350 2597 εἱλκωμένος
2368 2552 2447 2590 ταῖς

1415 2618 1484 2653 τῶν
1504 2617 1615 2653 κυνῶν
1631 2613 1814 2665 προέκειτο
1829 2610 2014 2662 γλώτταις,
2031 2611 2125 2661 λιμῷ
2148 2608 2348 2660 μαχόμενος
2365 2609 2447 2656 διη-

1417 2683 1520 2715 νεκεῖ·
1540 2679 1559 2714 ὁ
1578 2675 1613 2714 δὲ
1633 2675 1797 2716 πλούσιος
1814 2674 1849 2711 ἐν
1868 2674 1954 2722 τιμῇ
1972 2671 2031 2708 καὶ
2050 2669 2238 2722 δορυφορίᾳ
2254 2668 2314 2706 καὶ
2332 2668 2447 2708 ἀνέσει

1418 2738 1477 2775 καὶ
1496 2739 1620 2788 τρυφῇ·
1644 2736 1721 2774 ἀλλ’
1745 2735 1841 2782 ὅμως
1859 2734 1955 2770 οὐδὲν
1982 2731 2058 2769 οὔτε
2077 2723 2174 2773 οὗτος
2196 2731 2231 2768 ἐν
2254 2732 2298 2781 τῇ
2325 2728 2447 2781 γεέννῃ

1418 2799 1549 2838 τούτων
1570 2795 1750 2836 ἀπώνατο,
1772 2793 1849 2832 οὔτε
1872 2791 2030 2842 Λάζαρος
2062 2791 2133 2829 ἀπὸ
2163 2794 2224 2829 τοῦ
2257 2791 2361 2840 λιμοῦ
2387 2789 2449 2828 καὶ

1419 2862 1488 2897 τῶν
1524 2855 1735 2910 ‹potumi-„mv
1775 2856 1820 2897 εἰς
1866 2853 1928 2899 τὴν
1965 2851 2147 2902 ἀκριίείαν
2182 2855 2242 2890 τοῦ
2278 2851 2450 2904 παρόντος

1420 2917 1630 2971 παρεὸλάῧη
1662 2917 1737 2968 βίου
1750 2931 1758 2939 ·
1779 2916 1856 2953 ἀλλ’
1875 2913 1995 2963 ὥσπερ
2014 2928 2066 2955 τις
2093 2917 2248 2963 γενναῖος
2275 2911 2449 2961 ἀθλητὴς,

1420 2983 1454 3020 ἐν
1475 2982 1602 3031 αὐχμῷ
1622 2978 1681 3017 καὶ
1696 2976 1811 3027 πνίγει
1827 2975 2014 3027 βαρυτάτῳ
2045 2973 2220 3019 παλαίων,
2230 2973 2289 3011 καὶ
2308 2974 2448 3021 ἆνίκησε

1420 3042 1479 3080 καὶ
1513 3038 1750 3092 ἐστεφανώθη.
1781 3037 1849 3075 Διὰ
1880 3040 1980 3074 τοῦτο
2011 3034 2071 3073 καί
2099 3039 2113 3055 ”
2128 3049 2181 3077 τις
2214 3033 2318 3087 σοφός
2350 3048 2448 3087 φησι·

1420 3103 1565 3147 Τέκνον,
1588 3103 1616 3139 εἰ
1636 3098 1818 3150 προσέρχῃ
1838 3097 2009 3135 δουλεύειν
2026 3094 2160 3147 Κυρίῳ,
2182 3094 2367 3145 ίτοίμασον
2385 3093 2449 3142 τὴν

1419 3164 1537 3217 ψυχήν
1559 3177 1618 3202 σου
1644 3162 1691 3204 εἰς
1709 3159 1918 3211 πειρασμόν·
1942 3158 2080 3196 εὔθυνον
2108 3157 2171 3203 τὴν
2198 3155 2345 3208 καρδίαν
2367 3170 2449 3204 σου,

1421 3225 1480 3262 καὶ
1502 3221 1730 3275 καρτίρησον,
1745 3220 1803 3258 καὶ
1826 3219 1876 3269 μὴ
1892 3218 2044 3270 σπεύσῃς
2066 3221 2100 3257 ἰν
2121 3219 2233 3271 καιρῷ
2251 3218 2450 3269 ἐπαγωγῆς.

1423 3286 1491 3324 Καὶ
1514 3286 1589 3334 μετ’
1606 3283 1707 3333 ὀλίγα
1725 3281 1827 3334 φησὶν
1840 3280 1914 3329 ,ὅτι
1934 3278 1996 3318 ‘liv
2016 3279 2096 3333 πυρὶ
2114 3278 2340 3329 δοκιμάζεται
2361 3293 2450 3331 χρυ-
