2513 3871
293 185 351 232 50

290 281 476 322 fruebaris.
486 282 597 320 Nemo
608 281 742 333 quippe
751 280 845 318 liber
857 289 921 325 est,
931 280 998 318 nisi
1013 280 1077 330 qui
1095 279 1240 319 Christo

288 343 400 382 vivit:
415 343 475 381 hic
489 342 656 380 omnibus
670 341 841 379 molestiis
854 340 1017 393 superior
1032 350 1101 380 est:
1115 355 1156 380 ac
1170 341 1240 380 nisi

287 404 443 456 seipsum
474 401 603 440 laedere
620 402 726 451 velit,
757 401 877 440 nullus
896 401 989 440 alius
1010 401 1048 440 id
1069 416 1239 454 umquam

287 465 440 517 poterit;
461 463 560 502 nullo
573 462 651 515 capi
667 472 701 501 et
716 463 876 515 superari
894 472 1022 515 potest,
1044 476 1113 501 non
1134 477 1239 516 pecu-

284 525 425 563 niarum
440 525 582 577 jactura
602 524 784 563 cruciatur
797 555 807 573 ,
834 524 970 577 quippe
987 524 1048 575 qui
1069 523 1238 564 didicerit

283 600 347 625 nos
363 586 455 624 nihil
473 586 508 624 in
524 586 622 624 hunc
637 585 813 624 mundum
829 586 1004 633 attulisse,
1025 599 1138 638 neque
1154 586 1238 625 inde

283 646 473 700 quidpiam
496 647 635 686 auferre
653 661 772 700 posse;
797 661 865 685 non
894 647 1088 686 ambitione
1105 657 1139 686 et
1154 647 1238 700 glo-

284 707 348 746 riae
364 708 535 761 cupidine
547 717 695 755 tenetur,
712 722 842 760 gnarus
857 708 1159 747 conversationem
1176 723 1239 747 no-

81 766 146 816 0312
179 771 268 801 Chri·
285 777 395 807 stram
411 769 447 808 in
467 769 553 808 caelo
572 783 647 808 esse
667 785 674 806 :
696 783 765 807 non
785 769 956 807 conviciis
975 778 1144 817 vexatur,
1169 784 1237 808 non

77 814 272 888 ζ’,ῗξοῗζῖ
287 830 402 883 plagis
416 840 598 881 movetur5
618 846 686 869 una
702 830 906 869 Christiano
923 831 1105 870 calamitas
1121 833 1237 870 Deum

78 904 131 922 um
171 897 270 928 ossen·
284 891 463 930 offendere
480 909 487 930 :
507 901 630 931 caetera
649 907 753 941 vero,
775 901 814 930 ut
831 906 940 944 opum
953 895 1149 947 jacturam,
1174 908 1237 946 pa-

81 937 165 968 dere.
283 953 361 992 triae
375 954 615 1001 amissionem,
631 963 831 992 extremum
851 953 1070 1006 periculum,
1088 968 1130 992 ne
1146 955 1237 993 inter

282 1015 407 1067 gravia
423 1015 566 1066 quidem
584 1024 739 1068 reputat;
759 1014 926 1066 quodque
941 1029 1062 1053 omnes
1079 1015 1238 1062 horrent,

281 1088 409 1128 nempe
423 1077 559 1114 exitum
571 1090 615 1114 ex
628 1076 693 1113 hac
703 1076 775 1114 vita
792 1076 827 1114 in
841 1076 962 1122 aliam,
977 1076 1012 1114 id
1027 1077 1057 1114 ci
1071 1077 1146 1129 ipsa
1163 1077 1236 1115 vita

280 1135 426 1176 dulcius
443 1147 506 1176 est.
524 1135 838 1186 Quemadmodum
851 1137 946 1175 enim
965 1138 992 1175 si
1013 1138 1094 1189 quis
1111 1139 1146 1176 in
1163 1139 1235 1177 alto

279 1198 427 1250 scopulo
444 1199 580 1251 positus
599 1199 857 1251 contempletur
876 1213 991 1248 mare,
1011 1209 1044 1237 et
1063 1201 1235 1252 navigan-

278 1259 372 1297 tium
386 1259 476 1298 alios
489 1274 507 1297 a
525 1260 695 1298 [luctibus
705 1259 862 1311 demergi
876 1259 1009 1304 videat,
1028 1260 1116 1299 alios
1131 1261 1166 1299 in
1181 1262 1233 1299 la-

278 1320 387 1357 tentia
398 1334 483 1358 saxa
494 1319 611 1366 allidi,
630 1320 719 1357 alios
727 1319 797 1356 alio
807 1319 953 1370 quidem
967 1321 1232 1368 contendentes,

276 1381 367 1419 alios
381 1390 500 1419 autem
516 1390 554 1418 ut
570 1380 707 1419 vinctos
725 1380 761 1417 vi
777 1389 963 1418 ventorum
974 1380 1120 1429 abduci,
1138 1382 1233 1420 mul-

275 1450 329 1481 tos
345 1441 452 1480 undis
467 1441 584 1487 obrui,
598 1442 686 1480 alios
700 1454 766 1493 pro
778 1441 924 1493 navigio
939 1450 975 1479 et
988 1443 1230 1493 gubernaculo

274 1503 440 1541 manibus
459 1503 576 1541 solum
594 1502 663 1548 uti,
679 1503 769 1541 alios
787 1503 841 1541 vcl
861 1503 982 1541 tabula
996 1517 1066 1542 una
1084 1505 1140 1543 vel
1159 1506 1229 1544 fra-

273 1573 415 1615 gmento
436 1564 538 1602 navis
555 1564 641 1602 ferri
657 1594 666 1612 ‚
690 1564 780 1603 alios
800 1574 956 1603 mortuos
974 1576 1203 1618 supernatare
1218 1599 1228 1616 ,

274 1624 510 1678 multiplicem
519 1625 653 1663 scilicet
664 1635 697 1663 et
709 1625 845 1663 variam
863 1626 1100 1664 calamitatem
1115 1627 1180 1666 :ita
1195 1638 1228 1666 et

271 1685 335 1737 qui
351 1686 495 1724 Christo
513 1687 657 1734 militat,
677 1686 845 1724 tumultui
861 1696 895 1724 et
909 1686 1080 1725 fluctibus
1095 1688 1177 1727 vitae
1190 1704 1228 1728 se

272 1745 489 1790 subducens,
501 1747 536 1784 in
547 1755 622 1785 tuto
630 1747 894 1784 etexcelsoloco
902 1747 1010 1787 sedet.
1023 1749 1122 1795 Quid
1133 1752 1226 1789 enim

72 1828 98 1848 ι,
150 1820 256 1850 Thess.
273 1807 494 1859 tutius,quid
507 1808 697 1848 sublimius
709 1808 944 1860 fuerit,quam
959 1810 1099 1848 unicam
1116 1812 1227 1850 babe-

66 1865 98 1900 ‘t-
127 1870 154 1891 ¹·
271 1883 309 1908 re
327 1868 607 1908 sollicitudinem
631 1885 639 1906 ε
666 1869 866 1920 Quomodo
885 1879 1056 1919 oporteat
1074 1873 1228 1923 placere

271 1931 384 1969 Deo?
402 1929 764 1979 Vidisti,Theodore‚
775 1931 959 1983 naufragia
976 1945 1097 1970 eorum
1111 1934 1172 1984 qui
1192 1934 1227 1972 in

269 1991 339 2030 boc
352 1992 443 2029 mari
459 1991 703 2043 navigabant?
714 1992 956 2038 Quamobrem
967 1994 1051 2045 fuge
1065 1995 1228 2047 pelagus,

272 2053 402 2091 fluctus
412 2052 783 2104 declina,editumquc
798 2053 1076 2106 locumoccupa,
1098 2057 1156 2094 ubi
1176 2057 1227 2096 in-

271 2114 396 2166 tercipi
414 2127 589 2164 nequeas;
609 2114 818 2152 resurrectio
832 2114 951 2152 sutura
966 2124 1033 2164 est,
1045 2116 1226 2168 judicium

69 2186 255 2225 Rom..2.4.
270 2174 407 2222 aderit,
440 2174 658 2212 horrendum
684 2189 748 2213 nos
777 2175 859 2213 hinc
884 2189 1043 2226 egressos
1070 2177 1227 2217 tribunal

271 2244 453 2288 exspectat
471 2250 478 2272 :
501 2237 642 2274 Omnes
658 2237 817 2274 adstare
833 2245 979 2288 oportet
995 2247 1088 2276 ante
1109 2243 1225 2279 tribu·

274 2299 344 2335 nal
362 2297 519 2335 Christi.
535 2301 612 2335 Non
630 2297 760 2335 frustra
777 2311 858 2335 cum
874 2298 981 2336 minis
996 2298 1228 2340 denuntiatur

273 2357 430 2409 gehenna
453 2373 460 2398 :
479 2372 548 2396 non
569 2358 745 2396 incassum
767 2367 858 2395 tanta
881 2358 982 2396 nobis
1002 2370 1121 2411 parata
1144 2372 1227 2401 sunt

271 2419 376 2457 bona.
398 2419 551 2465 Umbra,
572 2420 642 2457 imo
660 2418 785 2456 umbra
804 2418 978 2457 inaniores
993 2430 1074 2459 sunt
1090 2436 1144 2461 res
1158 2423 1227 2462 bu-

267 2481 369 2532 jusce
385 2480 483 2526 vitae,
503 2479 691 2518 timoribus
704 2479 884 2532 plurimis,
902 2480 1025 2519 multis
1042 2483 1225 2534 periculis,

271 2550 500 2592 extremaque
518 2540 689 2578 servitute
704 2539 828 2592 plenae.
848 2541 914 2589 Ne,
931 2556 1065 2592 quaeso,
1085 2553 1118 2582 et
1137 2560 1225 2598 pt'ae-

272 2601 380 2639 sentis
392 2611 424 2639 ct
440 2602 550 2640 futuri
561 2601 682 2639 saeculi
695 2602 872 2653 jacturam
887 2602 1007 2650 facias,
1024 2618 1106 2643 cum
1122 2606 1226 2647 liccat

273 2670 466 2713 utrumque
480 2663 628 2709 lucrari,
640 2663 667 2700 si
684 2662 784 2702 velis.
799 2663 907 2710 Quod
921 2675 1038 2703 autem
1058 2667 1097 2714 ii,
1115 2669 1224 2718 quiin

77 2738 102 2759 t.
129 2731 203 2759 cor.
226 2742 257 2772 7.
273 2722 416 2761 Christo
432 2724 572 2769 vivunt,
590 2724 903 2777 etiambujusvitm
918 2727 1007 2765 bona
1025 2728 1222 2779 lucrentur,

72 2772 124 2804 '8‘
142 2771 194 2802 3⁵·
273 2781 376 2821 docet
407 2784 539 2822 Paulus
573 2784 629 2822 his
659 2786 777 2824 verbis
799 2801 807 2824 :
835 2788 920 2839 Ego
951 2798 1084 2827 autem
1116 2794 1226 2831 vobis

270 2859 390 2896 parco
407 2861 417 2881 :
430 2855 463 2883 ct
479 2846 605 2884 iterum
629 2863 635 2883 :
658 2852 736 2886 Hoc
750 2857 878 2887 autem
894 2851 981 2888 dico
995 2854 1050 2889 ad
1059 2861 1230 2892 vestram

263 2902 496 2947 militatem.
521 2907 651 2947 Viden'
669 2923 749 2947 cum
764 2910 827 2961 qui
848 2912 979 2962 cogitat
995 2927 1032 2951 ea
1052 2928 1130 2964 qum
1149 2917 1226 2954 Do-

318 3023 329 3037 '
346 3023 450 3051 τοῦτον
465 3016 557 3050 deest
573 3018 606 3050 in
621 3019 722 3051 Sat-il.
749 3028 782 3052 ct
799 3022 831 3053 in
850 3031 916 3053 uno
932 3023 1069 3056 Codice.
1089 3025 1182 3058 Infra
1202 3035 1279 3069 post.

276 3071 432 3113 λοιδορῶν,
451 3074 538 3104 αὐτόν
556 3068 649 3102 deest
666 3071 698 3102 in
715 3070 846 3105 duobus
864 3075 938 3107 Mss.
958 3075 1059 3109 Paulo
1086 3087 1162 3120 post
1179 3078 1279 3112 iidem

275 3126 334 3164 μία
350 3126 408 3164 γὰρ
427 3127 576 3167 ωμρογοά.

321 3182 334 3197 ι
349 3169 453 3205 Savil.
467 3179 500 3203 et
518 3179 583 3203 tres
599 3172 674 3204 uss.
693 3181 859 3215 γινομένους
871 3204 878 3217 ,
898 3182 1022 3218 πολλοὺς
1039 3183 1068 3215 ὖᾶ
1092 3186 1142 3216 inl
1168 3186 1281 3222 σανίδος

275 3233 367 3268 μιᾶς,
398 3230 415 3262 ἧ
445 3229 504 3258 ἀπό
532 3223 606 3265 (nl.
633 3230 679 3258 ἐπὶ
702 3225 713 3266 )
738 3241 813 3265 τινος
839 3238 897 3262 τῶν
916 3237 975 3265 ἀπὸ
993 3239 1045 3267 τοῦ
1070 3238 1175 3269 πλοίου
1193 3251 1282 3282 φερο-

275 3283 399 3321 μένους,
418 3279 548 3314 καὶτοὺς
568 3280 624 3318 μὲν
647 3283 711 3311 ἀντὶ
736 3283 838 3313 πλοίου
866 3287 913 3315 καὶ
938 3287 1088 3322 πηδαλίου
1108 3296 1172 3326 ταῖς
1197 3295 1282 3334 χερσὶ

275 3336 444 3374 χρωμένους
456 3336 577 3370 μόναις,
597 3334 703 3367 dido-2,-
723 3334 752 3363 δὲ
773 3337 904 3377 νιιρούς,
922 3347 994 3379 qua:
1016 3336 1083 3371 situ
1102 3339 1279 3374 verborum

276 3390 407 3415 tantum
425 3381 588 3414 disserunt
604 3380 646 3414 nl)
662 3381 742 3415 cdii.
761 3385 876 3418 Mon-cl.

734 199 773 230 S.
811 197 997 230 JOANMS
1031 197 1272 230 cuRYSOST.
1313 199 1516 233 uzetin-21¹.
1554 202 1913 235 CONSTANTINOP.

1316 284 1377 323 καὶ
1403 290 1530 337 χαρᾶς.
1553 286 1607 324 Οὗ
1636 285 1704 339 γάρ
1730 288 1822 325 ἐστιν
1855 285 2051 339 ἐλεύθερος,
2079 287 2159 326 ἀλλ’
2185 288 2208 335 ἢ
2235 289 2337 340 μόνος

1315 348 1334 384 ὁ
1352 347 1496 400 Χριστῷ
1514 350 1580 392 ζῶν
1592 363 1600 371 ·
1621 342 1720 392 οὗτος
1739 347 1848 386 ἀνώτε
1857 364 1911 402 ρος
1933 348 2096 387 ἁπάντων
2122 349 2249 397 ἕστηκε
2266 354 2334 389 τῶν

1314 407 1453 446 δεινῶν·
1488 407 1553 446 κᾶν
1586 409 1687 453 αὐτὸς
1715 410 1835 448 ἑαυτὸν
1867 410 2033 455 ἀδικῆσαι
2065 409 2114 461 μὴ
2149 412 2332 463 βούληται,

1313 468 1429 521 ἕτερος
1443 473 1544 508 τοῦτο
1566 471 1629 508 οὐκ
1649 470 1784 522 ἰσχύσει
1804 470 1901 515 ποτὲ,
1925 471 2002 508 ἀλλ’
2022 471 2116 510 ἔστιν
2140 472 2336 519 ἀνάλωτος,

1313 531 1351 568 οὖ
1371 530 1481 585 ζημία
1500 530 1694 583 χρημάτων
1715 532 1941 582 δακνόμενος·
1958 532 2066 581 ἔμαθε
2080 532 2147 584 γὰρ
2167 532 2220 572 ὅτι
2240 533 2335 571 οὐδὲν

1313 591 1567 644 εἰσηνέγκαμεν
1588 595 1634 636 εἰς
1664 593 1722 631 τὸν
1750 593 1881 643 κόσμον
1897 602 1911 617 ⁶
1930 597 2069 638 τοῦτον,
2096 593 2172 632 οὐδὲ
2199 594 2337 645 ἐξενεγ-

1313 658 1384 691 κεῖν
1400 669 1434 691 τι
1452 653 1646 704 δυνάμεθα·
1665 655 1702 692 οὗ
1716 655 1812 706 πόθῳ
1829 654 2029 706 φιλοτιμίας
2043 653 2066 700 ἢ
2084 654 2183 700 δόξης
2197 655 2335 694 ἆλισκό·

1314 729 1432 764 μενος·
1453 713 1561 764 ἔμαθε
1579 715 1645 766 γὰρ
1663 715 1716 754 ὅτι
1737 717 1771 752 ἐν
1793 716 1927 768 οὐρανῷ
1942 718 2043 766 ἡμῶν
2062 715 2103 752 τὸ
2119 715 2314 766 πολίτευμα
2327 731 2335 739 ·

1313 778 1351 814 οὐ
1383 777 1548 827 λοιδορῶν
1590 776 1693 813 αὐτόν
1734 793 1784 820 τις
1820 779 1940 824 λυπεῖ,
1974 778 2012 815 οὐ
2044 774 2184 814 τύπτων
2218 791 2335 829 παρο-

1314 836 1420 881 ξύνει·
1444 837 1508 888 μία
1524 838 1686 890 συμφορὰ
1704 840 1906 891 Χριστιανῷ
1921 838 2023 888 μόνη,
2040 839 2080 877 τὸ
2098 843 2337 892 προσκροῦσαι

1313 901 1394 953 Θεῷ
1408 915 1415 923 ·
1436 900 1480 938 τὰ
1500 899 1536 939 δὲ
1555 900 1665 948 ἄλλα,
1685 895 1754 939 οἷον
1776 900 1963 951 κτημάτων
1982 900 2180 949 ἀποὲολὴν,
2206 899 2336 952 πατρί-

1313 962 1370 1005 δος
1380 961 1562 1014 στέρησιν,
1580 963 1638 1001 τὸν
1652 962 1738 1014 ὑπὲρ
1752 965 1820 1001 τῶν
1833 963 1992 1014 ἐσχάτοιν
2009 963 2181 1010 κίνδυνον,
2200 962 2276 1002 οὐδὲ
2291 956 2335 1001 εἶ-

1310 1023 1368 1061 ναί
1380 1040 1413 1064 τι
1426 1025 1557 1074 νομίζει
1568 1025 1690 1063 δεινόν·
1705 1024 1928 1067 καὶὸποίντες
1944 1025 2155 1076 πεφρίκασι,
2170 1025 2209 1063 τὸ
2228 1025 2334 1064 ἓνθέν·

1312 1086 1348 1123 δε
1363 1088 1435 1124 ἐκεῖ
1452 1088 1746 1134 ἀπελθεῖν,.τοῧτο
1766 1087 1886 1139 ἐκείνῳ
1905 1092 1964 1126 τοῦ
2003 1091 2044 1138 ἢν
2064 1088 2173 1135 ἥδιον.
2191 1088 2334 1139 Ὥσπερ

1309 1146 1379 1199 γὰρ
1401 1148 1442 1185 ἄν
1468 1164 1521 1192 τις
1543 1151 1590 1191 εἰς
1617 1148 1723 1201 ἄκρον
1747 1149 1916 1187 σκόπελον
1944 1149 2097 1187 ἀνελθὼν
2127 1151 2240 1201 Οεωρῇ
2270 1148 2333 1195 τὴν

1311 1208 1502 1256 θάλασσαν,
1520 1208 1579 1246 καὶ
1602 1209 1680 1252 τοὺς
1697 1209 1803 1255 αὐτὴν
1820 1209 2000 1257 πλέοντας,
2016 1210 2095 1253 τοὺς
2111 1209 2172 1260 μὲν
2187 1209 2254 1248 ὑπὸ
2270 1225 2334 1247 κυ-

1310 1269 1430 1318 μάτων
1452 1269 1736 1320 βαπτιζομένους,
1755 1269 1832 1314 τοὺς
1852 1270 1887 1309 δὲ
1907 1272 2050 1322 ὑφάλοις
2066 1270 2334 1323 προσαροίσσον-

1307 1344 1391 1378 τας,
1415 1330 1540 1372 ἄλλους
1567 1328 1603 1368 δὲ
1630 1329 1773 1382 ἑτέρωθι
1797 1329 1860 1381 μὲν
1881 1331 2109 1378 σπεύδοντας,
2130 1331 2272 1382 ἑτέρωθι
2298 1330 2333 1367 δὲ

1307 1388 1495 1439 ἀγομένους
1518 1388 1638 1439 ὥσπερ
1665 1389 1826 1439 δεσμίους
1848 1393 1892 1442 τῇ
1917 1395 1978 1428 τοῦ
2006 1390 2204 1442 πνεύματος
2225 1390 2334 1443 ῥύμῃ,

1306 1451 1367 1489 καὶ
1387 1450 1535 1495 πολλοὺς
1556 1450 1618 1501 μὲν
1646 1451 1877 1505 ὑποὸρυχίους
1892 1456 1906 1472 ³
1927 1451 2148 1503 γινομένους,
2173 1451 2234 1490 καὶ
2255 1451 2334 1496 τοὺς

1306 1511 1370 1563 μὲν
1391 1513 1467 1550 ἀντὶ
1488 1513 1610 1552 πλοίου
1630 1513 1690 1552 καὶ
1710 1513 1884 1560 πηδαλίου
1907 1520 1983 1557 ταῖς
2003 1513 2105 1565 χερσὶ
2131 1513 2334 1566 χρωμένους

1306 1574 1441 1624 μόναις.
1459 1574 1609 1618 πολλοὺς
1627 1574 1663 1614 δὲ
1684 1575 1741 1613 ἐπὶ
1761 1575 1897 1617 σανίδος
1920 1581 2002 1624 μιᾶς
2019 1575 2041 1620 ἢ
2065 1575 2135 1613 ἀπό
2152 1591 2242 1618 τινος
2262 1577 2330 1613 τῶν

1303 1639 1363 1674 τοῦ
1384 1635 1506 1673 πλοίου
1532 1636 1756 1688 φερομένους,
1781 1636 1903 1679 ἄλλους
1924 1635 2062 1688 νεκροὺς
2090 1635 2332 1683 ἐπιπλέοντας,

1302 1697 1467 1743 πολυειδῆ
1484 1712 1560 1734 τινα
1580 1696 1639 1734 καὶ
1658 1696 1938 1748 πολυπρόσωπον
1960 1696 2159 1747 συμφοράν·
2180 1695 2272 1734 οὕτω
2288 1695 2330 1743 δὴ

1302 1757 1362 1795 καὶ
1387 1760 1404 1795 ὁ
1432 1759 1576 1810 Χριστῷ
1599 1757 1884 1810 στρατευόμενος,
1905 1760 1968 1802 τῆς
1991 1761 2150 1809 ταραχῆς
2170 1761 2229 1796 τοῦ
2255 1757 2331 1808 βίου

1302 1819 1362 1857 καὶ
1388 1821 1457 1857 τῶν
1481 1819 1647 1869 κυμάτων
1667 1819 1791 1858 ἑαυτὸν
1820 1819 2046 1870 ὑπεξαγαγὼν
2061 1849 2070 1865 ,
2099 1818 2251 1866 κάθηται
2274 1820 2329 1858 ἐπ’

1303 1881 1452 1932 ἀσφαλεῖ
1469 1881 1528 1918 καὶ
1544 1881 1669 1932 ὑψηλῷ
1689 1879 1824 1932 χωρίῳ.
1841 1879 1888 1918 Τί
1902 1880 1970 1931 γὰρ
1995 1879 2253 1931 ἀσφαλέστερον
2270 1879 2330 1919 καὶ

1302 1941 1512 1993 ὑψηλότερον
1532 1946 1592 1980 τοῦ
1615 1941 1698 1992 μίαν
1719 1940 1810 1993 ἔχειν
1834 1940 2011 1993 φροντίδα,
2033 1943 2114 1985 Πῶς
2135 1940 2259 1993 ἀρέσαι
2280 1942 2331 1980 δει

1301 2005 1352 2055 τῷ
1376 2004 1475 2055 Θεῷ;
1493 1997 1606 2048 Εἶδες,
1618 2002 1794 2054 Θεόδωρε,
1808 2002 1853 2041 τὰ
1873 2002 2023 2054 ναυάγια
2038 2007 2106 2041 τῶν
2120 2003 2250 2051 ταύτην
2266 2002 2331 2050 τὴν

1303 2063 1476 2102 θάλατταν
1493 2063 1689 2110 πλεόντων,
1705 2063 1782 2109 Διὸ,
1799 2066 2010 2115 παρακαλῶ,
2027 2063 2044 2084 ¹²
2061 2064 2148 2117 φύγε
2163 2064 2203 2102 τὸ
2219 2063 2329 2103 πέλα-

1302 2141 1379 2177 γος,
1399 2125 1484 2177 φύγε
1500 2125 1544 2164 τὰ
1560 2125 1722 2175 κύματα,
1742 2125 1802 2165 καὶ
1820 2126 1952 2177 ὑψηλὸν
1980 2125 2157 2163 κατάλαὸε
2178 2125 2307 2177 χωρίον
2319 2156 2330 2175 ,

1302 2186 1378 2225 ὅθεν
1405 2188 1467 2225 οὐκ
1487 2187 1580 2225 ἔστιν
1602 2188 1752 2225 ἁλῶναι·
1774 2186 1962 2230 ἀνάστασίς
1983 2189 2076 2234 ἐστι,
2097 2187 2209 2240 κρίσις
2230 2188 2303 2226 ἐστὶ
2320 2218 2330 2236 ,

1302 2248 1480 2299 κριτήριον
1499 2251 1593 2298 ἡμᾶς
1613 2247 1758 2300 φοὲερὸν
1778 2247 1870 2286 ἔνΟεν
1890 2247 2088 2292 ἐξελθόντας
2105 2248 2217 2299 μένει·
2235 2248 2332 2287 Ποίν·

1302 2325 1363 2352 τας
1375 2312 1601 2361 παραστῆναι
1616 2310 1666 2347 δεῖ
1681 2311 1730 2361 τῷ
1748 2309 1882 2360 βήματι
1893 2313 1954 2348 τοῦ
1968 2311 2132 2361 Χριστοῦ.
2145 2311 2199 2349 Οὐ
2215 2309 2330 2361 μάτην

1301 2370 1490 2417 ἠπείληται
1514 2369 1647 2420 γέεννα,
1663 2370 1724 2407 οὐκ
1741 2371 1818 2421 εἰκῇ
1838 2373 1991 2408 τοσαῦτα
2007 2369 2222 2421 ἡτοίμασται
2243 2373 2332 2422 ἀγα-

1302 2431 1358 2472 Οᾶ.
1382 2430 1486 2477 Σκιὰ,
1507 2430 1566 2469 καὶ
1586 2436 1685 2474 σκιᾶς
1701 2430 1977 2482 οὐδαμινέστερα
1993 2429 2038 2468 τὰ
2056 2435 2116 2470 τοῦ
2137 2430 2213 2482 βίου
2231 2431 2328 2484 προί-

1300 2509 1419 2545 γματα
1432 2522 1441 2539 ,
1460 2493 1598 2531 πολλῶν
1625 2490 1687 2542 μὲν
1706 2491 1860 2542 γέμοντα
1881 2492 2019 2544 φόθων,
2039 2493 2178 2530 πολλῶν
2198 2492 2233 2530 δὲ
2252 2508 2330 2530 κιν-

1301 2554 1422 2599 δύνων,
1439 2554 1592 2605 ἐσχάτης
1610 2553 1646 2590 δὲ
1664 2551 1836 2595 δουλείας.
1858 2552 1919 2599 Μὴ
1942 2552 1983 2599 δὴ
2004 2554 2185 2603 ζημιωθῇς
2204 2554 2329 2591 κάκεῖ-

1300 2631 1356 2653 νον
1374 2614 1433 2653 καὶ
1452 2617 1573 2653 τοῦτον
1595 2613 1653 2651 τὸν
1673 2614 1795 2658 αἰῶνα,
1812 2612 1884 2656 ἐξὸν
1907 2612 2122 2665 ἀμφοτέρους
2143 2613 2327 2665 κερδᾶναι,

1300 2678 1329 2713 εἷ
1351 2673 1604 2726 poblo-‚ostova
1629 2672 1664 2710 δὲ
1687 2672 1746 2711 καὶ
1771 2672 1815 2710 τὰ
1841 2672 1958 2710 ἐνθάδε
1985 2674 2208 2726 κερδανοῦσιν
2235 2677 2267 2713 οἱ
2292 2677 2328 2714 ἐν

1301 2737 1446 2788 Χριστῷ
1460 2738 1596 2781 ζῶντες,
1606 2733 1765 2772 διδάσκει
1780 2735 1920 2777 Παῦλος
1934 2733 2059 2785 λέγων,
2071 2733 2166 2786 Ἰἰγὼ
2181 2735 2216 2774 δὲ
2228 2737 2326 2787 ὑμῶν

1300 2797 1483 2849 φείδομαι·
1505 2795 1565 2834 καὶ
1587 2794 1706 2841 πάλιν,
1721 2799 1734 2815 ⁰
1751 2796 1866 2833 Τοῦτο
1892 2794 1927 2832 δὲ
1951 2795 2043 2846 λέγω
2066 2797 2151 2847 πρὸς
2172 2797 2211 2835 τὸ
2229 2799 2327 2849 ὑμῶν

1301 2858 1491 2910 συμφέρον.
1515 2857 1625 2909 Ὁρᾷς
1647 2857 1699 2894 ὅτι
1733 2856 1792 2894 καὶ
1819 2858 1964 2894 ἐνταῦθα
1998 2861 2058 2894 τοῦ
2086 2858 2328 2908 γεγαμηκότος

1301 2918 1470 2971 ἀνώτερος
1486 2922 1504 2957 ὁ
1521 2918 1564 2956 τὰ
1580 2921 1639 2957 τοῦ
1659 2916 1786 2970 Κυρίου
1804 2920 2000 2969 μεριμνῶν;
2018 2919 2095 2957 Οὐκ
2112 2918 2205 2958 ἔστιν
2221 2920 2327 2959 ἄπελ-

1359 3031 1375 3055 b
1390 3028 1494 3063 Snvil.
1512 3036 1546 3061 et
1562 3039 1645 3060 unus
1659 3026 1744 3062 cod.
1761 3034 1846 3072 φεῦγε
1869 3027 1930 3060 bis.

1357 3092 1370 3106 ‘²
1386 3082 1488 3115 Smil.
1509 3087 1597 3115 τοῦτο
1615 3084 1644 3114 δὲ
1662 3085 1737 3121 λέγω
1755 3086 1827 3122 πρὸς
1844 3087 1877 3114 τὸ
1904 3083 1972 3121 ὑμὶν
1997 3096 2089 3124 may-p.
2113 3079 2231 3114 Morel.
2257 3092 2324 3115 uon

1316 3132 1415 3166 habet
1431 3138 1477 3171 δέ,
1493 3133 1549 3165 scd
1569 3137 1650 3170 ὑμῶν
1666 3132 1743 3174 legit
1762 3141 1797 3164 ut
1815 3132 1955 3164 habetur
1972 3133 2003 3164 iu
2021 3132 2145 3165 Bit-liis.

1358 3186 1374 3210 ‘¹
1391 3187 1475 3217 Tros
1502 3186 1578 3217 Mss.
1609 3187 1733 3226 ὃιαλυθῇ
1750 3209 1758 3222 ,
1785 3182 1888 3216 Savil.
1916 3191 1947 3215 ct
1972 3183 2087 3217 Morcl.
2116 3187 2200 3227 λυθῇ.
2230 3183 2320 3217 thid.

1316 3249 1399 3270 titius
1407 3236 1492 3269 Cod.
1512 3243 1546 3272 το
1561 3243 1697 3281 θέατρον,
1711 3240 1799 3271 πάλιν
1816 3239 1937 3270 δύναται
1954 3240 2163 3278 ἀναπαλαίιιν,
2177 3241 2225 3270 καὶ
2242 3242 2322 3279 ἀγω-

1315 3294 1455 3331 νίςισθαι,
1474 3297 1582 3323 ταῦτα.
1599 3289 1606 3332 Ι
1622 3289 1684 3321 Pru
1703 3292 1856 3332 σύντριρον
1872 3287 1973 3321 §.u-il.
1986 3294 2160 3333 συντρίψας.
2179 3286 2319 3332 ΡΙιιεοι.]

1315 3341 1418 3375 Panto
1436 3349 1509 3383 post
1529 3340 1597 3372 duo
1615 3342 1692 3372 Mss-
1720 3345 1794 3378 αὕτη
1811 3344 1844 3374 ὅ(
1859 3346 1918 3376 ἅττ(
1938 3347 1971 3376 τὸ
1995 3343 2060 3379 τοὺ,-
2075 3343 2321 3379 :arumnorum

1316 3400 1466 3429 ἐκκόπτειν
1483 3403 1533 3431 τῆ,-
1551 3396 1678 3430 tarnim.
