2549 3825
612 236 839 266 Anvnnsus
873 235 1228 266 oppuoix'noims
1266 235 1380 265 viria
1417 236 1615 265 Monsr.
1658 237 1741 265 rin.
1782 237 1812 265 1.
2235 223 2294 280 (37

255 322 387 371 μᾶλλον
412 318 611 357 ἐκκαίονται
626 335 634 343 ·
660 318 751 358 οὕτω
784 319 844 357 καὶ
873 311 967 356 οὗτοι
1003 317 1081 356 τότε
1119 318 1275 368 μάλιστα

253 378 456 429 μαίνονται,
496 377 720 431 σφοδρότερόν
758 394 796 415 τε
834 379 920 428 αὐτῇ
959 377 1019 414 καὶ
1062 377 1272 429 ἀγριώτερον

251 438 488 489 ἐναλλόμενοι,
504 439 586 478 ὅταν
601 439 755 489 μάλιστα
771 441 856 490 αὐτῇ
877 438 1179 491 παραχρήσωνται
1199 455 1267 476 κα-

249 505 492 544 τακεντοῦντες
518 501 684 539 πάντοθεν
718 500 778 538 καὶ
813 501 1014 546 δάκνοντες,
1049 500 1107 538 καὶ
1137 500 1194 539 τὸν
1223 502 1274 538 οἷ-

251 567 343 599 κεῖον
363 563 410 604 εἷς
439 561 546 608 αὐτὴν
567 560 745 613 ἐκχέοντες
765 560 812 598 ἰὸν
826 590 835 607 ,
852 560 911 599 καὶ
937 563 975 598 οὐ
994 560 1160 612 πρότερον
1194 561 1274 597 δια-

251 622 495 672 λιμπάνοντες,
516 623 580 666 ἕως
609 622 648 660 ἂν
680 623 728 665 εἷς
758 621 820 668 τὴν
851 621 981 660 οἰκείαν
1003 620 1273 672 μεταστήσωσιν

252 682 368 730 {Em-*q
385 689 444 722 τοῦ
460 684 621 735 σώματος
641 683 758 722 ἴδωσιν
776 684 1006 721 ἀποδυθεῐσαν
1026 683 1148 730 αὐτήν.
1162 682 1273 725 Ποίας

253 737 310 782 οὖν
338 744 556 798 τυραννίδος,
581 744 683 787 ποίας
706 743 972 796 αἰχμαλωσίας,
991 743 1093 787 ποίας
1113 746 1272 782 ἀναστα-

251 803 414 852 τώσεως,
443 806 534 849 τίνος
556 806 850 858 ἀνδραποδισμοῦ,
878 804 977 843 ποίου
998 804 1166 856 πολέμου,
1182 803 1272 847 τίνος

251 866 430 917 ναυαγίου,
463 867 564 905 ποίου
602 869 706 918 λιμοῦ
736 870 847 904 ταῦτα
874 869 912 905 οὐ
932 867 1185 918 χαλεπώτερα;
1207 866 1272 910 Τίς

250 926 360 970 οὕτως
389 928 482 978 ὠμὸς
516 928 574 966 καὶ
602 929 797 979 ἀνήμερος,
824 928 876 971 τίς
910 928 1018 971 οὕτως
1052 928 1186 974 ἠλίθιος
1212 927 1272 966 καὶ

250 988 481 1040 ἀπάνθρωπος
500 989 561 1026 καὶ
588 989 799 1038 ἀσυμπαθὴς
825 989 887 1027 καὶ
918 990 1124 1040 ἀνάλγητος,
1144 991 1191 1031 ὡς
1209 988 1272 1035 τὴν

250 1048 294 1086 τὰ
334 1053 479 1087 τοιαῦτα
513 1050 743 1103 ὓὸριζομένην
785 1050 844 1088 καὶ
888 1049 1173 1102 ἐπηρεαζομένην
1214 1052 1274 1101 ψυ-

249 1109 318 1161 χὴν
346 1110 395 1160 μὴ
416 1112 580 1157 θελῆσαι,
614 1111 659 1148 τό-
675 1127 714 1162 γε
735 1113 782 1155 εἷς
802 1111 904 1149 αὐτὸν
923 1106 1022 1157 ἧκον,
1042 1113 1104 1156 τῆς
1130 1113 1273 1161 ἐναγοῦς

247 1170 383 1218 ἐκείνης
405 1171 607 1216 ἀπαλλάξαι
627 1173 755 1223 μανίας
773 1173 832 1210 καὶ
854 1172 996 1224 ὖὸρεως,
1016 1172 1106 1211 ἀλλὰ
1125 1176 1271 1210 τοιαῦτα

247 1233 452 1285 πάσᾸουσαν
469 1242 634 1288 περιορᾷν
646 1251 656 1282 ;
674 1234 717 1273 Εἰ
736 1234 771 1274 δὲ
791 1240 893 1274 τοῦτο
915 1237 1066 1280 ἀπηνοῦς
1091 1234 1151 1272 καὶ
1177 1234 1271 1272 λιθί-

246 1310 307 1341 νης
327 1297 527 1346 ψυχῆς,ποῦ
544 1296 796 1346 θήσομεν,εἶπέ
816 1311 888 1345 μοι,
904 1294 1104 1345 τούτους,οἳ
1122 1295 1208 1346 πρὸς
1221 1298 1270 1347 τῷ

246 1363 413 1408 περιορᾷν
435 1357 494 1394 καὶ
511 1356 628 1410 ἕτερον
645 1359 765 1409 πολλῷ
786 1359 903 1407 μεῖζον
918 1357 1038 1395 τούτου
1066 1357 1269 1409 ἐργάζονται

247 1416 368 1462 κακὸν,
387 1416 466 1460 τοὺς
484 1417 789 1469 προθυμουμένους
804 1421 851 1461 εἷς
874 1417 998 1467 μέσους
1014 1418 1173 1464 πηδῆσαι
1192 1417 1270 1461 τοὺς

247 1476 440 1523 κινδύνους,
462 1478 522 1515 καὶ
538 1478 587 1528 μὴ
611 1478 912 1530 παραιτουμένους
941 1481 988 1520 εἷς
1010 1479 1111 1517 αὐτὸν
1130 1483 1190 1516 τοῦ
1209 1482 1270 1525 θη-

250 1537 321 1588 ρίου
341 1538 399 1577 τὸν
417 1539 544 1588 λαιμὸν
563 1544 720 1577 καθεῖναι
738 1539 800 1582 τὰς
816 1546 951 1591 χεῖρας,
972 1539 1062 1578 ἀλλὰ
1079 1539 1138 1576 καὶ
1159 1541 1270 1577 δυσω-

247 1598 322 1642 δίας
335 1600 395 1637 καὶ
417 1600 585 1638 κινδύνων
604 1600 846 1652 ἀνεχομένους,
864 1600 920 1638 ἵνα
934 1600 995 1644 τὰς
1012 1601 1080 1647 ἤδη
1107 1617 1271 1638 καταπο-

247 1659 486 1712 θείσαςψυχὰς
500 1661 533 1705 ἐξ
551 1662 656 1707 αὐτῆς
668 1665 727 1699 τοῦ
744 1661 906 1710 δαίμονος
919 1665 983 1707 τῆς
998 1661 1171 1713 φάρυγγος
1189 1663 1271 1698 εἷνα-

246 1720 441 1767 σπάσωσιν,
469 1724 506 1760 οὗ
528 1722 630 1772 μόνον
650 1723 712 1759 οὐκ
734 1724 976 1769 ἐπαινοῦντες,
995 1722 1072 1759 οὐδὲ
1100 1722 1270 1774 ἀποδεχό-

246 1797 355 1830 μενοι,
371 1782 462 1821 ἀλλὰ
473 1782 532 1821 καὶ
547 1782 744 1826 ἐλαύνοντες
761 1782 931 1820 πάντοθεν
946 1783 1006 1821 καὶ
1017 1784 1266 1833 πολεμοῦντες,

298 1851 346 1890 Τί
361 1844 433 1897 οῧν,
452 1851 559 1904 φησί;
577 1850 706 1895 πάντες
724 1854 755 1889 οἳ
771 1850 832 1894 τὰς
847 1851 965 1894 πόλεις
985 1853 1157 1894 οἰκοῦντες
1179 1853 1270 1890 ἀπο-

245 1911 378 1951 λώλασι
398 1913 458 1951 καὶ
476 1913 718 1965 χειμάζονται,
736 1913 796 1951 καὶ
820 1914 870 1951 δεῖ
889 1912 952 1956 τὰς
971 1912 1090 1956 πόλεις
1106 1913 1269 1964 ἀφέντας,

244 1974 305 2012 καὶ
333 1974 583 2027 ἐρημώσαντας
615 1975 700 2027 πρὸς
720 1974 783 2022 τὴν
805 1974 935 2026 ἔρημον
955 1977 1188 2024 μεταστῆναι,
1209 1975 1269 2012 καὶ

243 2039 314 2075 τῶν
329 2039 417 2090 ὀρῶν
431 2037 491 2080 τὰς
502 2036 653 2090 κορυφὰς
665 2036 903 2084 οἷκίζειν;Καὶ
920 2036 961 2075 σὺ
973 2041 1082 2076 ταῦτα
1097 2036 1268 2083 κελεύεις,

244 2099 303 2137 καὶ
319 2103 534 2149 νομοθετεῖς,
548 2098 681 2148 Ἄπαγε
699 2114 706 2122 ·
722 2097 920 2136 τούναντίον
933 2098 1013 2149 γὰρ,
1035 2100 1193 2150 καθάπερ
1208 2098 1269 2136 καὶ

245 2161 349 2213 ἔφθην
382 2160 504 2207 εἰπὼν,
532 2160 592 2197 καὶ
620 2159 811 2209 ἐδουλόμην
843 2160 904 2197 καὶ
930 2159 1080 2211 εὔχομαι
1095 2159 1268 2205 τοσαύτης

243 2225 336 2272 ἡμᾶς
356 2221 543 2260 ἀπολαύειν
571 2221 722 2273 εἰρήνης,
740 2223 800 2259 καὶ
818 2221 882 2267 τὴν
897 2221 1085 2274 τυραννίδα
1107 2223 1175 2258 τῶν
1198 2237 1268 2259 κα-

243 2286 314 2321 κῶν
339 2283 470 2322 τούτων
499 2285 546 2326 εἷς
570 2287 732 2320 τοσοῦτον
750 2284 1004 2329 καταλυθῆναι,
1025 2285 1072 2325 ὡς
1091 2282 1138 2332 μὴ
1165 2282 1268 2332 μόνον

242 2350 311 2387 τοῖς
329 2346 364 2382 ἐν
376 2349 451 2386 ταῖς
473 2342 616 2380 πόλεσιν
641 2343 795 2393 ἀνάγκην
818 2342 866 2393 μὴ
896 2344 1052 2393 γίνεσθαι
1065 2343 1109 2381 τὰ
1125 2344 1187 2394 ὄρη
1205 2359 1269 2381 κα-

242 2404 420 2450 ταλαὸεῖν,
435 2403 527 2442 ἀλλὰ
547 2403 696 2446 καὶτοὺς
716 2403 778 2447 τὰς
794 2403 941 2456 ἐρημίας
957 2406 1134 2446 οἰκοῦντας
1157 2404 1266 2442 καθά·

241 2481 308 2516 περ
338 2464 434 2508 τινὰς
453 2465 609 2516 φυγάδας
629 2464 687 2502 διὰ
707 2468 842 2517 μακροῦ
868 2470 928 2504 τοῦ
956 2465 1082 2516 χρόνου
1098 2465 1184 2517 πρὸς
1203 2465 1265 2512 τὴν

242 2528 353 2564 αὐτῶν
372 2525 472 2564 πόλιν
492 2532 718 2577 καταγαγεῖν.
741 2525 846 2564 Ἀλλὰ
865 2526 899 2563 τί
921 2526 1042 2572 πάθω,
1060 2527 1198 2564 δέδοικα
1215 2527 1264 2576 μὴ

241 2589 283 2639 τῇ
303 2586 446 2638 πατρίδι
464 2587 668 2630 σπουδάζων
685 2586 807 2631 αὐτοὺς
824 2589 1030 2632 ἀποδοῦναι,
1047 2587 1122 2624 ἀντὶ
1139 2587 1265 2630 ταύτης

239 2655 315 2691 ταῖς
333 2652 401 2686 τῶν
418 2651 579 2699 πονηρῶν
600 2648 774 2698 δαιμόνων
798 2650 899 2700 χερσὶ
921 2650 1088 2700 παραδῶ,
1108 2649 1167 2686 καὶ
1187 2651 1266 2699 βου-

239 2709 384 2760 λόμενος
412 2709 612 2753 ἀπαλλάξαι
646 2709 796 2761 ἐρημίας
827 2710 885 2748 καὶ
906 2713 1032 2762 φυγῆς,
1061 2710 1265 2762 φιλοσοφίας

239 2771 299 2809 καὶ
313 2769 461 2822 ἡσυχίας
475 2768 737 2822 παρασκευάσω
748 2771 864 2818 πάσης
879 2774 1050 2809 ἐκπεσεῖν.
1069 2773 1109 2809 lii
1125 2772 1160 2809 δέ
1176 2777 1188 2791 ³¹
1203 2788 1258 2821 με,

238 2831 278 2869 τὸ
294 2833 424 2877 πλῆθος
443 2833 511 2868 τῶν
527 2832 561 2868 ἐν
581 2834 624 2883 τῇ
642 2832 743 2870 πόλει
758 2832 955 2884 προφέρων,
971 2832 1081 2883 ταύτῃ
1100 2833 1261 2879 δυσωπή-

240 2907 312 2930 σειν
334 2892 397 2930 οἴει
420 2891 480 2930 καὶ
499 2891 702 2939 δεδίξεσθαι,
726 2896 771 2936 ὡς
791 2895 854 2931 οὐκ
884 2893 1089 2943 ἀνεξόμενον
1111 2896 1263 2932 καταδι-

240 2952 345 2991 κάσαι
362 2952 424 3000 τὴν
451 2953 633 3003 οἶκομένην
653 2953 806 3001 ἅπασαν,
826 2958 886 2992 τοῦ
910 2955 1063 3006 Χριστοῦ
1086 2955 1149 3000 τὴν
1171 2954 1264 2992 ἀπό-

239 3029 344 3063 φασιν
364 3013 494 3060 λαὸὼν,
518 3016 593 3064 μετ’
614 3016 720 3060 αὐτῆς
739 3016 914 3065 στήσομαι
941 3016 1026 3067 πρὸς
1048 3016 1178 3062 ταύτην
1206 3032 1265 3054 σου

241 3074 302 3121 τὴν
322 3074 634 3115 ἀντίθεσιν.”Οὗδὲ
653 3076 720 3128 γὰρ
740 3076 841 3129 ἀνέξῃ
855 3084 1004 3130 πρῖίγμα
1020 3078 1191 3123 τοσαύτης
1201 3078 1260 3128 γε’-

241 3151 304 3186 μον
323 3135 468 3186 τόλμης,
486 3138 532 3180 ὡς
551 3137 636 3190 πρὸς
655 3137 718 3184 τὴν
734 3141 848 3190 ψῆφον
865 3137 1072 3189 ἀντιῧλέψαι
1099 3144 1157 3177 τοῦ
1179 3138 1256 3176 τότε

241 3196 425 3247 μέλλοντος
444 3196 570 3249 κρίνειν
582 3201 686 3249 ἡμᾶς.
702 3199 749 3238 Τί
761 3194 818 3238 οὖν
831 3194 927 3243 οὗτός
942 3215 1026 3251 φησι
1038 3215 1047 3246 ;
1058 3204 1071 3220 ⁰
1082 3201 1136 3247 τὸ,
1149 3200 1260 3247 Στενὴ

289 3329 301 3344 n
328 3320 399 3350 Duo
427 3320 504 3351 Mss.
523 3335 595 3363 μοι,
613 3322 668 3364 qui
687 3328 800 3364 postet·
828 3337 866 3363 με
887 3330 1017 3364 ponunt
1047 3330 1118 3364 post
1138 3326 1243 3367 ταύτῃ.

289 3371 305 3394 ῑ·
328 3370 429 3403 Suvil.
460 3375 524 3405 096⁶:
554 3379 611 3415 γὰρ
636 3379 672 3407 ἂν
688 3378 737 3417 ἐξῇ
755 3384 881 3416 “pinca
899 3378 1043 3413 τοσαύτη,-
1062 3381 1151 3418 γίμον
1176 3381 1247 3407 υπο-

241 3431 339 3465 μεῖυαι
354 3426 475 3465 τόλμης.
497 3424 568 3457 Duo
590 3425 663 3457 Mss.
687 3424 838 3458 similiter
855 3428 1010 3469 ὑπομεῖναι
1036 3430 1160 3470 τόλμης,
1179 3428 1244 3458 Μο-

1349 326 1528 365 ebriorum
1546 327 1674 377 instar,
1697 328 1759 379 qui
1779 341 1860 366 cum
1886 341 1923 366 se
1940 341 2038 366 mero
2059 327 2301 379 ingurgitave-

1347 388 1439 434 rint,
1456 397 1539 426 tunc
1559 389 1671 440 magis
1697 389 1956 439 exardescunt,
1981 389 2031 427 sic
2047 398 2081 426 et
2099 388 2138 426 hi
2159 403 2300 440 quoque

1347 458 1432 487 tunc
1461 451 1618 488 maxime
1645 452 1850 497 insaniunt,
1868 452 1968 502 eique
2003 460 2037 489 et
2055 451 2299 489 vehementius

1347 518 1380 547 et
1397 510 1547 548 ferocius
1565 511 1747 559 insultant,
1765 525 1847 548 cum
1867 511 1927 549 illa
1947 512 2053 550 abusi
2068 521 2163 559 sunt,
2181 513 2299 550 conso-

1345 569 1480 608 dientes
1509 586 1586 608 eam
1613 586 1750 623 semper
1768 585 1810 608 ac
1825 571 2042 620 mordentes,
2063 587 2238 624 suumque
2262 573 2300 610 in

1345 645 1423 668 eam
1444 632 1544 670 virus
1578 632 1799 670 effundentes
1812 663 1822 681 ,
1850 647 1913 670 nec
1942 634 2043 684 prius
2073 633 2273 672 desinentes
2287 665 2297 679 ,

1347 707 1453 743 qnam
1470 707 1547 731 eam
1561 694 1596 731 in
1613 703 1862 741 suumstatum
1879 695 2134 741 transtulerint,
2150 696 2207 733 vel
2225 710 2303 734 cor-

1346 767 1431 805 pore
1444 754 1596 791 solutam
1612 755 1779 792 viderint.
1798 757 1878 801 Qua
1889 754 2000 806 igitur
2013 755 2215 805 tyrannide,
2228 771 2300 806 qua

1296 819 1320 848 E
1347 814 1554 865 captivitate
1568 845 1578 863 ,
1605 830 1674 867 qna
1700 817 1863 855 vastitate
1882 845 1893 864 ,
1917 830 1988 866 qua
2009 816 2203 864 servitute,
2225 832 2298 867 quo

1344 874 1455 922 bello,
1470 889 1540 925 quo
1557 877 1755 928 naufragio,
1767 891 1836 928 qua
1849 877 1939 915 fame
1954 875 2029 914 haee
2043 890 2116 915 non
2133 878 2301 927 graviora

1345 935 1503 973 fuerint?
1522 937 1612 985 Quis
1635 947 1705 976 tam
1716 938 1885 986 crudelis,
1905 939 1985 990 quis
2003 948 2077 976 tam
2096 939 2205 985 ferus,
2220 941 2302 989 quis

1348 992 1434 1031 adeo
1452 995 1595 1043 stultus,
1618 997 1698 1046 quis
1719 997 1806 1035 adeo
1827 997 2046 1036 inhumanus
2061 999 2301 1049 atqueimmi-

1347 1054 1509 1105 sericors,
1527 1057 1590 1108 qni
1615 1067 1664 1095 tot
1684 1058 1909 1097 contumeliis
1927 1067 1958 1096 et
1978 1058 2120 1097 damnis
2135 1059 2301 1098 affectam

1347 1115 1503 1154 animam
1530 1118 1619 1156 nolit
1641 1119 1687 1156 ab
1700 1119 1915 1157 exsecrando
1935 1118 1998 1157 illo
2012 1120 2132 1157 furore
2145 1129 2178 1158 et
2200 1120 2301 1173 igno-

1346 1175 1470 1224 minia,
1485 1191 1551 1230 pro
1565 1179 1661 1217 virili
1673 1194 1749 1227 sua,
1760 1181 1926 1227 liberare,
1939 1180 1999 1218 sed
2013 1181 2113 1219 illam
2123 1190 2192 1219 tam
2206 1181 2298 1219 male

1346 1238 1507 1277 affectam
1523 1241 1708 1292 negligat?
1724 1241 1832 1289 Quod
1846 1243 1874 1280 si
1895 1242 1934 1280 id
1950 1252 2001 1281 est
2017 1242 2181 1281 immanis
2195 1252 2302 1294 atque

1343 1298 1476 1351 lapidei
1491 1301 1613 1348 animi,
1633 1316 1704 1353 quo
1723 1303 1761 1340 in
1783 1303 1876 1351 loco,
1897 1303 1958 1341 dic
1980 1303 2084 1352 mihi,
2105 1312 2303 1343 statuemus

1293 1398 1322 1420 5,
1346 1374 1418 1408 eos,
1443 1362 1504 1411 qui
1524 1372 1653 1414 praeter
1671 1364 1771 1402 illam
1790 1365 2057 1416 negligentiam,
2079 1365 2180 1402 alind
2197 1365 2302 1416 quid—

1297 1407 1323 1463 Ᾰ
1343 1419 1427 1457 dam
1448 1421 1553 1473 longe
1569 1423 1724 1462 deterius
1737 1434 1862 1476 agunt,
1882 1439 1963 1462 cum
1978 1439 2049 1471 eos,
2069 1426 2130 1476 qui
2148 1426 2195 1464 ad
2205 1426 2302 1479 peri·

1346 1481 1425 1518 cula
1457 1481 1622 1520 alacriter
1654 1484 1789 1522 insilire
1812 1486 1926 1537 parati
1955 1496 2052 1531 sunt,
2075 1487 2207 1537 quique
2227 1500 2298 1525 non

1346 1550 1500 1578 renuunt
1522 1543 1555 1579 in
1589 1543 1707 1594 ipsum
1728 1545 1855 1581 belluae
1877 1555 1998 1595 guttur
2016 1560 2142 1583 manus
2162 1547 2298 1584 immit-

1346 1609 1440 1647 tere,
1460 1602 1621 1651 quinimo
1651 1604 1812 1641 foetorem
1837 1614 1869 1642 et
1896 1605 2053 1655 pericula
2073 1606 2237 1652 subeunt,
2260 1616 2300 1644 ut

1338 1665 1415 1716 jam
1428 1662 1618 1702 devoratas
1635 1664 1770 1702 animas
1783 1679 1827 1702 ex
1841 1665 1928 1717 ipsis
1945 1665 2117 1704 daemonis
2134 1668 2301 1706 faucibus

1343 1726 1546 1774 extrahant,
1567 1738 1636 1761 non
1653 1724 1758 1763 modo
1780 1740 1846 1764 non
1861 1725 2019 1775 landant,
2038 1742 2150 1778 neque
2169 1743 2301 1780 appro-

1342 1787 1439 1835 bant,
1454 1786 1633 1825 sedetiam
1642 1787 1824 1838 expellunt
1842 1788 2000 1838 undique
2016 1798 2047 1826 et
2063 1792 2300 1841 oppugnant?

1399 1851 1435 1889 S.
1457 1847 1552 1896 Quid
1576 1848 1705 1899 igitur,
1727 1848 1821 1887 dicet
1838 1850 2032 1902 quispiam,
2052 1853 2215 1890 cunctine
2233 1855 2297 1904 qui

1344 1912 1448 1950 urbes
1465 1909 1623 1947 incolunt
1642 1910 1790 1961 periere,
1806 1925 1849 1948 an
1864 1911 2237 1962 ssuctibusjactantnr‚
2254 1929 2299 1952 an

1342 1981 1482 2027 oportet
1494 1971 1643 2009 urbibus
1654 1972 1787 2009 relictis
1805 1982 1836 2009 et
1852 1972 1885 2009 in
1903 1972 2037 2010 deserta
2055 1975 2246 2017 com-ersis,
2259 1976 2296 2013 in

1342 2033 1573 2073 solitudinem
1599 2046 1635 2071 se
1668 2033 1904 2078 transferant,
1924 2042 1956 2071 et
1984 2034 2018 2071 in
2044 2036 2290 2075 cacuminibus

1342 2094 1518 2134 montium
1538 2092 1636 2131 sedes
1652 2094 1808 2145 ponant?
1830 2094 1876 2131 Et
1892 2103 1928 2131 tu
1950 2094 2022 2131 brec
2035 2095 2140 2146 jubes
2155 2105 2186 2133 et
2205 2096 2295 2135 hane

1344 2159 1455 2209 legem
1475 2155 1628 2193 statuis?
1642 2156 1778 2207 Apage,
1800 2169 1882 2193 nam
1899 2157 2115 2194 contrarium
2133 2159 2274 2209 penitus
2286 2189 2295 2200 .

1295 2225 1317 2254 Β
1343 2229 1381 2257 ut
1394 2219 1495 2272 prius
1508 2216 1682 2265 dicebam,
1703 2217 1795 2265 volo,
1805 2217 1969 2267 votisque
1985 2217 2153 2255 omnibus
2165 2229 2295 2271 exopto

1343 2295 1406 2320 nos
1434 2291 1529 2320 tanta
1556 2280 1626 2318 frui
1647 2293 1743 2332 pace,
1763 2278 1987 2316 etmalorum
2005 2278 2212 2330 hujusmodi
2235 2291 2298 2334 ty-

1343 2343 1530 2381 rannidem
1547 2342 1595 2380 ita
1611 2340 1807 2388 destrui‚nt
1824 2355 1891 2378 non
1912 2339 2017 2377 modo
2035 2340 2089 2384 iis,
2105 2343 2165 2391 qui
2185 2343 2220 2380 in
2237 2358 2295 2381 ur-

1341 2403 1450 2441 bibus
1465 2405 1613 2454 degunt,
1633 2415 1700 2439 non
1717 2401 1760 2438 sit
1773 2400 1816 2437 ad
1832 2411 1966 2438 montes
1983 2402 2208 2451 confugiendi
2230 2418 2293 2440 ne-

1341 2464 1494 2509 cessitas,
1508 2463 1569 2500 sed
1584 2471 1621 2500 ut
1637 2463 1680 2499 iis
1690 2461 1752 2511 qui
1771 2461 1982 2498 solitudines
2001 2463 2171 2502 incolunt.
2190 2465 2293 2514 quasi

1340 2524 1553 2575 quibusdam
1571 2525 1675 2573 lungo
1689 2532 1844 2573 tempore
1861 2523 2038 2571 fugitivis,
2051 2524 2096 2562 ad
2114 2539 2213 2562 suain
2234 2540 2292 2563 ur·

1340 2587 1424 2625 bem
1445 2601 1480 2624 se
1498 2587 1654 2638 recipere
1674 2598 1763 2636 opus
1783 2585 1839 2622 sit.
1855 2584 1925 2621 Sed
1940 2585 2024 2634 qnid
2046 2586 2172 2624 s-ieiatu
2190 2587 2208 2623 ἶ)
2232 2601 2292 2626 ve·

1341 2662 1419 2685 reor
1447 2662 1488 2685 ne
1513 2647 1598 2684 dnm
1621 2646 1698 2682 illos
1719 2644 1842 2696 patriae
1864 2646 2048 2682 restituere
2063 2646 2205 2691 studeo,
2226 2662 2292 2686 ut.b

1339 2709 1590 2760 quissiinuruin
1614 2707 1817 2744 ‹lit-monum
1854 2707 2018 2744 munibus
2038 2707 2175 2746 tradam
2191 2739 2200 2751 .
2221 2724 2289 2749 neu

1340 2771 1426 2807 duni
1444 2770 1524 2807 illos
1545 2785 1563 2806 u
1580 2767 1771 2805 solitudine
1789 2776 1821 2804 et
1842 2767 1923 2817 suga
1945 2767 2111 2806 reducere
2130 2770 2249 2821 cupio,
2267 2786 2287 2809 a

1341 2831 1565 2884 pliilusuplii.·1
1602 2839 1632 2866 et
1663 2829 1919 2879 tr.·inqnillit.·ite
1937 2830 2034 2867 ouini
2053 2830 2220 2869 excidere
2237 2833 2292 2870 sa-

1291 2907 1314 2935 t:
1342 2895 1443 2931 ciani.
1466 2892 1568 2940 Quod
1587 2891 1613 2928 si
1636 2890 1901 2927 multitudinem
1930 2891 2065 2928 civium
2082 2894 2261 2944 proferens
2278 2924 2288 2940 ,

1342 2955 1402 2992 illu
1424 2964 1457 2991 tu
1482 2954 1568 2990 nulii
1598 2952 1767 3003 pudorem
1789 2960 1820 2988 et
1842 2961 1974 2989 metunt
1998 2952 2152 2990 incutere
2174 2965 2289 3005 μυίας,

1342 3030 1383 3053 nt·
1398 3024 1510 3051 tutum
1528 3013 1648 3050 orbem
1665 3011 1826 3049 dunin-iri
1851 3011 1976 3063 patiar,
1987 3023 2142 3050 assutum
2156 3015 2290 3053 (Itu-isti

1339 3075 1522 3119 sententia,
1541 3089 1621 3111 euin
1645 3074 1703 3110 illu
1722 3073 1894 3110 adversus
1908 3073 1996 3111 lianc
2014 3083 2110 3112 tuam
2125 3075 2293 3125 objectio·

1340 3152 1416 3175 neni
1438 3136 1552 3173 >ta-tm.
1579 3136 1698 3185 Nulue
1719 3135 1813 3171 enini
1835 3143 1904 3170 taun
1926 3134 2047 3172 audax
2069 3135 2204 3173 tiu-inus
2228 3136 2290 3175 ad-

1340 3197 1471 3241 initu-s,
1499 3205 1535 3233 nt
1552 3195 1658 3233 etiam
1689 3195 1778 3247 ejuS,
1796 3194 1857 3246 qui
1883 3209 1946 3234 nos
1960 3195 2188 3247 judicaturus
2219 3206 2286 3245 est,

1331 3321 1388 3354 rel.
1412 3328 1443 3351 ut
1464 3320 1496 3351 iu
1514 3327 1616 3352 textu.

1373 3379 1383 3390 ⁸
1411 3372 1436 3403 U
1447 3383 1506 3403 nus
1523 3370 1634 3403 (iudex
1655 3375 1682 3406 «rt
1709 3377 1808 3408 ετινκξ,
1828 3370 1917 3402 savit
1949 3380 1992 3405 er,-
2011 3387 2104 3409 ”0¹:-
2124 3370 2238 3406 Μαι-(Ι,
2259 3379 2294 3405 τ)

1333 3440 1432 3463 0³³⁹<-

2056 3470 2091 3507 5.
