2549 3825
493 281 667 312 CONTRA
706 282 785 312 Eos
820 283 893 322 Qut
930 281 1317 314 SUBINTRODUCTAS
1354 281 1531 311 HABENT
1568 281 1794 312 thGtNES.

119 365 250 411 ἅλυτα,
284 363 342 402 καὶ
365 363 522 416 καθάπερ
564 365 599 402 ἕν
626 364 816 415 πλάστιγγι
842 364 1049 408 καταθέντες
1077 365 1137 402 καὶ

118 426 411 473 ἀντιστήσαντες,
433 424 718 475 ἅποπηδήσωμεν
749 424 811 476 ὀψὲ
839 429 920 476 γοῦν
956 441 1041 463 ποτε
1074 429 1136 471 τῆς

116 485 370 536 χαλεπωτάτης
402 485 461 522 καὶ
490 485 644 537 ὀλεθρίας
673 484 795 533 νόσου,
828 485 884 522 ἵνα
928 484 1016 535 μετὰ
1044 487 1135 535 λαμ-

116 549 213 599 πρῶν
245 546 450 597 ἀπέλθωμεν
491 547 562 584 ἐκεῖ
594 546 771 598 στεφάνων
794 576 805 594 ,
836 546 896 584 καὶ
933 547 1133 595 δυνηθῶμεν

115 608 306 660 ἐλευθέροις
336 608 487 658 στόμασι
517 608 603 658 πρὸς
633 608 691 645 τὸν
720 607 872 659 Χριστὸν
910 609 1020 644 εἰπεῖν
1039 636 1048 653 ,
1082 605 1135 643 ὅτι

2069 268 2158 312 30⁵*

1210 364 1405 412 temsimus,
1417 373 1451 402 et
1472 364 1647 416 voluptati
1664 364 1918 416 imperavimus
1931 394 1942 414 ,
1960 372 1993 402 et
2009 363 2164 403 animam

1208 434 1365 461 nostram
1384 425 1602 472 affliximus,
1623 426 1820 476 rejectaque
1839 425 1937 462 omni
1957 425 2115 462 amicitia
2131 434 2166 463 et

1208 485 1442 536 pra‘judicata
1471 487 1637 538 opinione
1663 495 1695 523 te
1724 499 1953 536 amoremque
1982 486 2032 523 tui
2056 486 2166 524 rebus

1208 545 1374 583 omnibus
1394 545 1665 597 praeposuimus.
1680 546 1740 584 Sic
1751 546 1845 588 enim
1864 547 2086 584 lucrabimur
2102 561 2166 585 nos

1208 605 1320 656 ipsos,
1340 605 1562 643 lucrabimur
1581 605 1728 643 miseras
1749 605 1851 653 illas,
1867 606 2089 644 lucrabimur
2108 621 2166 645 eos

114 670 182 708 Διὰ
209 669 247 707 σὲ
280 669 339 707 καὶ
369 669 432 716 τὴν
464 668 561 712 δόξαν
583 667 646 715 τὴν
679 668 744 715 σὴν
775 667 833 706 καὶ
861 666 1043 713 συνηθείας
1071 683 1135 704 κα·
1147 697 1194 721 243
1208 666 1270 716 qui
1287 666 1592 715 scandalizantur,
1613 676 1646 704 et
1667 681 1748 704 cum
1769 667 1990 718 martyribus
2008 669 2163 706 colleca-

114 731 397 783 τεφρονήσαμεν,
427 730 486 767 καὶ
518 731 644 776 ἡδονῆς
675 729 946 780 ἐκρατήσαμεν,
978 727 1038 766 καὶ
1070 727 1132 774 τὴν

112 791 228 843 ψυχὴν
252 791 442 843 ἐθλίψαμεν
470 789 534 837 τὴν
564 790 758 842 ἡμετέραν,
778 790 837 828 καὶ
868 796 984 827 πᾶσαν
1017 788 1135 839 φιλίαν

113 851 320 895 ἐκὸαλόντες
350 850 411 889 καὶ
440 851 639 903 πρόληψιν,
666 850 704 889 σὲ
723 851 782 888 καὶ
801 850 858 888 τὸν
885 852 932 893 εἷς
961 848 999 888 σὲ
1028 849 1133 887 πόθον

112 912 274 950 ἁπάντων
312 911 620 965 προτετιμήκαμεν
652 911 882 963 πραγμάτων.
920 909 1026 949 Οὕτω
1066 909 1135 963 γὰρ

110 973 342 1025 κερδανοῦμεν
381 974 476 1022 ἡμᾶς
522 971 646 1015 αὐτοὺς
666 1001 676 1018 ,
721 973 954 1023 κερδανοῦμεν
998 972 1034 1010 δὲ
1071 972 1134 1015 τὰς

113 1033 232 1077 ἀθλίας
257 1032 414 1081 ἐκείνας,
432 1033 665 1084 κερδανοῦμεν
692 1034 727 1071 δὲ
747 1032 825 1076 τοὺς
852 1033 1134 1083 σκανδαλιζομέ-

112 1094 291 1144 νους,καὶ
323 1094 409 1147 παρ’
441 1094 562 1138 αὐτοὺς
593 1094 792 1144 στησόμεθα
826 1093 904 1137 τοὺς
937 1094 1131 1147 μάρτυρας,

110 1155 172 1194 καὶ
191 1155 254 1203 τὴν
276 1155 418 1207 πρώτην
445 1154 630 1207 ληψόμεθα
649 1154 756 1199 τάξιν.
778 1156 860 1193 Τῶν
883 1154 950 1206 γὰρ
982 1154 1046 1201 τὴν
1069 1171 1133 1205 με-

109 1216 232 1268 γίστην
254 1216 480 1264 ἀθλησάντων
502 1216 647 1263 ἄθλησιν
674 1214 834 1263 ἐκείνην,
865 1216 925 1254 καὶ
957 1216 1020 1259 τὰς
1048 1231 1134 1269 καρ-

110 1277 249 1330 τερικὰς
281 1277 488 1328 ἐνεγκόντων
517 1277 664 1327 ὀδύνας,
694 1278 756 1316 οὐκ
783 1277 952 1316 ἐλάττονα
992 1277 1134 1328 τίθεμαι

110 1340 291 1392 ἄνθρωπον
324 1338 382 1376 τὸν
413 1339 581 1391 ἐπιθυμία
614 1338 849 1390 κατεχόμενον
880 1340 1040 1390 παλαιᾷ,
1073 1339 1132 1376 καὶ

110 1401 145 1438 ἐν
172 1398 298 1450 ἡδίστη
325 1399 394 1437 τινὶ
413 1399 472 1436 καὶ
492 1398 624 1452 ἀρχαίᾳ
643 1398 992 1450 προκατειλημμένον
1027 1413 1133 1446 συνη-

109 1460 211 1513 θείᾳ,
233 1452 308 1498 εἶτα
341 1460 398 1498 διὰ
433 1460 492 1498 τὸν
530 1463 591 1498 τοῦ
626 1462 719 1497 Θεοῦ
754 1459 859 1510 φόὸον
898 1460 1131 1498 διακόπτοντα

107 1520 152 1559 τὰ
172 1519 296 1571 δεσμὰ,
318 1520 378 1558 καὶ
399 1521 485 1573 πρὸς
502 1520 542 1559 τὸ
559 1523 608 1572 τῷ
628 1522 711 1570 Θεῷ
738 1520 857 1558 δοκοῦν
879 1520 1130 1572 ἀνατρέχοντα.

109 1582 179 1620 Καὶ
211 1581 279 1633 γὰρ
311 1584 380 1619 τῶν
407 1581 540 1633 σφόδρα
560 1581 634 1618 ἐστὶ
665 1580 955 1632 χαλεπωτάτων,
989 1581 1132 1631 συμπά-

110 1643 202 1681 θειάν
222 1658 259 1680 τε
283 1642 341 1680 καὶ
359 1642 604 1693 φιλοστοργίαν
623 1641 784 1679 ἐκδαλεῖν
808 1641 972 1692 ἀρχαίαν,
987 1644 1046 1679 καὶ
1069 1641 1131 1685 τὰς

107 1702 349 1746 πολυπλόκους
369 1702 533 1753 διακόψαι
553 1701 665 1744 λαὸὰς
683 1732 692 1747 ,
712 1701 773 1739 καὶ
793 1705 1050 1753 πτεροφυῆσαί,
1071 1702 1130 1740 καὶ

109 1763 195 1814 πρὸς
219 1762 282 1806 τὰς
310 1763 488 1816 οὐρανίους
517 1763 642 1815 ἁψῖδας
668 1763 895 1814 ἀναδραμεῖν.
920 1762 990 1800 Καὶ
1019 1762 1130 1801 καθά-

108 1839 175 1875 περ
195 1823 336 1867 ἐκείνοις
357 1822 478 1874 δριμὺς
498 1826 515 1861 ὃ
538 1824 652 1870 πόνος,
685 1822 774 1861 οὕτω
810 1823 870 1860 καὶ
896 1822 1028 1868 τούτοις
1062 1839 1131 1873 μα-

109 1885 257 1936 κροτέρα
276 1888 298 1931 ἡ
332 1884 447 1932 ὀδύνη.
467 1884 530 1923 Διὸ
561 1885 621 1922 καὶ
651 1886 682 1922 οἱ
715 1885 877 1936 στέφανοι
899 1884 1004 1923 πάλιν
1039 1885 1130 1932 ἴσοι,

109 1945 229 1992 ἐπειδὴ
249 1946 308 1984 καὶ
332 1944 374 1982 τὰ
393 1945 625 1996 παλαίσματα
645 1946 759 1990 αὐτοῖς
772 1946 984 1998 παράλληλα
1005 1951 1129 1984 κεῖται.

109 2007 154 2044 Εἰ
187 2006 255 2058 γὰρ
288 2009 306 2045 ὁ
341 2005 518 2058 ἐξαγαγὼν
550 2007 665 2057 τίμιον
695 2007 729 2051 ἐξ
761 2007 900 2051 ἀναξίου
934 2009 980 2051 ὡς
1016 2009 1131 2058 στόμα

107 2071 168 2104 τοῦ
187 2067 279 2104 Θεοῦ
298 2066 417 2114 ἔσται,
434 2069 451 2104 ὁ
472 2067 532 2105 καὶ
551 2067 672 2106 ἑαυτὸν
704 2067 959 2121 ἐλευθερώσας,
976 2068 1036 2106 καὶ
1063 2085 1130 2119 μυ-

111 2127 202 2179 ρίους
231 2127 354 2171 ἄλλους
380 2128 583 2172 ἀπαλλάξας
602 2127 840 2182 κατηγορίας,
865 2128 1026 2176 ἐννόησον
1053 2129 1131 2167 ὅσον

109 2187 260 2240 λήψεται
281 2188 338 2228 τὸν
354 2189 491 2240 μισθὸν,
511 2190 571 2228 καὶ
591 2192 634 2241 τῇ
655 2192 722 2227 τῶν
741 2190 901 2228 ἐπάθλων
921 2190 1036 2229 ἐλπίδι
1055 2207 1132 2229 κου-

109 2249 289 2301 φιζόμενος
321 2250 583 2303 καταφρόνησον
630 2250 812 2298 συνηθείας
853 2259 1007 2304 πονηρᾶς
1028 2282 1037 2299 ,
1075 2252 1131 2290 ἵνα

110 2311 201 2349 κατὰ
232 2310 271 2348 τὸ
303 2315 353 2364 τῷ
382 2314 464 2363 Θεῷ
499 2313 618 2350 δοκοῦν
658 2312 861 2364 διαδραμὼν
886 2313 944 2351 τὸν
974 2312 1131 2366 παρόντα

112 2372 209 2422 βίον,
241 2371 329 2422 μετὰ
361 2375 513 2420 καθαροῦ
547 2372 738 2416 συνειδότος
773 2373 881 2419 αὐτὴν
920 2374 994 2425 ἴδῃς
1031 2376 1129 2421 ἐκεῖ,

110 2432 249 2479 καὶτῆς
271 2432 468 2483 ἁγιωτάτης
497 2435 602 2480 αὐτῆς
633 2433 835 2485 ἀπολαύσῃς
866 2434 1017 2484 ὁμιλίας.
1049 2437 1131 2473 Τῶν

110 2493 179 2545 γὰρ
201 2495 411 2543 σωματικῶν
437 2493 608 2532 λυθέντων
639 2498 784 2538 παθῶν,
820 2495 879 2533 καὶ
913 2498 973 2542 τῆς
1003 2513 1132 2548 τυραν-

111 2556 208 2600 νικῆς
245 2554 448 2600 σῧεσθείσης
480 2555 681 2604 ἐπιθυμίας,
713 2556 809 2594 οὐδὲν
841 2556 880 2593 τὸ
908 2556 1039 2594 κωλύον
1074 2559 1131 2595 α’ν-

111 2617 193 2668 δρας
221 2632 258 2655 τε
277 2620 364 2667 ὁμοῦ
398 2617 457 2655 καὶ
489 2624 654 2668 γυναῖκας
677 2611 764 2655 εἶναι
800 2619 887 2666 ἐκεῖ,
923 2618 1038 2664 πάσης
1070 2619 1131 2668 μὲν

111 2678 266 2716 ἐκποδὼν
297 2684 450 2730 πονηρᾶς
481 2678 584 2725 οὔσης
605 2678 755 2731 ὑποψίας
772 2709 781 2726 ,
809 2680 872 2726 τὴν
893 2680 928 2717 δὲ
966 2683 1034 2717 τῶν
1064 2683 1131 2731 ἀγ-

111 2739 222 2789 γέλων
248 2738 452 2785 πολιτείαν,
483 2739 541 2776 καὶ
583 2742 650 2777 τῶν
681 2743 808 2791 νοερῶν
836 2740 1014 2791 δυνάμεων
1045 2742 1132 2779 ἐκεί-

111 2814 179 2836 νων
212 2798 407 2848 δυναμένων
442 2798 620 2844 διασώζειν
641 2830 650 2847 ,
683 2802 753 2839 τῶν
785 2802 832 2844 εἷς
853 2802 916 2848 τὴν
952 2802 1133 2853 βασιλείαν

112 2861 181 2898 τῶν
204 2862 356 2911 οὐρανῶν
378 2861 610 2911 εἰσαγομένων
635 2861 799 2900 ἁπάντων
815 2893 824 2910 ,
851 2863 973 2914 χάριτι
992 2863 1051 2900 καὶ
1072 2878 1132 2914 φι-

112 2920 316 2973 λανθρωπία
329 2923 388 2958 τοῦ
411 2921 536 2973 Κυρίου
557 2924 657 2972 ἡμῶν
677 2923 794 2970 Ἰησοῦ
815 2925 978 2975 Χριστοῦ,
1001 2924 1079 2974 μεθ’
1095 2918 1133 2960 οὗ

113 2983 163 3032 τῷ
182 2982 308 3033 Πατρὶ,
327 2982 400 3031 ἅμα
421 2984 469 3034 τῷ
486 2983 574 3035 ἁγίῳ
595 2983 788 3034 ΙΙνεύματι,
809 2985 902 3030 δόξα,
924 2985 1023 3036 τιμὴ,
1049 2985 1135 3035 κρά-

114 3058 169 3085 τος
186 3043 231 3086 εἰς
247 3042 323 3087 τοὺς
343 3045 469 3087 αἰῶνας
489 3047 556 3082 τῶν
575 3045 723 3084 αἰώνων.
745 3046 867 3096 Ἀμήν.

1159 734 1184 762 Α
1208 727 1340 774 bimur,
1358 727 1546 778 primoque
1562 728 1598 764 in
1615 727 1739 765 ordine
1758 727 1906 765 erimus.
1925 728 2019 765 Nam
2033 728 2089 777 iis,
2103 730 2166 779 qui

1209 787 1276 824 hoc
1299 788 1457 824 maximo
1477 788 1669 825 certamine
1688 777 1864 836 vicerunt,
1881 797 1914 825 et
1933 788 2071 825 fortiter
2090 782 2168 825 crn-

1209 848 1320 885 ciatus
1348 848 1529 898 tulerunt,
1562 863 1631 886 non
1657 849 1831 886 minorem
1858 862 1950 900 pono
1986 848 2168 887 hominem

1207 909 1492 961 concupiscentia
1512 909 1621 947 veteri
1643 909 1824 947 detentum
1844 918 1878 946 et
1897 909 1932 946 in
1952 909 2164 946 suavissima

1208 980 1241 1008 et
1257 970 1401 1021 antiqua
1423 970 1677 1008 consuetudine
1691 979 1992 1022 praeoccupatum,
2012 979 2045 1007 et
2064 970 2167 1008 dein-

1208 1030 1252 1068 de
1272 1046 1335 1083 per
1363 1031 1526 1070 timorem
1549 1033 1616 1069 Dei
1635 1031 1919 1084 disrumpentem
1946 1031 2108 1079 vincula,
2129 1041 2163 1070 et

1187 1084 1193 1089 .
1208 1091 1255 1130 ad
1273 1092 1310 1130 id
1328 1093 1424 1143 quod
1437 1094 1515 1131 Deo
1532 1093 1706 1145 probatur
1720 1101 1971 1131 recurrentem.
1988 1092 2053 1130 Est
2072 1093 2168 1131 enim

1208 1162 1241 1190 et
1261 1153 1328 1191 hoc
1341 1154 1454 1191 multo
1471 1153 1680 1201 difficilius,
1702 1154 1869 1191 affectum
1889 1162 1922 1191 et
1938 1153 2167 1191 dilectionem

1208 1213 1439 1252 inveteratam
1471 1214 1613 1266 ejicere,
1649 1223 1683 1252 et
1714 1215 1934 1266 multiplices
1967 1214 2168 1253 occasiones

1207 1276 1381 1323 avellere;
1405 1285 1438 1312 et
1453 1276 1622 1313 assumtis
1641 1276 1707 1313 alis
1724 1275 1768 1312 ad
1781 1276 1935 1314 caelestes
1955 1275 2097 1327 apsides
2113 1289 2167 1314 re-

1207 1350 1359 1374 currere.
1379 1332 1425 1374 Et
1451 1338 1543 1374 sicut
1566 1346 1768 1388 martyrum
1788 1337 1895 1375 velox
1914 1336 2038 1386 labor,
2064 1337 2115 1374 ita
2135 1345 2168 1375 et

1206 1396 1335 1434 horum
1352 1398 1528 1450 prolixior
1547 1398 1663 1435 dolor.
1680 1399 1909 1449 Quapropter
1926 1407 1959 1435 et
1984 1411 2088 1449 pares
2107 1411 2169 1435 co-

1206 1472 1301 1496 ronae
1314 1488 1324 1507 ,
1347 1460 1514 1510 quoniam
1532 1468 1565 1496 et
1585 1458 1777 1496 certamina
1797 1458 1889 1496 inter
1905 1473 1942 1496 se
1960 1468 2042 1495 sunt
2063 1458 2166 1496 simi-

1206 1520 1269 1560 lia.
1298 1521 1392 1557 Nam
1423 1519 1451 1557 si
1479 1520 1540 1571 qui
1567 1518 1687 1557 educit
1711 1528 1745 1557 et
1764 1528 1905 1571 separat
1925 1519 2120 1571 pretiosum
2143 1535 2160 1558 a
2177 1537 2241 1563 Jcr,
2258 1542 2292 1570 ¹3
2321 1552 2364 1582 ¹9·

1156 1589 1178 1618 Β
1207 1580 1291 1629 vili,
1308 1581 1400 1617 sicut
1415 1594 1453 1617 os
1474 1581 1537 1617 Dei
1552 1581 1644 1628 crit,
1665 1580 1725 1630 qui
1746 1589 1780 1617 et
1807 1579 1964 1631 seipsum
1990 1580 2162 1620 liberave-

1205 1641 1271 1689 rit,
1289 1650 1322 1678 et
1342 1641 1473 1678 multos
1492 1641 1581 1678 alios
1614 1640 1862 1678 criminatione
1893 1641 2085 1687 exemerit,
2103 1655 2162 1679 co-

1205 1703 1277 1754 gita
1310 1711 1481 1753 quantam
1510 1702 1659 1754 accipiet
1687 1701 1914 1751 mercedem,
1937 1711 1970 1739 et
1991 1703 2164 1754 praemio—

1203 1778 1284 1801 rum
1304 1778 1367 1815 spe
1388 1764 1476 1802 levis
1491 1772 1523 1800 et
1545 1762 1694 1810 alacris,
1713 1772 1896 1801 contemne
1922 1763 2054 1800 malam
2077 1778 2166 1802 con-

1204 1825 1453 1874 suetudinem,
1471 1835 1511 1863 ut
1532 1826 1639 1877 juxta
1669 1825 1734 1863 Dei
1765 1825 1988 1863 voluntatem
2015 1825 2165 1864 decursa

1207 1886 1277 1924 vita
1295 1886 1359 1923 liae
1375 1917 1383 1933 ,
1400 1900 1480 1923 cum
1502 1901 1590 1938 pura
1614 1886 1826 1924 conscientia
1849 1886 1884 1923 in
1903 1886 1998 1923 caelis
2015 1886 2138 1924 videas
2154 1919 2165 1933 ,

1204 1947 1498 1998 sanctissimaspie
1517 1948 1616 1986 illius
1631 1948 1897 1986 conversatione
1911 1948 2053 1986 fruaris.
2073 1949 2164 1986 Nam

1204 2008 1265 2045 ubi
1287 2008 1488 2060 corporales
1507 2009 1711 2046 affectiones
1726 2008 1849 2046 solutae
1868 2009 2024 2058 fuerint,
2047 2018 2079 2047 et
2099 2023 2165 2047 ex—

1205 2070 1333 2108 stincta
1355 2071 1459 2108 fuerit
1479 2071 1671 2123 tyrannica
1697 2071 2000 2123 concupiscentia,
2021 2071 2162 2109 nullum

1204 2131 1271 2168 erit
1290 2131 1515 2169 obstaculum
1541 2132 1650 2169 simul
1674 2132 1725 2170 ibi
1756 2146 1829 2170 csse
1849 2132 2032 2170 mulierem
2051 2141 2084 2170 et
2105 2134 2162 2170 vi-

1203 2206 1306 2238 rum,
1332 2206 1350 2230 e
1374 2191 1492 2230 medio
1518 2192 1667 2230 sublatis
1694 2193 1860 2230 omnibus
1891 2193 2156 2245 suspicionibus

1204 2254 1307 2290 malis
1321 2284 1330 2301 ‚
1351 2262 1383 2290 et
1402 2267 1506 2304 agere
1525 2263 1559 2291 et
1579 2268 1719 2292 servare
1735 2268 1816 2291 cum
1837 2254 1940 2291 liccat
1960 2255 2127 2292 omnibus
2150 2284 2158 2299 ,

1204 2314 1266 2364 qui
1287 2314 1321 2351 in
1343 2327 1491 2365 reguum
1511 2315 1677 2352 caelorum
1703 2314 1999 2360 introducuntur,
2021 2315 2133 2352 vitam
2149 2345 2159 2358 ,

1154 2391 1177 2420 C
1202 2389 1308 2425 quam
1329 2370 1438 2425 agunt
1456 2375 1584 2426 augeli.
1599 2375 1852 2413 intellectuales
1882 2376 1953 2412 illa:
1971 2376 2156 2423 Yirtutcs‚

1205 2436 1316 2486 gratia
1338 2445 1370 2472 ct
1387 2435 1604 2485 benignitate
1623 2436 1767 2472 Domini
1782 2435 1891 2472 nostri
1909 2437 1991 2474 Jcsu
2007 2435 2157 2480 Christi,

1205 2511 1286 2534 cum
1309 2511 1378 2547 quo
1396 2496 1490 2534 Patri
1514 2510 1583 2533 uua
1605 2510 1685 2532 cum
1713 2495 1849 2547 Spiritu
1876 2504 1996 2532 sancto
2020 2495 2130 2545 gloria
2150 2527 2158 2541 ,

1205 2557 1317 2595 bonor
1335 2566 1367 2595 ct
1389 2556 1578 2608 imperium
1594 2556 1627 2593 iu
1642 2556 1769 2593 scocula
1790 2555 2014 2593 sacculorum.
2031 2558 2154 2597 Amen,

778 3287 804 3294 --
834 3289 838 3291 >
878 3278 1369 3300 ..qu—
1447 3288 1493 3292 --
