2549 3825
644 270 871 301 ADVERSUS
907 271 1262 302 OPPUGNATORES
1299 272 1413 302 vlTAE
1450 270 1649 300 MONAST.
1694 270 1779 299 [ΑΒ.
1822 269 1882 298 ΙΙΙ.
2188 254 2278 298 135

236 356 337 409 φύσιν
355 356 419 403 τὴν
437 355 626 408 ἡμέτεραν.
645 353 710 392 Διὸ
726 355 907 405 παραινῶ,
924 352 972 403 μὴ
995 352 1098 403 μόνον
1118 353 1254 405 ἑτέρους

1327 353 1541 392 tercludens.
1566 352 1652 391 Haec
1683 351 1816 404 quippe
1843 350 1977 403 optima
2003 359 2054 387 est
2081 349 2254 402 diciplina
2270 381 2282 396 ‚

236 416 466 469 βουλομένους
492 419 594 454 τοῦτο
613 419 725 453 ποιεῖν
755 413 922 460 κωλύειν,
944 413 1035 451 ἀλλὰ
1053 414 1114 452 καὶ
1134 412 1256 457 αὐτοὺς
1279 420 1302 449 C
1327 428 1396 452 non
1416 415 1517 467 prius
1529 414 1618 453 vitia
1635 413 1813 452 dominari
1840 412 1954 450 sinere
1982 420 2017 449 et
2053 419 2173 463 postea
2192 425 2286 461 quae-

235 475 633 527 συναντιλαμὸάνεσθαι,
650 475 710 513 καὶ
730 475 852 519 σώζειν
876 474 916 513 τὸ
934 474 1084 527 σκάφος,
1107 475 1166 512 καὶ
1185 489 1256 512 πα-

237 537 461 589 ρασκευάζειν
476 537 510 582 ἐξ
529 536 646 588 οὐρίας
663 538 777 575 πλεῖν.
797 535 867 575 Καὶ
882 534 951 588 γὰρ
969 538 998 573 εἷ
1018 535 1149 581 ταύτην
1165 529 1255 585 ἦμεν

234 593 361 643 πάντες
376 598 624 649 ἀναδεξάμενοι
639 598 703 645 τὴν
716 597 872 649 γνώμην,
888 598 948 635 καὶ
970 597 1035 648 πρὸ
1051 599 1120 635 τῶν
1142 598 1256 635 ἄλλων

235 661 400 699 ἁπάντων
417 662 464 704 εἷς
480 660 606 711 ἀρετὴν
627 658 746 702 αὐτοὺς
765 659 916 709 ἤγομεν,
931 662 1032 697 τοῦτο
1055 658 1117 708 μὲν
1140 658 1258 709 ἔργον,

236 721 281 760 τὰ
300 720 336 760 δὲ
351 721 442 759 ἄλλοι
457 720 653 770 νομίζοντες
671 720 832 771 πάρεργα
851 712 958 766 εἶναι,
977 725 1130 758 τοσαῦτα
1153 719 1260 768 ἔμελ-

236 783 295 821 λεν
314 776 402 821 εἶναι
423 781 469 820 τὰ
488 781 624 832 ἀγαθὰ,
652 781 717 820 ὅσα
749 785 806 819 νῦν
839 780 901 830 μὲν
920 780 1030 832 λέγων
1050 781 1110 818 καὶ
1134 782 1260 824 ἀλαζο·

237 842 394 882 νεύεσθαι
410 842 507 887 δόξω.
525 844 571 880 Εἰ
588 841 623 880 δὲ
643 841 735 880 θέλοι
759 857 811 884 τις
831 844 964 887 μαθεῖν,
983 841 1041 878 ἐπὶ
1059 842 1128 878 τῶν
1150 841 1260 891 ἔργων

239 903 370 942 εἴσεται
386 905 517 950 καλῶς,
540 902 600 941 καὶ
621 902 756 948 πολλὴν
779 901 841 952 μὲν
859 906 944 952 ἡμῖν
964 902 1174 953 ὁμολογήσει
1191 901 1260 953 χά-

242 981 313 1017 ριν,
340 966 474 1012 πολλὴν
498 964 533 1003 δὲ
561 964 628 1016 πρὸ
656 967 757 1014 ἡμῶν
791 967 840 1015 τῷ
873 965 977 1016 Θεῷ,
999 963 1260 1014 βλαστάνουσαν

239 1028 328 1078 δρῶν
342 1026 398 1065 ἐπὶ
414 1029 474 1072 τῆς
493 1029 557 1078 γῆς
583 1025 646 1072 τὴν
666 1026 702 1062 ἐν
720 1026 877 1076 οὐρανοῖς
891 1024 1087 1070 πολιτείαν,
1104 1024 1163 1062 καὶ
1183 1023 1263 1067 τοὺς

240 1090 309 1126 τῶν
338 1087 534 1137 μελλόντων
565 1087 726 1137 ἀγαθῶν,
746 1086 806 1124 καὶ
833 1085 911 1128 τοὺς
942 1087 1005 1131 τῆς
1038 1086 1262 1129 ἀναστάσεως

239 1147 361 1198 λόγους
385 1150 538 1186 ἐντεῦθεν
563 1147 632 1194 ἤδη
662 1146 927 1198 πιστουμένους,
949 1147 1008 1185 καὶ
1036 1150 1120 1198 παρ’
1150 1149 1263 1191 αὐτοῖς

240 1211 311 1253 τοῖς
330 1208 503 1253 ἀπίστοις.

295 1509 365 1548 Καὶ
391 1509 447 1548 ὅτι
472 1512 510 1548 οὗ
541 1508 677 1560 κόμπος
703 1513 815 1548 ταῦτα
853 1511 956 1556 δῆλον
994 1511 1144 1548 ἐκεῖθεν·
1182 1510 1264 1548 ὅταν

241 1571 316 1625 γὰρ
327 1573 442 1614 αὐτοῖς
467 1570 530 1618 τὴν
555 1570 733 1610 πολιτείαν
751 1572 908 1622 λέγωμεν
935 1573 1004 1608 τῶν
1032 1572 1067 1608 ἐν
1092 1576 1168 1614 ταῖς
1188 1572 1265 1622 ἐρή-

242 1648 318 1683 μοις
339 1633 444 1670 ὄντων
455 1632 560 1683 ,πρὸς
580 1632 642 1682 μὲν
661 1632 789 1679 ταύτην
809 1632 904 1670 οὐδὲν
922 1632 1058 1683 ἔχουσιν
1078 1633 1264 1679 ἀντειπεῖν,

241 1695 382 1732 δοκοῦσι
404 1692 439 1732 δὲ
461 1692 699 1746 ἰσχυρίζεσθαι
719 1693 779 1732 καὶ
803 1694 1009 1744 φιλονεικεῖν
1034 1697 1077 1744 τῇ
1108 1696 1177 1731 τῶν
1197 1710 1264 1731 κα-

239 1753 452 1806 τορθούντων
473 1754 662 1804 ὀλιγότητι.
677 1755 722 1792 Εἰ
742 1755 777 1793 δὲ
799 1756 834 1792 ἐν
854 1761 929 1798 ταῖς
949 1754 1073 1792 πόλεσι
1092 1754 1150 1791 τὸν
1170 1770 1264 1804 καρ-

240 1815 306 1855 πὸν
327 1814 562 1867 ἐφυτεύσαμεν
582 1819 721 1864 τοῦτον,
741 1815 802 1854 καὶ
827 1815 932 1866 νόμον
960 1814 1038 1853 τινὰ
1062 1815 1121 1853 καὶ
1151 1814 1264 1867 ἀρχὴν

240 1877 285 1915 τὰ
313 1879 374 1923 τῆς
407 1876 565 1921 εὐταξίας
597 1875 724 1922 ἔλαὸε,
752 1876 812 1914 καὶ
832 1875 910 1920 τοὺς
937 1877 1064 1920 παῖδας
1099 1876 1168 1927 πρὸ
1193 1878 1264 1914 τῶν

240 1939 356 1977 ἄλλων
372 1937 560 1976 ᾱὰποίντων
585 1938 813 1989 ἐπαιδεύομεν
837 1938 955 1990 φίλους
981 1931 1069 1976 εἶναι
1087 1940 1137 1989 τῷ
1160 1939 1263 1989 Θεῷ,

238 2000 298 2038 καὶ
320 1999 366 2038 τὰ
388 1998 609 2049 πνευματικὰ
637 1999 864 2050 ἐδιδάσκομεν
886 2000 1079 2050 μαθήματα
1100 2000 1178 2038 ἀντὶ
1193 2003 1262 2038 τῶν

239 2061 353 2099 ἄλλων
371 2059 429 2099 καὶ
447 2059 516 2109 πρὸ
533 2063 603 2098 τῶν
623 2060 738 2099 ἄλλων
760 2061 942 2108 ἁπάντων,
961 2061 1076 2100 πάντα
1101 2061 1143 2099 ἂν
1172 2064 1263 2100 ἀπε-

238 2123 374 2170 πήδησε
385 2121 429 2160 τὰ
441 2121 593 2174 λυπηρὰ,
604 2122 664 2160 καὶ
677 2122 808 2174 μυρίων
824 2122 1012 2173 ἀπηλλάγη
1024 2125 1142 2160 κακῶν
1157 2125 1175 2160 ὁ
1191 2122 1264 2173 βίος

239 2185 258 2220 ὃ
273 2182 408 2235 παρὼν,
421 2183 482 2221 καὶ
498 2183 610 2235 ὃπερὶ
629 2185 693 2228 τῆς
713 2183 905 2234 μελλούσης
927 2184 1066 2234 λέγεται
1085 2186 1188 2229 ζωῆς,
1208 2183 1261 2222 ὅτι

239 2243 375 2297 ἀπέδρα
397 2243 499 2291 ὀδύνη
526 2243 587 2281 καὶ
614 2244 710 2289 λύπη
736 2245 796 2282 καὶ
815 2244 1027 2295 στεναγμὸς,
1049 2247 1200 2283 ἐντεῦθεν
1220 2244 1260 2282 ἂν

238 2305 520 2356 ἐκαρπωσάμεθα
536 2306 675 2348 πάντες.
695 2306 737 2343 lit
753 2304 818 2356 γὰρ
839 2308 927 2355 μήτε
943 2305 1153 2356 χρημάτων,
1174 2305 1262 2354 μήτε

240 2364 339 2411 δόξης
351 2365 435 2417 ἔρως
445 2369 538 2415 ἡμᾶς
551 2365 661 2417 εἷσῇει
671 2369 786 2412 κενῆς,
799 2367 887 2416 μήτε
901 2367 1048 2404 (saiva-:ov
1061 2365 1262 2416 ἐδεδίειμεν,

240 2425 289 2474 μὴ
303 2427 437 2473 πενίαν,
450 2426 498 2476 μὴ
510 2427 550 2464 τὸ
560 2430 677 2471 κακῶς
690 2432 810 2466 παθεῖν
826 2427 962 2478 βλάὸην
973 2427 1162 2478 ἡγούμεθα,
1171 2427 1261 2465 ἀλλὰ

240 2487 300 2524 καὶ
326 2487 444 2539 κέρδος
475 2487 660 2537 μέγιστον,
689 2488 738 2538 μὴ
769 2488 1047 2540 ἀπεχθάνεσθαι,
1071 2488 1119 2537 μὴ
1147 2495 1259 2538 μισεῖν

239 2548 380 2600 ᾔδειμεν
394 2578 404 2595 ,
421 2549 492 2586 οὔτ’
519 2550 558 2587 ἂν
581 2548 648 2587 ὑπὸ
668 2551 736 2586 τῶν
764 2549 857 2587 ἰδίων
889 2553 1008 2587 παθῶν
1021 2579 1030 2593 ,
1048 2550 1117 2588 οὔτ’
1135 2550 1173 2587 ἂν
1194 2551 1262 2588 ὑπὸ

238 2612 307 2648 τῶν
329 2611 518 2662 ἀλλοτρίων
547 2611 814 2662 ἐπολεμήῡημέν
835 2627 918 2650 ποτε
931 2641 940 2658 ,
961 2613 1037 2650 ἀλλ’
1060 2613 1170 2649 αὐτῶν
1191 2615 1260 2649 τῶν

1328 490 1416 523 rere,
1433 491 1503 527 quo
1522 485 1627 528 pacto
1648 475 1708 513 illa
1727 473 1905 512 eliminari
1917 473 2067 525 possint,
2085 472 2149 510 sed
2165 472 2284 510 omnia

1329 536 1443 574 facere
1472 545 1578 586 atque
1602 535 1737 583 moliri,
1765 544 1804 571 ut
1823 543 1948 571 natura
1977 543 2095 572 nostra
2116 533 2284 583 nequitiae

1333 598 1379 634 sit
1394 597 1584 637 inaccessa.
1605 595 1846 643 Quamobrem
1863 595 2000 641 hortor,
2014 608 2084 632 non
2104 595 2212 632 modo
2234 595 2284 632 il-

1334 658 1401 706 los,
1422 658 1482 709 qui
1506 658 1544 696 id
1568 659 1682 695 faeere
1707 656 1859 701 vellent,
1881 654 2069 700 cohibere,
2095 654 2157 693 sed
2177 656 2284 693 etiam

1332 717 1428 770 ipsos
1456 718 1647 770 suscipere,
1670 716 1838 769 scapham
1858 715 2007 766 eripere,
2035 724 2069 752 et
2097 729 2287 766 procurare

1333 788 1373 816 ut
1403 778 1558 817 secundo
1588 787 1694 816 vento
1723 776 1926 826 navigetur.
1962 774 2104 812 Etenim
2130 775 2161 812 si
2196 776 2288 813 hanc

1334 853 1455 877 omnes
1474 840 1682 877 sententiam
1707 837 2014 889 amplecteremur,
2031 844 2065 872 et
2086 835 2166 873 aliis
2191 845 2290 887 post-

1334 900 1467 939 habitis
1484 900 1529 938 ad
1544 900 1715 937 virtutem
1730 912 1788 936 eos
1798 897 2070 942 deduceremus,
2086 896 2153 933 hoc
2172 896 2287 935 solum

1337 975 1452 1013 operae
1491 961 1665 1013 pretium,
1695 968 1818 997 caetera
1846 972 1932 995 vero
1955 957 2075 994 omnia
2112 956 2289 995 adscititia

1335 1037 1408 1061 esse
1424 1022 1657 1068 arbitrantes,
1683 1029 1778 1058 tanta
1798 1019 1883 1056 hinc
1903 1018 2145 1068 contingerent
2163 1018 2255 1056 bona
2277 1049 2286 1064 ,

1336 1093 1466 1135 quanta
1486 1083 1514 1121 si
1545 1096 1638 1121 nunc
1656 1081 1786 1127 dicam,
1806 1080 1971 1131 jactantis
1991 1093 2088 1117 more
2111 1079 2212 1129 loqui
2234 1079 2289 1116 vi-

1337 1145 1433 1184 dear.
1455 1145 1493 1183 Si
1509 1144 1591 1195 quis
1606 1153 1724 1182 autem
1753 1141 1843 1180 scire
1862 1141 1997 1193 cupiat,
2015 1155 2060 1178 ex
2074 1141 2183 1178 rebus
2203 1141 2290 1193 ipsis

1337 1207 1448 1259 probe
1467 1214 1666 1257 cognoscet,
1696 1204 1925 1254 ingentesque
1949 1201 2051 1240 nobis
2069 1202 2208 1251 'gratias
2227 1202 2292 1240 ha·

1336 1267 1449 1315 bebit,
1462 1268 1636 1316 longeque
1653 1265 1804 1316 majores
1820 1265 1910 1311 Deo,
1927 1277 2009 1300 cum
2029 1262 2162 1300 viderit
2179 1262 2289 1300 vitam

1337 1329 1438 1367 illam
1455 1328 1628 1366 caelestem
1641 1326 1677 1363 in
1693 1335 1784 1379 terra
1793 1325 2060 1376 germinantem,
2075 1323 2293 1361 doctrinam·

1338 1404 1408 1440 que
1437 1389 1482 1428 de
1510 1388 1640 1426 futuris
1672 1386 1776 1424 bonis
1806 1399 1848 1423 ac
1872 1385 1918 1423 de
1944 1384 2200 1423 resurrectione
2233 1385 2292 1423 vel

1338 1451 1434 1503 apud
1453 1451 1548 1503 ipsos
1567 1447 1727 1486 infideles
1747 1446 1974 1484 obtinentem.

1394 1514 1456 1551 19.
1486 1509 1594 1559 Quod
1630 1518 1749 1547 autem
1778 1508 1854 1546 haec
1885 1521 1955 1545 non
1972 1508 2152 1559 jactantiae
2185 1508 2292 1546 verba

1338 1574 1420 1621 sint,
1441 1571 1523 1610 inde
1541 1570 1721 1622 liquidum
1752 1578 1817 1614 est,
1846 1568 1942 1619 quod
1962 1582 2042 1606 cum
2062 1569 2150 1620 ipsis
2179 1570 2292 1607 vitam

1337 1648 1473 1679 eorum,
1492 1632 1555 1683 qui
1580 1632 1617 1668 in
1649 1630 1798 1668 desertis
1824 1637 2028 1672 versantur,
2060 1642 2264 1667 enarramus
2280 1659 2290 1676 ,

1338 1695 1383 1734 ad
1399 1695 1474 1733 haec
1493 1693 1583 1731 nihil
1605 1691 1703 1743 quod
1719 1690 1890 1742 objiciant
1914 1690 2059 1737 habent,
2077 1690 2137 1728 sed
2156 1690 2294 1729 fortiter

1337 1763 1538 1808 repugnant
1558 1762 1592 1791 et
1617 1750 1834 1790 contendunt
1869 1751 1963 1788 circa
1998 1751 2210 1802 paucitatem
2229 1765 2291 1789 eo-

1337 1831 1433 1863 rum,
1455 1816 1515 1867 qui
1534 1815 1581 1852 ita
1604 1813 1755 1865 perfecte
1770 1826 1805 1849 se
1819 1821 1956 1863 gerunt.
1974 1813 2012 1850 Si
2033 1825 2118 1850 vero
2136 1812 2171 1849 in
2192 1812 2294 1851 urbi-

1337 1877 1405 1916 bus
1421 1877 1515 1915 hunc
1528 1877 1684 1914 fructum
1699 1887 1906 1916 sereremus,
1921 1872 2084 1923 bonaque
2099 1873 2293 1926 disciplina

1336 1948 1370 1977 et
1402 1939 1515 1990 legem
1550 1946 1584 1975 et
1618 1935 1763 1973 initium
1785 1934 1983 1985 acciperet,
2011 1933 2176 1985 filiosque
2213 1944 2293 1973 ante

1336 1999 1455 2037 omnia
1467 2009 1693 2036 moneremus
1713 2004 1751 2032 ut
1775 1995 1849 2032 Deo
1858 1994 1962 2032 amici
1974 1995 2108 2040 fierent,
2123 1995 2293 2047 spiritua·

1335 2061 1458 2111 lesque
1483 2059 1694 2110 disciplinas
1712 2055 1790 2095 vice
1815 2056 1977 2094 omnium
2005 2065 2039 2094 et
2069 2067 2149 2094 ante
2172 2071 2293 2095 omnes

1336 2123 1425 2161 alias
1436 2122 1534 2174 ipsos
1548 2120 1770 2166 doceremus,
1783 2118 1900 2156 tristia
1914 2127 2038 2156 cuncta
2052 2117 2292 2163 abscederent,

1335 2182 1604 2232 innumerisque
1635 2182 1740 2220 malis
1758 2181 1830 2219 vita
1851 2193 2006 2232 praesens
2025 2179 2231 2230 eriperetur,
2252 2194 2292 2218 ac

1335 2243 1428 2295 quod
1449 2243 1493 2281 de
1512 2243 1631 2280 futura
1651 2242 1800 2290 dicitur,
1832 2254 1959 2292 nempe
1982 2240 2164 2289 aufugisse
2190 2241 2290 2278 dolo-

1335 2318 1424 2350 rem,
1444 2303 1624 2342 tristitiam
1645 2312 1679 2340 et
1707 2302 1895 2353 gemitum,
1922 2300 2006 2338 hinc
2026 2301 2149 2351 utique
2168 2315 2289 2340 conse-

1335 2378 1526 2415 queremur
1545 2377 1679 2401 oinnes.
1701 2365 1792 2402 Nam
1820 2362 1848 2400 si
1864 2376 1926 2399 nec
1942 2362 2174 2413 pecuniarum
2193 2393 2201 2405 ‚
2225 2377 2287 2401 nec

1335 2422 1448 2460 inanis
1467 2422 1590 2472 gloriae
1610 2421 1743 2474 cupido
1763 2435 1827 2459 nos
1844 2429 1989 2467 teneret,
2010 2434 2121 2471 neque
2139 2430 2289 2459 mortem

1334 2483 1560 2529 timeremus,
1583 2496 1694 2532 neque
1726 2490 1991 2533 paupertatem.
2019 2495 2082 2518 nec
2112 2496 2287 2519 mrumnas

1332 2543 1503 2581 damnum
1523 2543 1790 2587 arbitraremur,
1811 2541 1873 2579 sed
1902 2541 2042 2578 lucrum
2063 2542 2263 2579 maximum
2278 2573 2286 2586 ,

1335 2619 1402 2642 nou
1435 2603 1635 2647 inimicitia,
1651 2616 1719 2639 uon
1749 2601 1832 2639 odio
1852 2601 2016 2652 persequi
2036 2602 2256 2640 novisseiuus
2276 2634 2284 2645 .

238 2671 394 2723 ἀγγέλων
415 2673 515 2723 ἐγγὺς
542 2673 582 2710 ἂν
610 2672 650 2710 τὸ
675 2674 745 2711 τῶν
772 2673 965 2724 depu'imov
994 2673 1128 2723 ἐγένετο
1152 2674 1259 2724 γένος,
1287 2688 1309 2715 Α
1336 2665 1766 2717 nonpropriisuunquam,
1783 2676 1850 2700 uon
1872 2662 1997 2699 alienis
2017 2663 2127 2700 :inimi
2143 2664 2285 2713 :egritu-

239 2732 308 2771 Καὶ
322 2733 375 2777 τίς
388 2732 579 2786 ἀνθρώπων
596 2737 705 2772 ταῦτα
722 2734 944 2785 κατώρθωσε,
963 2734 1066 2786 φησίν
1081 2751 1090 2780 ;
1109 2735 1264 2778 Eadm-u

239 2797 410 2842 ἀπιστεῖς,
421 2796 481 2834 ἅτε
494 2798 526 2834 ἐν
542 2795 685 2834 πόλεσιν
700 2797 817 2841 οἰκῶν,
830 2795 888 2833 καὶ
904 2802 980 2838 ταῖς
1001 2796 1108 2838 Οείαις
1129 2796 1262 2847 βίίλοις

238 2857 303 2907 οὐχ
321 2855 509 2906 ὡμιληκώς
522 2872 529 2880 ·
546 2859 575 2896 εἷ
594 2857 629 2894 δὲ
649 2858 707 2896 καὶ
729 2857 807 2900 τοὺς
827 2859 861 2894 ἐν
884 2863 958 2900 ταῖς
979 2857 1121 2908 ἐρήμοις
1138 2858 1238 2900 ὄντας
1251 2889 1260 2904 ,

238 2917 296 2955 καὶ
313 2916 390 2960 τοὺς
407 2919 441 2955 ἐν
457 2924 534 2961 ταῖς
550 2921 805 2969 πνευματικαῖς
824 2918 956 2969 βίόλοις
975 2918 1176 2969 γενομένους
1192 2919 1259 2956 ποί-

236 2978 295 3016 λαι
316 2978 493 3030 ἐγνώκεις,
511 2979 636 3030 ἔμαθες
668 2981 708 3017 ἂν
737 2979 789 3018 ὅτι
818 2981 876 3018 καὶ
907 2981 938 3017 οἱ
962 2981 1124 3032 μοναχοὶ,
1149 2980 1207 3018 καὶ
1230 2983 1260 3017 οἱ

237 3039 305 3090 πρὸ
333 3039 463 3078 τούτων
492 3040 702 3087 ἀπόστολοι,
731 3041 789 3078 καὶ
812 3044 843 3079 οἱ
872 3041 940 3093 πρὸ
966 3041 1104 3079 ἐκείνων
1132 3040 1260 3078 δίκαιοι

239 3099 327 3149 μετὰ
358 3100 537 3152 ἀκριίείας
566 3101 705 3148 ἁπάσης
724 3101 788 3149 τὴν
815 3102 1020 3154 φιλοσοφίαν
1043 3102 1260 3144 ἐπεδείξαντο

237 3160 378 3208 ταύτην.
394 3162 473 3199 Ἵνα
489 3162 524 3200 δέ
539 3177 593 3200 σοι
613 3162 662 3212 μὴ
678 3164 943 3215 φιλονεικῶμεν,
961 3164 1075 3212 δῶμεν
1092 3166 1160 3201 τῶν
1183 3165 1257 3201 δευ·

237 3220 344 3271 τέρων
367 3221 389 3268 ἢ
409 3222 534 3274 τρίτων
566 3225 626 3261 ἀπ’
651 3223 788 3262 ἐκείνων
820 3223 978 3274 γενέσθαι
1009 3223 1067 3260 τὸν
1100 3224 1170 3261 υἱὸν
1200 3225 1255 3261 τὸν

239 3281 314 3319 σόν·
339 3282 416 3322 οὐδὲ
447 3283 514 3336 γὰρ
536 3282 626 3322 οὕτω
660 3286 794 3335 μικρῶν
828 3284 1063 3323 ἀπολαύσεται
1100 3286 1254 3335 ἀγαθῶν.

1332 2725 1481 2764 dinibus
1513 2737 1802 2775 expugnareumr
1821 2753 1830 2766 ,
1852 2721 1911 2759 sed
1944 2722 2141 2761 humanum
2178 2738 2288 2774 genus

1333 2787 1468 2835 angelis
1489 2785 1693 2838 proximum
1715 2792 1816 2823 esset.
1840 2782 1971 2832 Ecquis
1989 2783 2176 2822 homiuum
2194 2814 2204 2829 ,
2228 2786 2285 2822 iu-

1334 2848 1448 2899 quies,
1467 2847 1556 2884 lmuc
1585 2860 1658 2882 rein
1680 2853 1748 2880 tauu
1772 2843 1938 2894 pru-clare
1953 2843 2086 2892 gessit?
2105 2846 2190 2883 June
2216 2859 2285 2882 non

1333 2908 1463 2951 credis.
1476 2916 1596 2959 utpote
1611 2905 1671 2956 qui
1690 2906 1724 2942 iu
1747 2904 1897 2941 urbibus
1920 2904 2074 2948 habites,
2094 2915 2125 2943 et
2144 2904 2287 2943 diuino>

1334 2972 1445 3009 libros
1483 2983 1550 3006 nou
1572 2968 1709 3017 legeris.
1735 2965 1840 3013 Quod
1859 2967 1887 3003 si
1923 2980 1980 3003 eos
2002 2967 2063 3015 qni
2086 2967 2120 3004 iu
2139 2966 2286 3005 desertis·

1334 3040 1532 3071 versantur.
1555 3037 1586 3066 et
1603 3042 1659 3065 eos
1680 3028 1740 3076 qui
1769 3026 1802 3063 iu
1822 3027 2071 3078 spiritualibus
2091 3027 2194 3065 libris
2214 3042 2285 3066 tut·-

1335 3101 1517 3131 iuoruntur
1537 3103 1669 3130 nosses,
1689 3087 1875 3125 didicisses
1897 3088 2021 3137 utique
2041 3097 2072 3125 et
2094 3089 2285 3127 monachos

1332 3164 1364 3192 vt
1389 3153 1500 3205 prius,
1518 3164 1623 3200 ‹puiiu
1646 3149 1714 3193 illi,
1737 3148 1927 3200 apostolos,
1942 3157 2016 3186 tuin
2036 3149 2284 3199 etiaiujuslos.

1332 3215 1392 3266 qui
1416 3212 1594 3265 apostolos
1611 3218 1875 3262 pra-cesserunt.
1888 3223 2025 3247 summu
2037 3225 2118 3248 euru
2134 3210 2285 3262 diligen-

1333 3282 1482 3320 [iuliane
1504 3280 1616 3331 ipsaiui
1638 3276 1903 3330 philosophiam!
1921 3276 2140 3317 exhibuisse.
2167 3278 2287 3315 Vitan-

281 3421 296 3446 ’ἵ
322 3420 374 3454 si«—
392 3434 506 3455 ‹miuva
526 3430 642 3464 prusti-r
660 3422 774 3456 Mori-l.
800 3425 854 3466 qni
881 3425 926 3456 ni·-
953 3423 1076 3464 habu-t,
1105 3430 1238 3458 ‹nive-..2
1257 3439 1271 3457 x·
1285 3431 1352 3458 Ar·
1375 3424 1588 3463 ὶττυῦύομιν.
1606 3425 1702 3454 “5⁹³¹
1720 3423 1754 3452 δ’
1770 3421 1938 3455 :iz-rm..··.,u
1953 3423 1988 3450 *ὦ
2010 3420 2090 3460 lum-.-
2110 3423 2140 3450 -ί-
