2513 3871
327 270 416 315 383

326 364 555 405 inferioribus
578 363 712 403 addicti
742 364 835 417 ipsas
865 363 1100 414 reliquerunt.
1131 361 1212 402 Jam
1241 374 1283 399 ea

326 428 434 466 etiam
448 440 533 465 cura
549 424 728 478 expedita,
744 425 814 464 alia
835 438 978 463 rursum
997 423 1145 462 molesia
1164 435 1284 461 suece-

327 487 383 526 dii
408 487 445 525 in
469 486 564 525 dotis
583 486 772 539 pensione,
791 498 934 531 socero,
953 483 1055 535 quasi
1080 482 1192 536 gratis
1209 495 1282 521 nu-

326 557 453 595 meret,
474 546 575 586 haud
597 561 682 587 sane
699 546 846 585 comiter
870 545 1061 593 reddente,
1078 554 1112 584 et
1132 557 1279 597 sponso,

326 610 390 662 qui
405 618 518 648 totum
537 608 692 647 nancisci
708 606 862 654 studeat,
874 620 956 645 cum
972 604 1188 645 verecundia
1205 606 1281 643 exi·

324 684 411 722 gere
428 678 564 716 coacto,
586 677 620 706 et
649 681 739 706 nova
767 676 878 720 nupta
903 666 1090 705 solutionis
1109 665 1282 704 dilatione

324 729 512 784 pudefacta
521 761 530 777 ,
545 730 664 768 virum
679 728 808 779 quovis
819 726 984 780 improbo
994 726 1157 766 debitore
1168 725 1282 777 magis

323 801 506 830 reverente
526 807 533 827 :
552 805 631 842 qua¹
651 790 754 828 mitto
773 789 807 827 in
823 787 1022 842 praesentia.
1043 790 1088 825 At
1103 786 1197 825 enim
1215 786 1282 824 bac

323 853 438 891 soluta
458 865 541 890 cura
558 881 569 898 ,
592 850 758 889 continuo
777 848 973 888 sterilitatis
992 857 1107 886 metus
1125 847 1281 899 ingi·uit;

323 922 492 966 praeterea
509 921 627 950 autem
644 919 678 949 et
695 909 850 963 prolium
867 909 1074 961 frequentia:
1090 908 1254 946 anxietas
1272 923 1280 944 z

324 988 439 1026 neque
454 973 573 1012 adbuc
590 972 718 1011 liorum
734 985 913 1023 quoquam
930 971 1130 1024 explorato,
1146 979 1281 1008 utram-

322 1036 435 1086 quein
446 1035 667 1088 partemjam
682 1032 764 1072 inde
779 1033 825 1071 ab
839 1032 941 1071 initio
958 1032 1158 1070 turbantur.
1172 1031 1281 1080 Quod

323 1096 353 1135 si
377 1096 479 1135 brevi
500 1105 641 1133 uterum
653 1103 775 1145 gestet,
790 1107 933 1132 rursum
949 1107 1031 1131 cum
1045 1102 1178 1131 terrore
1189 1092 1281 1130 laeti-

321 1157 394 1206 tia;
414 1157 502 1195 nibil
520 1165 570 1194 est
584 1156 678 1194 enim
695 1153 912 1192 matrimonii
929 1154 1106 1192 bonorum
1124 1167 1280 1191 vacuum

324 1227 477 1265 terrore;
499 1227 632 1264 terror,
653 1216 814 1266 inquam,
837 1229 880 1253 ne
901 1214 1028 1252 abortu
1053 1213 1232 1252 incidente
1247 1223 1281 1252 et

322 1277 421 1328 quod
437 1286 645 1329 conceptum
661 1285 711 1314 est
726 1276 889 1320 intereat,
901 1283 934 1312 et
950 1273 1101 1325 gravida
1117 1273 1152 1312 in
1167 1283 1282 1312 extre-

320 1352 421 1377 mum
437 1337 629 1376 discrimen
643 1335 775 1375 veniat.
791 1335 856 1375 Sin
873 1334 1027 1373 multum
1041 1335 1212 1387 temporis
1228 1334 1280 1372 in-

321 1400 442 1449 tersit,
463 1413 556 1438 uxor
573 1398 709 1437 hiscere
728 1411 797 1436 non
817 1396 941 1445 audet,
961 1395 1063 1448 quasi
1083 1397 1131 1435 sit
1145 1395 1278 1435 arbitra

319 1461 397 1514 ipsa
427 1459 605 1513 pariendi.
634 1461 762 1498 Partus
782 1466 900 1497 autem
929 1466 1108 1496 momento
1136 1457 1279 1509 impen-

319 1522 425 1561 dente
444 1522 568 1560 alvum
590 1530 686 1560 tanto
701 1521 777 1574 jam
803 1529 963 1573 tempore
980 1519 1187 1558 afflictatam
1208 1518 1278 1557 do-

321 1583 412 1623 lores
421 1583 652 1636 disrumpunt
665 1597 706 1620 ac
716 1580 909 1629 divellunt,
920 1580 983 1632 qui
998 1580 1054 1620 vel
1063 1580 1127 1618 soli
1138 1594 1279 1618 omnem

322 1645 542 1685 matrimonii
570 1644 793 1697 voluptatem
818 1643 1009 1681 offuscent.
1032 1641 1130 1690 Quin
1149 1651 1182 1680 et
1200 1641 1280 1680 aliae

321 1705 489 1759 deinceps
504 1720 598 1744 curae
618 1719 696 1743 eam
712 1703 922 1743 sollicitant.
941 1702 1082 1742 Etenim
1103 1702 1230 1740 misera
1247 1711 1280 1740 et

320 1781 519 1806 aerumnosa
548 1766 666 1820 puella
679 1796 690 1812 ‚
711 1765 775 1804 etsi
804 1764 1114 1807 vehementissime
1132 1763 1176 1801 iis
1195 1777 1279 1801 cru-

320 1829 474 1868 ciatibus
493 1828 662 1872 distenta,
684 1826 800 1865 nihilo
819 1825 876 1864 his
896 1825 1014 1863 minus
1033 1823 1214 1871 formidat,
1238 1838 1281 1862 ne

323 1905 387 1943 pro
402 1890 554 1942 perfecto
569 1897 603 1926 et
620 1888 756 1939 integro
774 1885 924 1925 vitiosus
939 1895 1044 1937 atque
1061 1885 1208 1924 mutilus
1222 1884 1279 1923 in-

319 1952 397 1989 fans
416 1950 584 2004 prodeat,
606 1963 650 1987 ne
669 1963 733 2002 pro
754 1962 851 1986 mare
871 1947 1014 1986 semina,
1034 1949 1157 1998 Neque
1183 1947 1278 1985 enim

319 2012 396 2052 baec
418 2026 478 2051 eas
495 2010 703 2050 sollicitudo
732 2010 848 2048 levius
872 2018 965 2056 tum,
987 2023 1095 2060 quam
1115 2008 1256 2047 dolores
1270 2040 1279 2058 ,

318 2082 479 2122 exercet3
497 2087 576 2124 qua:
598 2087 666 2110 non
689 2071 796 2110 modo
818 2071 852 2108 in
872 2070 1004 2122 quibus
1024 2084 1154 2108 noxam
1177 2084 1278 2109 com-

318 2134 477 2180 mittant,
500 2133 562 2172 sed
581 2134 686 2172 etiam
707 2133 741 2171 in
763 2132 895 2184 quibus
920 2131 1039 2170 absint
1058 2146 1077 2169 a
1097 2131 1226 2184 culpa,
1243 2132 1278 2170 in

319 2195 377 2234 his
398 2209 466 2234 non
487 2194 606 2233 minus
630 2207 737 2245 quam
760 2193 795 2231 in
817 2193 889 2231 illis
915 2192 1016 2231 viros
1043 2201 1223 2242 metuant;
1241 2193 1277 2231 in

318 2271 430 2307 eaque
448 2263 652 2308 tempestate
677 2253 803 2292 salutis
822 2268 894 2292 suoe
913 2252 1034 2291 studio
1061 2253 1213 2301 omisso,
1235 2267 1278 2292 ne

317 2316 407 2368 quid
426 2317 502 2355 viro
517 2315 656 2354 accidat
675 2315 870 2367 ingratum,
889 2323 1069 2354 verentur.
1083 2316 1164 2353 ,Iam
1181 2314 1277 2354 edito

318 2379 354 2416 in
375 2391 480 2415 auras
500 2377 646 2426 infante,
667 2390 708 2414 ac
728 2375 883 2428 primam
904 2389 1028 2414 vocem
1049 2375 1178 2423 effato,
1198 2375 1277 2414 aliae

321 2452 465 2477 rursum
483 2452 578 2476 cura:
597 2436 783 2489 excipiunt
801 2435 1057 2475 incolumitatis
1074 2446 1179 2488 atque
1193 2435 1278 2475 edu·

318 2501 478 2540 cationis.
503 2500 543 2539 Si
575 2498 695 2538 indole
720 2507 770 2537 est
802 2498 944 2537 liberali
970 2508 1004 2537 et
1032 2498 1076 2536 ad
1108 2498 1277 2537 virtutem

317 2571 538 2615 comparata,
557 2561 685 2599 iterum
703 2560 737 2598 in
758 2568 851 2598 metu
870 2569 1048 2613 parentes,
1065 2573 1108 2598 ne
1125 2559 1214 2611 quid
1230 2559 1276 2598 si-

318 2623 471 2662 nistrum
495 2622 666 2675 patiatur,
686 2636 728 2659 ne
752 2621 940 2660 immatura
963 2630 1074 2659 morte
1091 2620 1214 2670 obeat,
1236 2634 1278 2659 ne

317 2683 354 2723 in
376 2684 504 2723 vitium
524 2683 673 2734 aliquod
689 2683 897 2735 ‹legeneret3
920 2697 1001 2721 nam
1018 2696 1087 2721 non
1103 2681 1218 2720 solum
1233 2696 1277 2720 ex

317 2745 494 2799 improbis
516 2744 640 2798 probi,
658 2743 720 2783 sed
740 2745 846 2783 ctiam
864 2758 909 2782 ex
926 2743 1048 2794 probis
1066 2743 1221 2796 improbi
1236 2758 1278 2782 ac

318 2807 485 2859 flagitiosi
502 2807 604 2844 siunt.
620 2806 783 2853 Quorum
800 2804 930 2856 siquid
946 2805 1086 2844 eveniat
1104 2804 1276 2851 invisum,

317 2866 578 2906 intolerabilius
603 2866 736 2905 malum
758 2875 940 2917 cst,quain
963 2865 992 2904 si
1016 2865 1092 2904 liaec
1109 2865 1155 2903 ab
1175 2864 1278 2903 initio

317 2929 548 2980 contigissent
570 2943 577 2965 z
600 2928 653 2966 sin
674 2927 793 2966 omnia
809 2927 844 2965 in
868 2942 909 2965 co
938 2927 1109 2980 proeclam
1135 2926 1276 2965 stabilia

317 2998 494 3038 maneant,
509 2998 544 3027 at
560 2988 767 3027 mutationis
784 2989 890 3026 timor
907 2987 1048 3026 assidue
1064 2997 1196 3041 praesto
1209 2996 1275 3037 est,

318 3059 502 3102 pareutum
524 3050 662 3088 animos
673 3064 816 3088 versans
831 3063 1067 3101 magnamque
1082 3049 1278 3102 voluptatis

319 3120 453 3162 partem
467 3110 694 3149 ‹lt-truncans.
715 3114 759 3148 At
774 3125 842 3149 non
859 3110 1026 3150 omnibus
1042 3110 1178 3149 maritis
1193 3124 1276 3149 con-

319 3170 423 3221 tingit
444 3171 573 3209 liberos
593 3171 734 3210 babere.
760 3171 882 3222 ltaque
904 3170 992 3209 milii
1007 3170 1115 3209 aliam
1132 3185 1275 3209 rursum

321 3229 578 3279 inquietudinis
604 3244 746 3268 musam
775 3244 910 3268 narras.
941 3234 1060 3279 Quare
1083 3230 1112 3268 si
1132 3239 1167 3268 et
1194 3244 1273 3269 sus-

320 3288 429 3340 ceptis
449 3289 572 3327 liberis
593 3305 632 3327 ac
655 3303 722 3328 non
742 3291 933 3343 susceptis,
949 3300 981 3329 et
1001 3291 1125 3344 probis
1143 3305 1183 3330 ar
1205 3291 1274 3330 ssa-

365 3442 377 3455 ·
402 3431 483 3470 neg.
514 3437 658 3470 ἱκτὶπως.
675 3432 684 3472 [
704 3432 855 3475 tic-mque
869 3433 1174 3478 Snvil.Legel›ntur
1197 3435 1326 3479 ήσεως-Ι

320 3483 420 3518 Paula
449 3491 521 3526 post
542 3485 619 3524 tto-g.
654 3490 806 3518 ὀιιιλέτοα
826 3493 939 3530 πατρὸς
955 3493 1094 3528 τυχοῦσα.
1115 3502 1256 3532 nuptm«.

1301 2343 1325 2372 l)

742 282 779 312 S.
809 280 996 312 Jomxts
1029 277 1271 310 cttm·sos·r.
1313 276 1519 307 Annuit-11¹.
1558 276 1917 308 CONSTASTtNot‘.

1356 359 1547 412 φροντίδος.
1558 360 1694 399 Πολλαὶ
1707 364 1788 412 γοῦν
1802 360 2047 412 διαλάμψασαι
2061 359 2193 412 σφόδρα
2207 359 2299 399 κατὰ
2311 359 2375 407 τὴν

1355 425 1415 460 τοῦ
1436 420 1600 472 σώματος
1627 421 1722 473 ὥραν
1746 422 1810 460 οὒκ
1828 421 1978 474 ἴσχυσαν
1996 420 2076 465 τοὺς
2094 421 2221 475 ἄνδρας
2241 421 2375 459 ἑαυτῶν

1357 483 1459 529 ἑλεῖν,
1473 481 1564 521 ἀλλὰ
1579 482 1722 535 ἀφέντες
1744 481 1852 526 αὖτὰς
1866 482 1992 520 ἐκεῖνοι
2013 486 2090 525 ταῖς
2105 482 2238 534 σφόδρα
2254 483 2379 520 λειπο-

1356 542 1478 593 μέναις
1495 545 1608 582 αὐτῶν
1633 542 1807 587 ἐξέδωκαν
1828 541 1984 586 ἑαυτούς.
2012 540 2083 580 Καὶ
2105 541 2235 589 ταύτης
2259 540 2295 580 δὲ
2314 543 2378 583 ἐἷς

1355 603 1533 655 φροντίδος
1550 604 1711 650 λυθείσης
1729 602 1831 655 ἑτέρα
1858 601 1965 640 πάλιν
1995 601 2240 655 ἐπεισέρχεται
2271 601 2379 649 ἀηδία

1354 665 1389 702 ἐν
1407 667 1450 716 τῇ
1466 667 1528 712 τῆς
1557 665 1700 717 προικὸς
1720 663 1900 715 καταδολῇ
1912 691 1922 711 ,
1938 663 1958 702 8
1973 678 2011 701 τε
2028 661 2201 710 κηδεστὴς
2220 663 2260 701 οὗ
2288 660 2378 713 μετὰ

1355 725 1549 776 προθυμίας
1573 723 1776 772 ἀποδιδοὺς,
1804 723 1866 763 ἅτε
1899 730 2030 776 προῖκα
2058 723 2276 770 κατατιθεὶς,
2302 722 2324 762 8
2340 738 2377 762 τε

1355 787 1501 839 νυμφίος
1521 788 1636 826 πάντα
1657 787 1721 838 μὲν
1741 786 1933 824 ἀπολαόεῖν
1956 785 2134 833 σπεύδων,
2154 784 2217 832 τὴν
2246 783 2283 824 δὲ
2302 783 2378 824 εἶσ-

1354 847 1479 899 πραξιν
1500 847 1588 898 μετὰ
1623 848 1738 890 αἰδοῦς
1767 849 1942 885 ποιεῖσθαι
1971 844 2311 898 ἀναγκαζόμενος,ἤ
2339 859 2378 883 τε

1354 908 1439 961 γυνὴ
1458 911 1491 948 ἐν
1511 912 1554 960 τῇ
1573 912 1636 955 τῆς
1656 907 1847 952 ’ἐκτίσεως
1867 907 2023 959 ἀναὸολῇ
2050 907 2286 959 αἰσχυνομένη
2318 905 2378 946 καὶ

1354 971 1550 1022 ἔρυθριῶσα
1566 971 1624 1009 τὸν
1645 971 1753 1022 ἄνδρα
1771 969 1902 1012 παντὸς
1916 969 2051 1019 μᾶλλον
2070 968 2272 1019 ἀγνώμονος
2289 969 2378 1021 ὄφει-

1354 1031 1455 1069 >tiz-ou
1467 1045 1474 1051 ·
1494 1031 1650 1085 παρίημι
1663 1035 1734 1070 νῦν.
1756 1031 1866 1068 Ἀλλὰ
1881 1029 1949 1082 γὰρ
1969 1029 2103 1076 ἐκείνης
2118 1031 2180 1075 τῆς
2199 1028 2379 1082 φροντίδος

1353 1092 1514 1139 λυθείσης
1532 1096 1550 1131 ὁ
1569 1096 1630 1140 τ’ἧς
1662 1093 1828 1137 ἀπαιδίας
1853 1090 1978 1134 εὐθέως
1994 1090 2238 1143 δπεισίρχεται
2253 1090 2376 1143 φόὸος,

1353 1153 1412 1190 καὶ
1427 1154 1513 1206 πρὸς
1529 1154 1641 1206 τούτῳ
1655 1153 1761 1192 πάλιν
1778 1156 1801 1200 ἦ
1815 1155 1878 1200 τῆς
1895 1151 2130 1195 πολυπαιδίας
2146 1152 2299 1204 φροντὶς,
2318 1152 2379 1191 καὶ

1352 1214 1488 1258 οὐδενὸς
1506 1214 1614 1252 ὄντων
1631 1214 1762 1252 τούτων
1788 1214 1926 1252 οὐδέπω
1942 1216 2110 1265 φανεροῦ,
2125 1220 2202 1258 ταῖς
2216 1212 2377 1265 ἀμφοτέ-

1352 1287 1421 1323 ρων
1442 1273 1477 1318 ἐξ
1493 1275 1603 1326 ἀρχῆς
1625 1273 1859 1326 ταράττονται
1891 1274 2059 1326 φροντίσι.
2082 1274 2156 1313 Κᾶν
2175 1273 2238 1325 μὲν
2256 1274 2379 1319 εὐθέως

1353 1334 1466 1386 κυήσῃ
1479 1364 1489 1383 ,
1507 1334 1598 1385 μετὰ
1616 1333 1722 1387 φόὸου
1741 1335 1847 1373 πάλιν
1864 1338 1886 1382 ἡ
1901 1335 1998 1387 χαρά
2021 1334 2140 1385 (οὐδὲν
2158 1335 2227 1388 γὰρ
2252 1339 2322 1375 τῶν
2342 1338 2378 1376 ἕν

1353 1397 1404 1448 τῷ
1420 1395 1526 1448 γάμῳ
1547 1397 1665 1435 καλῶν
1685 1395 1793 1448 φόὸου
1811 1394 1964 1449 χωρίς)·
1983 1398 2001 1434 ὁ
2026 1396 2062 1435 δὲ
2090 1391 2217 1448 φόὸος,
2240 1397 2378 1448 μήποτε

1353 1456 1542 1507 γενομένης
1571 1456 1789 1507 ἀμὸλώσεως
1817 1458 1990 1511 διαφθαρῇ
2013 1456 2076 1509 μὲν
2097 1457 2137 1496 τὸ
2156 1457 2352 1511 συλληφθὲν
2362 1486 2375 1506 ,

1353 1517 1558 1570 κινδυνεύσῃ
1591 1517 1626 1556 δὲ
1653 1518 1734 1571 περὶ
1766 1521 1836 1557 τῶν
1865 1518 2026 1571 ἐσχάτων
2044 1522 2066 1566 ἡ
2087 1518 2230 1558 κύουσα.
2258 1516 2320 1558 Ἂν
2341 1517 2379 1558 Sl

1352 1577 1461 1622 πολὺς
1480 1578 1609 1630 μεταξὺ
1621 1579 1767 1630 γένηται
1783 1579 1918 1632 χρόνος,
1936 1578 2222 1632 ἀπαρρησίαστος
2239 1581 2262 1626 ἡ
2278 1579 2378 1632 γυνὴ,

1353 1638 1474 1692 ὥσπερ
1499 1640 1587 1688 αὐτὴ
1612 1641 1715 1692 κυρία
1741 1635 1827 1680 οῦσα
1856 1644 1917 1679 τοῦ
1939 1647 2064 1679 τεκεῖν.
2082 1640 2198 1679 Ὅταν
2223 1640 2259 1680 δὲ
2283 1643 2378 1681 ὁτοῦ

1353 1701 1455 1740 τόκου
1472 1701 1591 1755 καιρὸς
1617 1703 1767 1753 ἐπιστῇ,
1788 1701 2015 1741 διακόπτουσι
2037 1700 2100 1752 μὲν
2121 1702 2181 1740 καὶ
2202 1703 2378 1741 διασπῶσι

1352 1762 1415 1810 τὴν
1435 1763 1494 1800 ἐπὶ
1510 1762 1665 1815 τοσούτῳ
1684 1763 1801 1816 χρόνῳ
1829 1767 2038 1811 πονηθεῖσαν
2057 1761 2162 1810 νηδὺν
2177 1764 2317 1813 ὠδῖνες,
2340 1763 2379 1803 αἳ

1354 1825 1414 1862 καὶ
1430 1825 1534 1875 μόναι
1548 1825 1665 1863 ἱκαναὶ
1681 1825 1797 1864 πάντα
1813 1824 2000 1864 συσκιάσαι
2019 1824 2064 1863 τὰ
2083 1829 2143 1864 τοῦ
2161 1825 2276 1877 γάμου
2288 1840 2378 1877 χρη-

1355 1886 1434 1925 στοί.
1469 1887 1671 1939 Θορυὸοῦσι
1703 1886 1738 1926 δὲ
1763 1886 1870 1934 αὐτὴν
1903 1886 1962 1924 καὶ
1985 1886 2091 1924 ἄλλαι
2124 1885 2215 1937 μετὰ
2244 1885 2376 1925 τούτων

1354 1948 1543 1999 φροντίδες.
1561 1947 1606 1987 ‘ll
1625 1948 1694 2001 γὰρ
1714 1948 1819 1987 ἀθλία
1838 1947 1898 1986 καὶ
1921 1947 2142 2001 ταλαίπωρος
2163 1947 2249 2000 κόρη
2262 1976 2273 1995 ,
2297 1947 2379 1987 καί·

1354 2025 1407 2048 τοι
1425 2009 1516 2048 οὕτω
1533 2011 1689 2062 σφοδρῶς
1707 2010 1775 2049 ὑπὸ
1795 2012 1865 2048 τῶν
1887 2008 2086 2061 ἀλγηδόνων
2106 2009 2247 2047 ἐκείνων
2264 2022 2378 2047 κατα-

1354 2071 1555 2122 τεινομένη,
1574 2072 1706 2110 δέδοικε
1724 2070 1856 2109 τούτων
1876 2072 1940 2122 οὐχ
1957 2065 2082 2117 ἧττον,
2103 2070 2242 2120 μήποτε
2266 2071 2378 2109 λελω-

1353 2132 1504 2183 ὅημένον
1519 2133 1578 2171 καὶ
1589 2133 1769 2185 ἀνάπηρον
1781 2132 1858 2171 ἀντὶ
1869 2132 1988 2184 ἀρτίου
2004 2132 2063 2170 καὶ
2079 2133 2196 2184 ὑγιοῦς
2207 2132 2376 2185 προέλθῃ,

1353 2194 1491 2245 μήποτε
1511 2194 1588 2233 ἀντὶ
1616 2195 1758 2247 ἄῤῥενος
1785 2193 1885 2240 θῆλυ.
1908 2193 1978 2232 Καὶ
1994 2192 2062 2245 γὰρ
2081 2192 2169 2240 αὕτη
2190 2193 2257 2246 οὗχ
2270 2187 2375 2240 ἦττον

1352 2255 1458 2300 αὐτὰς
1482 2258 1550 2294 τῶν
1565 2255 1698 2294 ὠδίνων
1720 2259 1742 2302 ἦ
1764 2254 1897 2306 ἀγωνία
1922 2254 2060 2306 θορυὸεἰ
2085 2254 2174 2293 τότε·
2202 2253 2278 2293 οὐδὲ
2305 2255 2376 2307 γὰρ

1351 2319 1387 2355 ἐν
1408 2312 1456 2361 οἷς
1477 2319 1562 2356 εἰσιν
1579 2317 1761 2356 ὑπεύθυνοι
1781 2316 1905 2367 μόνον,
1927 2315 2017 2354 ἀλλὰ
2037 2315 2096 2354 καὶ
2111 2307 2160 2353 ὧν
2176 2318 2240 2363 τ’ἥς
2259 2315 2373 2359 αἰτίας

1352 2381 1534 2431 ἀφεῖνται,
1567 2381 1632 2417 κάν
1662 2378 1797 2423 τούτοις
1830 2377 2006 2417 δεδοίκασι
2036 2376 2114 2421 τοὺς
2146 2377 2275 2431 ἄνδρας
2313 2378 2378 2416 οὐκ

1352 2441 1494 2479 ἔλαττον
1511 2441 1533 2487 ἢ
1551 2443 1585 2480 ἐν
1606 2440 1769 2486 ἐκείνοις,
1792 2439 1851 2477 καὶ
1872 2438 1935 2486 τὴν
1954 2437 2043 2477 ἰδίαν
2063 2437 2258 2491 ἀσφάλειαν
2274 2440 2375 2491 ἀφεῖ-

1352 2517 1413 2540 σαι
1441 2508 1584 2541 σκοπεῖν
1603 2503 1636 2540 ἐν
1663 2502 1822 2554 τοσούτῳ
1839 2500 2014 2547 κλύδωνι,
2043 2502 2241 2552 μεριμνῶσι
2271 2499 2376 2551 μήτι

1351 2561 1471 2612 τάνδρὶ
1487 2564 1556 2599 τῶν
1575 2559 1776 2608 ἀὸουλήτων
1804 2558 1961 2608 γένηται.
1984 2560 2058 2598 Τοῦ
2092 2558 2128 2597 δὲ
2149 2559 2288 2598 παιδίου
2315 2575 2377 2599 πε·

1352 2620 1471 2663 σόντος
1486 2623 1533 2663 είς
1551 2619 1612 2668 τὴν
1632 2623 1696 2671 γῆν
1717 2619 1776 2658 καὶ
1790 2619 1932 2672 πρώτην
1949 2618 2093 2670 ἀφέντος
2110 2618 2242 2671 φωνὴν,
2259 2618 2375 2673 ἕτεραι

1350 2681 1457 2719 πάλιν
1479 2680 1700 2732 διαδέχονται
1732 2679 1931 2732 φροντίδες,
1951 2677 2014 2718 ἀί
2033 2681 2095 2726 τῆς
2122 2679 2316 2732 σωτηρίας,
2338 2683 2375 2720 αἱ

1351 2745 1412 2788 τῆς
1439 2744 1647 2794 ἀνατροφῆς.
1678 2741 1752 2780 Κᾶν
1783 2740 1845 2791 μὶν
1876 2741 1992 2792 εὐφυὲς
2021 2741 2058 2780 ὃν
2086 2740 2177 2793 τύχῃ
2209 2742 2376 2797 καὶπρὸς

1352 2802 1478 2854 ἀρετὴν
1501 2802 1710 2848 ἐπιτήδειον,
1729 2803 1835 2840 πάλιν
1850 2803 1885 2840 ἐν
1908 2802 2025 2853 quaem<
2043 2803 2074 2841 οἱ
2092 2803 2249 2847 τεκόντας
2268 2804 2317 2855 μή
2339 2819 2375 2843 τι

1351 2863 1447 2915 πάθῃ
1472 2863 1581 2901 δεινὸν
1609 2862 1648 2900 τὸ
1673 2862 1812 2915 τεχθὲν,
1830 2862 1879 2913 μὴ
1906 2864 2053 2901 θάνατον
2081 2864 2193 2915 ἄωρον
2212 2866 2374 2917 ὓποστῇ,

1352 2925 1401 2977 μὴ
1422 2924 1606 2976 μεταδαλῃ
1633 2924 1717 2976 πρὸς
1744 2923 1871 2962 κακίαν
1892 2924 1981 2962 τινα.
2003 2924 2094 2963 Οὐδὲ
2119 2924 2187 2977 γὰρ
2206 2926 2245 2963 ἐκ
2263 2940 2375 2974 πονη·

1353 2990 1419 3038 ρῶν
1437 2987 1584 3039 χρηστοὶ
1600 2985 1754 3036 γίνονται
1770 2985 1885 3035 μόνον,
1906 2984 1995 3023 ἀλλὰ
2011 2985 2068 3023 καὶ
2088 2986 2158 3024 ἀπὸ
2175 2985 2374 3026 σπουδαίων

1350 3050 1473 3099 φαῦλοι
1494 3047 1553 3086 καὶ
1572 3046 1732 3099 πονηροί.
1752 3046 1827 3084 Κᾶν
1846 3045 1908 3096 μὲν
1935 3045 2066 3085 τούτων
2087 3062 2120 3086 τι
2138 3046 2285 3098 γίνηται
2303 3049 2374 3086 τῶν

1351 3111 1547 3153 ἀπευκτῶν,
1565 3106 1823 3160 ἀφορητοτίραν
1850 3107 1923 3158 ἔχει
1947 3107 2009 3155 τὴν
2032 3106 2200 3156 λύπην,ἣ
2225 3109 2255 3147 εἰ
2278 3107 2375 3162 παρὰ

1349 3169 1413 3216 τὴν
1435 3173 1455 3209 ἀ
1481 3186 1489 3194 “
1506 3169 1548 3217 ἡν
1568 3172 1677 3207 ταῦτα
1704 3168 1889 3207 συνέπεσεν
1907 3183 1914 3191 ·
1937 3169 1975 3206 ἂν
2006 3169 2042 3206 δὲ
2062 3169 2203 3207 ἅπαντα
2221 3168 2310 3223 μένῃ
2329 3169 2375 3210 τὰ

1349 3185 1479 3283 γρῄῖρ
1537 3228 1658 3276 (cuia,
1677 3231 1696 3267 ὁ
1713 3231 1795 3280 γοῦν
1823 3229 1894 3267 ἀπὸ
1919 3233 1980 3275 τῆς
2010 3228 2209 3280 μεταὸολῆς
2227 3230 2281 3270 ἀεὶ
2304 3230 2373 3269 πά·

1351 3307 1464 3343 ρεστιν
1486 3292 1600 3335 αὐτοῖς
1627 3290 1750 3342 φόδος,
1769 3290 1965 3328 κατασείων
1992 3290 2056 3337 τὴν
2080 3290 2198 3344 ψυχὴν
2221 3294 2289 3331 τῶν
2312 3306 2372 3330 τι-

1406 3436 1422 3459 Ῑ·
1447 3435 1525 3476 fleg.
1546 3439 1619 3479 υπὶρ
1637 3444 1688 3474 τῆς
1704 3440 1906 3480 τωτνρίαςκαὶ
1923 3445 1986 3475 τῆς.
2004 3435 2121 3480 {Suprt
2132 3435 2234 3470 Sn'tl.
2252 3438 2370 3480 κενὸίινῳ

1362 3499 1421 3530 pro
1440 3487 1587 3531 ι)ι”ι-“.ω·ιι.1
