2549 3825
1009 274 1065 303 nn
1104 273 1407 304 vuiGmrrATr..
2133 260 2225 321 590

180 359 350 406 τοσαύτην
376 358 462 409 ὑπὲρ
487 359 548 404 τῆς
570 360 637 396 τῶν
661 358 794 408 μικρῶν
816 355 955 394 ἐκείνων
978 356 1037 394 καὶ
1058 356 1196 408 φαύλων
1211 386 1258 410 3¹26
1269 365 1384 404 tenet,
1412 355 1458 394 de
1483 355 1618 395 levium
1644 356 1789 394 illorum
1820 364 1853 394 et
1882 355 2042 394 sutilium
2065 356 2226 395 custodia

181 423 338 472 φυλακῆς
363 418 569 471 ἀναδέχεται
599 417 792 469 μέριμναν,
822 415 905 463 ὅσην
935 420 965 454 οἷ
994 417 1055 460 τὰς
1088 417 1200 467 μεγά-

179 483 242 524 λας
265 479 546 532 ἐπιτροπεύοντες
566 478 676 521 οἰκίας
692 493 699 500 ·
726 477 866 516 ἐπειδὰν
888 477 923 516 δὲ
945 477 1198 528 μνηστεύεσθαι

181 542 239 594 δέῃ
257 542 315 580 καὶ
343 544 360 578 ὁ
383 545 442 579 τοῦ
460 540 573 592 γάμου
591 539 709 592 καιρὸς
737 539 914 590 ἀναγκάζῃ
943 538 1005 585 τὴν
1031 538 1198 590 πατρῴαν

180 600 291 638 οἰκίαν
312 603 465 652 ἀφεῖναι,
482 599 560 638 τότε
582 601 644 645 τῆς
672 597 843 641 εὐτελείας
871 596 1004 644 ἐκείνης
1032 598 1199 635 ἀπαλλα-

180 667 279 712 γεῖσα
299 661 358 698 καὶ
378 663 440 705 τ’ἧς
462 660 727 706 ταπεινότητος,
748 658 857 702 οἰκίας
883 658 1118 710 προστασίαν,
1140 656 1199 695 καὶ

179 722 370 773 κτημάτων
392 723 450 760 καὶ
471 720 697 773 ἀνδραπόδων
714 722 863 767 πλῆθος,
882 720 940 758 καὶ
961 720 1081 772 ἀνδρὸς
1102 723 1199 771 θερα-

178 783 299 830 πείαν,
321 783 381 821 καὶ
416 782 461 821 τὰ
494 783 584 820 ἄλλα
610 782 655 820 τὰ
685 782 815 819 τούτων
853 781 995 832 μείζονα
1022 785 1198 831 μεριμνᾷν

179 844 412 895 ἀναγκάζεται
429 859 436 867 ·
457 843 548 880 οὕτω
570 843 630 880 καὶ
647 846 741 893 ἡμᾶς
766 842 836 894 χρὴ
852 873 861 890 ,
882 841 1003 887 ἐπειδὴ
1032 840 1118 894 πρὸς
1139 840 1197 878 τὸν

176 904 307 943 τέλειον
328 905 482 955 ἀγόμεθα
505 903 577 954 βίον
605 903 664 942 καὶ
684 903 741 941 τὸν
770 902 916 954 ἀνδράσι
949 901 1172 954 προσήκοντα
1187 930 1196 948 ,

180 964 224 1003 τὰ
252 965 310 1003 ἐπὶ
342 968 405 1011 τῆς
423 967 487 1015 γῆς
516 963 632 1002 πάντα
653 963 803 1015 ἀφέντας
837 963 881 1000 τὰ
909 963 1015 1006 ὄντως
1049 962 1198 1000 παιδικὰ

177 1025 373 1077 ἀθύρματα,
388 1025 618 1077 φαντάζεσθαι
638 1025 695 1062 τὸν
713 1025 855 1077 οὐρανὸν
877 1025 936 1062 καὶ
955 1028 1018 1071 τῆς
1037 1027 1109 1062 ἐκεῖ
1128 1025 1199 1062 δια-

177 1087 298 1139 τριὸἢς
311 1086 373 1134 τὴν
385 1085 622 1137 λαμπρότητα
641 1085 699 1124 καὶ
713 1085 774 1133 τὴν
789 1085 888 1130 δόξαν
908 1085 1199 1138 ἅπασαν.“Ηρμό-

176 1153 308 1199 σθημεν
329 1148 397 1200 γὰρ
421 1147 481 1186 καὶ
500 1152 603 1198 ἡμεῖς
621 1147 757 1200 νυμφίῳ
785 1147 893 1190 οὕτως
924 1149 1081 1193 ζητοῦντι
1113 1149 1198 1199 παρ’

176 1212 276 1260 ἡμῶν
296 1211 518 1260 ἀγαπᾶσθαι,
538 1212 584 1253 ὡς
611 1209 660 1259 μὴ
685 1212 753 1247 τῶν
781 1211 816 1247 ἓν
838 1211 881 1259 τῇ
898 1211 942 1260 γῇ
963 1208 1082 1259 μόνον,
1109 1208 1197 1259 μηδὲ

176 1273 245 1309 τῶν
267 1274 400 1322 μικρῶν
420 1270 549 1309 τούτων
570 1271 629 1308 καὶ
646 1272 793 1308 εὐτελῶν
809 1299 819 1315 ,
835 1270 924 1308 ἀλλὰ
943 1269 1003 1308 καὶ
1034 1274 1095 1316 τῆς
1128 1272 1199 1321 ψυ-

175 1335 242 1384 χῆς
262 1335 367 1379 αὐτῆς
388 1332 598 1383 ἀφίστασθαι
619 1332 661 1369 δι’
681 1332 802 1379 αὐτὸν,
818 1330 900 1369 ὅταν
920 1331 991 1382 δέῃ.
1018 1331 1120 1369 Ἐπεὶ
1139 1323 1198 1370 οὖν

176 1395 246 1430 ἐκεῖ
273 1393 394 1431 λοιπὸν
420 1392 561 1431 ἀπιέναι
582 1391 651 1444 χρὴ
668 1423 677 1439 ,
698 1391 957 1442 ἀπαλλάξωμεν
976 1391 1118 1435 ἑαυτοὺς
1135 1396 1198 1438 τῆς

176 1454 354 1506 φροντίδος
369 1456 431 1499 τῆς
445 1455 612 1497 εὐτελοῦς.
638 1453 728 1492 Οὐδὲ
753 1452 822 1504 γὰρ
844 1455 891 1496 εἷς
922 1453 1102 1503 βασιλείαν
1131 1469 1197 1503 με·

176 1513 359 1552 θίστασθαι
376 1515 560 1564 μέλλοντες
577 1515 645 1552 ἀπὸ
659 1520 827 1566 πενιχρᾶς
842 1513 969 1562 οἰκίας,
984 1514 1196 1566 κεραμίδων,

175 1574 233 1612 καὶ
257 1574 382 1623 ςύλων,
399 1575 458 1612 καὶ
478 1575 650 1621 ἐπίπλων,
666 1575 726 1613 καὶ
745 1578 806 1621 τ’ῆς
822 1574 929 1620 ἄλλης
942 1577 1003 1620 τῆς
1022 1575 1113 1613 κατὰ
1131 1574 1195 1621 τὴν

174 1635 286 1674 οἰκίαν
308 1635 557 1688 ἐφροντίσαμεν
580 1635 620 1673 ἂν
642 1634 775 1678 πενίας.
803 1635 864 1681 Μὴ
892 1635 1006 1673 τοίνυν
1029 1635 1116 1684 μηδὲ
1138 1640 1195 1673 νῦν

173 1695 218 1732 τὰ
245 1698 278 1734 ἐν
310 1699 354 1748 τῇ
381 1700 425 1748 γῇ
455 1699 702 1747 μεριμνῶμεν·
732 1699 750 1734 ὃ
767 1695 837 1747 γὰρ
865 1695 984 1747 καιρὸς
1005 1699 1099 1745 ἡμᾶς
1126 1697 1193 1743 ἤδη

174 1758 273 1795 καλεῖ
291 1757 376 1809 πρὸς
400 1757 457 1795 τὸν
475 1757 617 1809 οὐρανὸν
632 1786 642 1804 ,
662 1756 821 1808 καθάπερ
835 1757 894 1795 καὶ
909 1755 1098 1806 Ἱ)ωμαίοις
1114 1758 1195 1795 ἐπι-

174 1817 326 1856 στέλλων
349 1821 366 1856 ὃ
385 1817 568 1871 μακάριοις
591 1819 730 1861 Παῦλος
747 1817 860 1869 ἔλεγε·
878 1820 950 1856 Νῦν
973 1817 1040 1871 γὰρ
1059 1818 1196 1871 ἐγγύτε-

176 1894 231 1931 ρον
251 1880 351 1929 ἡμῶν
365 1882 386 1925 ἡ
405 1878 560 1930 σωτηρία
575 1878 597 1924 ἢ
613 1879 670 1918 ὅτε
690 1879 963 1929 ἐπιστεύσαμεν·
981 1881 1002 1926 ἦ
1022 1878 1078 1923 νὺξ
1095 1878 1197 1930 προέ-

172 1941 290 1992 κοψεν,
303 1943 324 1986 ἠ
343 1939 377 1979 δὲ
389 1940 506 1992 ἡμέρα
521 1940 658 1992 ἤγγικε.
675 1940 745 1978 Καὶ
764 1940 885 1988 πάλιν,
896 1940 1072 1978 Ἐνταῦθα
1087 1943 1104 1978 ὁ
1121 1956 1198 1978 και-

175 2000 230 2051 ρὸς
253 2001 524 2052 συνεσταλμένος
552 2001 592 2039 τὸ
610 1995 730 2040 λοιπόν
751 2003 864 2048 ἐστιν,
884 2001 941 2039 ἵνα
959 2002 1019 2040 καὶ
1041 2004 1071 2040 οἱ
1096 2002 1196 2053 ἔχον-

173 2078 230 2104 τες
251 2068 437 2114 γυναῖκας,
456 2065 502 2107 ὡς
522 2062 572 2113 μὴ
606 2062 745 2116 ἔχοντες
763 2056 840 2101 ὦσι.
860 2062 907 2101 Τί
926 2056 983 2100 οῦν
1004 2063 1055 2100 δεῖ
1081 2063 1196 2113 γάμου

173 2128 243 2166 τοῖς
270 2125 308 2161 οὐ
336 2124 519 2174 μέλλουσιν
539 2124 797 2163 ἀπολαύσεσθαι
815 2124 930 2175 γάμου
946 2155 955 2173 ,
979 2125 1054 2164 ἀλλ’
1077 2126 1112 2162 ἐν
1131 2124 1196 2176 ’ίσῳ

173 2191 244 2229 τοῖς
258 2187 320 2224 οὐκ
337 2185 454 2238 ἔχουσι
472 2186 730 2232 διακείσεσθαι;
746 2185 780 2223 τί
801 2185 837 2224 δὲ
861 2187 1077 2237 χρημάτων,
1097 2186 1131 2224 τί
1161 2186 1197 2225 δὲ

174 2246 384 2297 κτημάτων,
406 2247 439 2285 τί
460 2247 495 2286 δὲ
512 2250 579 2285 τῶν
603 2249 774 2297 βιωτικῶν
787 2277 796 2293 ,
823 2249 886 2292 τῆς
904 2246 1063 2299 χρήσεως
1084 2249 1197 2285 αὐτῶν

176 2308 290 2360 ἀώρου
308 2307 428 2346 λοιπὸν
446 2308 548 2354 οὔσης
565 2309 624 2346 καὶ
644 2307 879 2360 παρακαίρου;
898 2310 942 2346 Εἰ
966 2308 1034 2361 γὰρ
1059 2312 1090 2347 οἱ
1114 2309 1197 2359 μέλ-

177 2372 292 2413 λοντες
321 2369 536 2422 δικαστηρίῳ
572 2369 860 2420 παραστήσεσθαι
893 2373 943 2422 τῷ
972 2370 1056 2421 παρ’
1088 2374 1196 2420 ἡμῖν,

176 2430 236 2469 καὶ
265 2430 366 2482 λόγον
385 2430 519 2482 ὑφέξειν
544 2433 612 2468 τῶν
633 2430 991 2481 πεπλημμελημένων
1003 2460 1014 2476 ,
1042 2433 1104 2476 τῆς
1132 2447 1196 2469 κυ-

179 2491 254 2542 ρίας
272 2491 460 2541 γενόμενης
479 2491 579 2544 ἐγγὺς
598 2521 607 2538 ,
628 2492 666 2528 οὐ
686 2491 848 2542 γυναικὸς
876 2490 978 2540 μόνον
992 2522 1002 2537 ,
1026 2491 1116 2530 ἀλλὰ
1137 2492 1195 2530 καὶ

177 2553 280 2592 σίτων
300 2552 359 2591 καὶ
387 2556 503 2591 ποτῶν
535 2553 594 2591 καὶ
621 2553 738 2600 πάσης
768 2551 908 2595 ἑαυτοὺς
936 2554 1197 2600 ἀποστήσαντες

176 2613 373 2667 φροντίδος,
398 2617 460 2660 τῆς
505 2613 693 2663 ἀπολογίας
726 2613 880 2665 γίνονται
921 2613 1046 2664 μόνης,
1076 2617 1197 2668 πολλῷ

177 2676 309 2724 μᾶλλον
327 2677 420 2725 ἡμᾶς
434 2673 513 2719 τοὺς
530 2677 592 2712 οὐκ
613 2674 755 2728 ἐπιγείῳ
775 2675 842 2712 τινὶ
860 2675 1074 2728 δικαστηρίῳ
1091 2707 1100 2723 ,
1119 2677 1196 2715 ἀλλ’

176 2735 323 2789 οὐρανίῳ
345 2735 479 2787 βήματι
510 2735 798 2788 παραστήσεσθαι
816 2736 1006 2786 μέλλοντας
1021 2767 1030 2784 ,
1053 2737 1111 2775 καὶ
1133 2741 1197 2790 ῥη-

178 2798 296 2847 μάτων
314 2798 372 2835 καὶ
395 2797 612 2849 πραγμάτων
630 2797 689 2835 καὶ
712 2800 848 2835 ἐννοιῶν
869 2797 1008 2840 εὐθύνας
1037 2798 1170 2851 ὑφέξειν
1187 2830 1196 2848 ,

175 2858 315 2897 πάντων
333 2858 544 2910 ἀφίστασθαι
571 2858 661 2910 χρὴ,
683 2859 741 2896 καὶ
770 2865 882 2910 χαρᾶς
915 2859 972 2897 καὶ
992 2859 1105 2908 λύπης
1134 2866 1197 2908 τῆς

176 2920 233 2958 ἐπὶ
249 2925 318 2963 τοῖς
337 2924 487 2972 παροῦσι
512 2919 698 2972 πραγμάσι
716 2949 725 2964 ,
741 2920 801 2958 καὶ
830 2919 894 2966 τὴν
921 2920 1071 2972 φοὸερὰν
1093 2924 1197 2972 μόνον

175 2980 307 3027 ἐκείνην
330 2980 464 3034 ἡμέραν
488 2988 670 3033 μεριμνᾷν.
691 2981 736 3019 1·ζῖ
755 2997 807 3023 τις
822 2981 902 3035 γὰρ,
923 2982 1041 3033 φησὶν,
1054 2983 1195 3036 ἔρχεται

177 3041 262 3094 πρός
295 3057 351 3092 με,
370 3042 429 3080 καὶ
466 3043 504 3078 οὐ
545 3047 638 3092 μισεῖ
665 3042 722 3080 τὸν
751 3042 888 3095 πατέρα
909 3045 1032 3089 αὐτοῦ,
1054 3045 1110 3082 καὶ
1132 3046 1195 3094 τὴν

179 3100 311 3153 μητέρα
325 3132 334 3150 ,
354 3102 412 3141 καὶ
437 3101 500 3149 τὴν
527 3108 672 3153 γυναῖκα
688 3133 697 3150 ,
715 3103 774 3140 καὶ
796 3103 839 3142 τὰ
874 3104 998 3148 τέκνα,
1028 3106 1087 3143 καὶ
1120 3107 1196 3151 τοὺς

178 3162 340 3206 ἀδελφοὺς
355 3192 364 3208 ,
395 3163 453 3201 καὶ
479 3162 541 3206 τὰς
570 3164 740 3216 ἀδελφὰς,
761 3164 812 3202 ἔτι
843 3164 877 3203 δὲ
900 3165 958 3203 καὶ
987 3167 1049 3213 τὴν
1070 3169 1193 3207 ἑαυτοῦ

178 3221 292 3274 ψυχὴν
307 3252 316 3271 ,
334 3225 372 3261 οὐ
391 3222 532 3260 δύναταί
557 3240 620 3274 μου
639 3225 799 3275 μαθητὴς
820 3220 906 3264 εἶναι
923 3242 930 3250 ·
954 3227 1012 3264 καὶ
1041 3228 1135 3271 ὅστις
1156 3232 1193 3267 οὐ

182 3283 345 3332 βαστάζει
387 3283 443 3322 τὸν
478 3285 625 3336 σταυρὸν
668 3288 773 3324 αὐτοῦ
807 3287 865 3324 καὶ
908 3287 1048 3339 ἔρχεται
1081 3291 1195 3328 ὀπίσω

182 3356 264 3391 μου,
285 3344 322 3380 οὐ
343 3342 482 3382 δύναταί
503 3361 568 3395 μου
603 3340 688 3383 εἶναι
723 3347 894 3397 μαθητής.
923 3349 973 3386 Σὺ
1010 3349 1044 3387 δὲ
1083 3367 1194 3403 παρα-

182 3402 270 3453 κάθῃ
293 3405 471 3456 σχολάζων
501 3406 698 3456 ἐπιθυμίαις
723 3409 885 3458 γυναικὸς
910 3410 968 3448 καὶ
989 3411 1115 3462 γέλωτι
1138 3414 1195 3450 καὶ

186 3462 341 3512 διαχύσει
370 3464 427 3503 καὶ
455 3470 580 3518 τρυφῆ;
600 3466 645 3503 ‘0
680 3467 804 3521 Κύριος
835 3468 950 3521 ἔγγὺς,
987 3472 1093 3522 μηδὲν
1138 3490 1196 3522 με·

1225 422 1248 452 Α
1267 431 1363 468 aequc
1383 417 1534 456 sollicita
1560 431 1601 455 ac
1620 418 1681 468 qui
1711 417 1885 469 grandem
1903 418 2078 456 familiam
2104 419 2225 457 admi-

1266 477 1440 527 nistrant3
1459 493 1539 516 cum
1557 489 1674 517 autem
1690 479 1866 530 sponsalia
1883 478 2034 525 adsunt,
2054 488 2222 531 paternas

1268 537 1360 575 aedes
1380 538 1558 576 dimittere
1574 548 1710 587 coacta,
1727 549 1804 577 tum
1821 553 1906 578 vero
1923 539 1967 577 iis
1985 540 2088 591 nugis
2108 550 2142 578 et
2161 542 2228 578 mi-

1268 598 1377 635 nutiis
1395 599 1565 648 liberata,
1585 599 1714 637 domus
1733 599 2048 651 gubernationem,
2067 614 2173 652 opes,
2193 610 2227 638 et

1269 656 1488 707 mancipium
1516 671 1766 704 numerosum,
1796 657 1866 696 viri
1894 657 2058 703 cultum,
2088 659 2229 709 aliaque

1269 714 1326 751 his
1356 716 1490 766 majora
1522 726 1685 766 procuret
1722 730 1859 754 necesse
1885 725 1936 753 est
1955 716 2027 753 :ita
2055 725 2089 754 et
2119 718 2226 755 nobis

1269 773 1401 811 adultis
1415 784 1520 826 atque
1533 784 1634 814 aetate
1648 777 1766 824 virili,
1782 776 1931 814 terrenis
1946 776 2124 824 omnibus,
2138 791 2225 816 vere

1268 836 1469 887 puerilibus
1483 836 1653 883 ludicris,
1673 837 1828 884 omissis,
1845 837 1888 875 de
1903 837 1989 875 ezelo
2009 837 2229 888 caelestisquc

1274 897 1359 934 vitae
1371 897 1559 949 splendore
1570 907 1603 936 et
1613 898 1725 950 gloria
1738 898 1970 949 cogitandum
1979 907 2042 936 est.
2055 899 2231 950 Desponsi

1274 957 1368 995 enim
1385 973 1509 996 sumus
1525 968 1559 997 et
1574 973 1639 997 nos
1654 972 1801 1011 sponso,
1820 973 1902 996 eum
1918 973 1937 996 a
1951 958 2056 996 nobis
2072 973 2229 997 amorem

1273 1018 1472 1070 flagitanti,
1497 1029 1537 1058 ut
1558 1035 1628 1058 non
1649 1021 1766 1059 solum
1786 1020 2012 1058 terrestribus
2032 1030 2065 1058 et
2087 1021 2230 1059 levibus

1274 1080 1331 1119 his
1357 1081 1540 1131 futilibus,
1569 1082 1630 1120 sed
1658 1082 1765 1119 etiam
1793 1082 1868 1120 vita
1895 1091 2042 1134 propter
2070 1096 2170 1127 eum,
2201 1083 2231 1119 si

1274 1156 1363 1194 opus
1389 1143 1450 1192 sit,
1471 1143 1651 1182 cedamus.
1672 1144 1791 1190 Quare
1824 1157 1905 1180 cum
1928 1143 2016 1181 illuc
2035 1143 2229 1181 disceden-

1224 1219 1246 1248 Β
1274 1204 1362 1242 dum
1382 1204 1449 1251 sit,
1470 1205 1598 1243 exilem
1619 1205 1711 1242 hanc
1733 1219 1855 1242 curam
1873 1219 1892 1242 a
1918 1205 2021 1242 nobis
2042 1205 2231 1257 propulse-

1274 1280 1376 1316 mus;
1398 1280 1479 1304 nam
1499 1281 1562 1304 neo
1581 1268 1616 1304 in
1638 1280 1789 1317 regnum
1810 1281 1855 1304 ex
1874 1266 1970 1318 inopi
1989 1265 2097 1303 domo
2117 1275 2231 1304 trans-

1274 1327 1430 1377 ferendi,
1464 1327 1509 1364 de
1538 1328 1730 1376 fictilibus,
1761 1327 1889 1376 lignis,
1924 1327 2139 1366 utensilibus
2153 1357 2162 1373 ,
2197 1337 2230 1365 et

1273 1388 1407 1438 reliqua
1427 1388 1619 1426 domestica
1638 1388 1808 1426 tenuitate
1825 1388 2079 1426 laboraremus.
2106 1389 2230 1438 ltaque

1273 1461 1337 1486 nec
1358 1450 1432 1501 jam
1458 1458 1596 1486 terrena
1623 1463 1806 1497 curemus,
1833 1458 1988 1499 tempore
2008 1463 2070 1485 nos
2087 1450 2162 1499 jam
2183 1449 2229 1487 ad

1273 1510 1396 1548 caelum
1424 1519 1593 1556 vocante;
1616 1520 1654 1547 ut
1682 1519 1715 1548 et
1743 1511 1869 1548 beatus
1895 1509 2029 1548 Paulus
2058 1511 2228 1548 Romanis

1272 1571 1429 1608 scribens
1455 1571 1526 1618 ait,
1555 1572 1670 1610 Nunc
1697 1574 1798 1608 enim
1822 1573 1978 1623 propior
2008 1579 2064 1609 est
2095 1581 2227 1609 nostra
2247 1584 2334 1613 Rom,
2385 1588 2432 1617 13,

1270 1633 1399 1678 salus,
1418 1646 1531 1682 quam
1548 1646 1632 1670 cum
1646 1633 1879 1670 credidimus
1895 1648 1906 1668 .-
1924 1646 2001 1668 ηο.ι’
2014 1635 2227 1683 praecessit,
2250 1635 2296 1655 ¹¹·

1270 1693 1352 1730 dies
1365 1702 1494 1730 autem
1511 1695 1858 1745 appropinquavit;
1875 1702 1907 1730 et
1924 1707 2066 1731 rursum
2078 1723 2088 1742 ,
2114 1695 2227 1731 Tem·
2248 1706 2273 1726 ι.
2306 1700 2377 1728 Cor.
2402 1712 2431 1740 5.

1268 1767 1340 1805 pus
1367 1756 1479 1792 breve
1505 1763 1582 1801 est,
1611 1764 1649 1792 ut
1676 1756 1737 1805 qui
1764 1769 1893 1792 uxores
1924 1755 2055 1792 liabent
2083 1754 2228 1806 perinde
2244 1749 2295 1780 ²9'

1272 1814 1342 1852 sint
1364 1829 1404 1853 ac
1425 1815 1453 1852 si
1475 1829 1541 1853 non
1562 1815 1749 1855 haberent.
1774 1816 1955 1861 Quorsum
1978 1816 2088 1867 igitur
2109 1816 2229 1853 matri-

1271 1875 1431 1913 monium
1453 1890 1493 1914 eo
1515 1890 1584 1914 non
1606 1877 1745 1923 usuris,
1774 1875 1836 1914 sed
1863 1876 2012 1928 perinde
2033 1891 2073 1914 ae
2101 1877 2129 1914 si
2159 1892 2228 1915 non

1272 1934 1441 1974 haberent
1460 1936 1618 1974 futuris?
1638 1950 1810 1986 quorsum
1825 1937 1937 1988 opes?
1955 1951 2126 1987 quorsum
2143 1952 2232 1989 pra:-

1222 2007 1246 2039 c
1271 1995 1358 2034 dia?
1383 2010 1555 2047 quorsum
1576 1997 1659 2037 vitae
1681 1996 1868 2049 praesidia,
1891 2011 2044 2048 quorum
2065 2011 2149 2035 usus
2171 2012 2233 2035 ca-

1271 2056 1387 2095 ducus
1416 2072 1524 2110 porro
1554 2068 1659 2109 atque
1688 2057 1959 2110 intempestivus
1990 2058 2178 2096 sit9Na1n
2201 2059 2230 2096 si

1271 2119 1368 2170 apud
1394 2133 1457 2157 nos
1485 2120 1547 2170 qui
1572 2120 1720 2172 judiciis
1749 2119 1899 2157 sistendi
1928 2128 2034 2164 sunt,
2056 2120 2230 2158 scelerum

1273 2192 1415 2217 causam
1432 2179 1584 2226 dicturi,
1610 2181 1754 2233 capitali
1773 2181 1832 2219 die
1852 2181 1994 2219 instanti
2016 2195 2085 2219 non
2106 2183 2231 2219 uxoris

1273 2248 1410 2278 tantum
1421 2270 1431 2289 ‚
1446 2240 1507 2278 sed
1527 2241 1633 2279 etiam
1648 2242 1718 2279 cibi
1733 2251 1765 2279 et
1779 2250 1897 2294 potus,
1909 2251 2015 2293 atque
2028 2243 2124 2280 omni
2141 2252 2230 2294 post-

1273 2300 1394 2339 habita
1409 2316 1514 2350 cura,
1529 2302 1767 2340 defensionem
1785 2303 1900 2340 solum
1919 2304 2074 2353 cogitant
2091 2334 2099 2345 ‚
2116 2304 2230 2341 multo

1273 2363 1386 2411 magis
1406 2363 1507 2401 nobis
1521 2394 1530 2411 ‚
1552 2378 1619 2401 non
1642 2373 1780 2401 terreno
1799 2364 1941 2402 cuidam
1962 2366 2058 2412 foro,
2078 2365 2138 2403 sed
2159 2379 2228 2403 0ιὲ-

1271 2423 1348 2460 lesti
1366 2424 1536 2461 tribunali
1553 2424 1739 2471 sistemlis,
1759 2434 1791 2462 et
1807 2424 1986 2462 dictorum
2002 2457 2010 2469 ,
2029 2435 2207 2476 gestorum
2219 2457 2227 2469 ,

1272 2484 1505 2534 cogitatorum
1533 2485 1702 2522 rationem
1733 2485 1951 2527 red-lituris,
1987 2485 2033 2522 ab
2062 2486 2230 2523 omnibus

1271 2544 1520 2582 abstinendum
1547 2555 1621 2591 est,
1654 2554 1686 2582 et
1716 2545 1848 2596 gaudio
1875 2554 1910 2582 et
1942 2545 2084 2583 tristitia
2109 2561 2228 2584 reruni

1273 2607 1501 2658 praesentium
1513 2637 1521 2653 ‚
1537 2621 1577 2644 ae
1591 2607 1680 2645 circa
1696 2607 1891 2645 terribilem
1908 2606 2005 2644 illam
2019 2607 2113 2645 diem
2128 2609 2230 2645 unice

1274 2668 1515 2706 metuendum.
1532 2669 1672 2720 Siquis
1687 2669 1779 2706 onim
1791 2699 1798 2710 .
1815 2669 1928 2719 inquit
1940 2700 1948 2715 ‚
1964 2673 2070 2706 venit
2085 2670 2138 2705 ad
2150 2683 2226 2715 me,
2247 2685 2430 2722 Lea-2¹42&

1275 2743 1343 2767 nec
1359 2743 1467 2767 suum
1482 2739 1654 2780 patrem,
1676 2739 1711 2768 vt
1729 2739 1890 2767 matr-cm
1907 2761 1915 2771 ,
1938 2739 1974 2768 et
1992 2744 2148 2768 imorem
2163 2761 2171 2772 ,
2190 2741 2226 2769 et
2244 2735 2295 2762 ²5·

1221 2810 1246 2840 1)
1266 2791 1373 2842 filios
1386 2821 1395 2836 ‚
1419 2792 1644 2844 ‹¹ts1·‹ctr·es‚
1669 2801 1703 2829 ct
1724 2806 1890 2835 sorores,
1911 2795 2069 2844 insuper·
2087 2802 2121 2828 e!
2141 2796 2226 2829 ani-

1274 2866 1376 2889 mam
1400 2865 1507 2889 suam
1533 2854 1634 2895 odit,
1661 2867 1735 2889 mm
1751 2862 1875 2903 potes!
1897 2866 2000 2890 meus
2019 2866 2099 2890 esse
2117 2854 2227 2889 disci-

1270 2915 1400 2964 pulus.
1415 2915 1469 2951 Et
1486 2917 1552 2966 qui
1568 2930 1640 2950 rwn
1653 2923 1781 2965 portat
1797 2928 1945 2951 crucem
1964 2928 2071 2951 summ
2090 2944 2098 2957 ,
2116 2923 2151 2951 ‹·t
2167 2929 2227 2951 mc·

1272 2978 1460 3026 sequitur,
1480 2990 1554 3011 1101!
1569 2985 1692 3025 potest
1711 2989 1814 3012 nesus
1832 2989 1911 3012 “sse
1924 2976 2146 3025 discipulus.
2165 2977 2223 3012 'l'u

1274 3050 1358 3072 vero
1380 3035 1497 3085 segnis
1527 3036 1648 3072 uxoris
1668 3037 1854 3085 cupiditati
1869 3066 1877 3080 ,
1902 3036 1988 3074 risui
2003 3066 2010 3077 .
2034 3036 2193 3073 moltitie-i
2211 3067 2218 3076 .

1271 3096 1408 3134 deliciis
1426 3096 1553 3133 varus?
1572 3099 1984 3148 lhmu'mesprope‹ns-1.-
2005 3098 2102 3134 nihil
2118 3099 2220 3134 ,wlli-
2243 3112 2364 3149 Pham>

1272 3160 1340 3195 viti
1357 3160 1454 3195 silis.
1480 3157 1538 3195 'l'u
1555 3159 1598 3195 ‹l‹·
1615 3158 1772 3209 pecuniis
1797 3173 1898 3195 rur-is
1915 3174 1954 3195 ιιι·
1971 3159 2145 3196 sollicitus
2162 3160 2223 3197 ω’)
2243 3165 2270 3180 ·“·
2293 3160 2311 3180 ‘⁸

2405 3131 2427 3148 ,.

1272 3218 1418 3255 (Ia-lesu·
1433 3232 1577 3267 regnunt
1594 3220 1709 3256 instat.
1727 3220 1783 3255 'l'u
1801 3219 1890 3256 ,nius
1903 3250 1911 3260 ,
1928 3220 2054 3257 luxum
2085 3230 2115 3257 rt
2142 3222 2222 3258 reli-

1272 3295 1378 3330 quant
1393 3280 1792 3331 voluptatemdimisi-si*
1818 3282 2138 3333 I'rnrtvri'!sigum
2159 3283 2225 3318 lm-
2247 3298 2269 3316 ι.
2291 3291 2311 3314 :²
2337 3303 2340 3308 ·
2382 3301 2386 3304 *

1266 3344 1599 3395 j11.s·mmtdi.Qui‹l
1619 3344 1703 3382 teile
1719 3345 1841 3383 munuli
1859 3346 1963 3382 relius
1980 3360 2046 3383 ιιυιι
2064 3347 2222 3398 perenui—
2247 3333 2275 3359 Ἡ

1273 3409 1591 3454 lms,se‹l1·mlucis.
1605 3411 2054 3462 prreuuiuinm·stabiliunt
2073 3413 2218 3453 oblitus.

1274 3476 1442 3513 criu-isis?
1466 3477 1539 3513 Non
1568 3476 1641 3527 jaun
1666 3476 1954 3520 ιιι.ιίι·ἰιιιυιιίιιιιι,
1989 3493 2055 3515 nou
2083 3478 2222 3514 ‹li-lons
