2513 3871
83 1993 192 2032 Ephes.
214 1995 232 2024 6
241 2016 245 2020 ,

295 189 324 235 5
332 207 354 235 2
1200 203 1292 234 mou
1301 204 1406 235 ιτυΜ
1416 223 1426 233 .

789 477 851 524 IN
911 475 1059 524 TRIA
1112 475 1475 538 SEQUENTIA
1525 474 1848 523 OPUSCULA

1028 622 1634 734 MONITUM,

341 831 412 868 Res
428 839 478 868 est
491 829 687 882 explorata,
707 828 783 866 hoec
804 827 890 876 tria,
911 825 956 865 tle
975 826 1105 878 quibus
1121 826 1195 878 jam
1211 823 1358 877 quaestio
1378 833 1446 871 est,
1468 823 1639 876 opuscula
1655 854 1665 873 ‚
1689 823 1780 861 inter
1799 824 1933 876 priores
1953 822 2197 876 Clirysostomi
2219 821 2330 862 nostri

282 894 377 932 setus
398 891 542 930 locanda
561 905 634 929 esse
651 921 660 938 ,
683 904 795 941 neque
812 889 930 927 minus
950 888 1181 940 conspicuum
1202 886 1343 925 videtur
1358 885 1450 923 edita
1472 885 1579 923 fuisse
1594 885 1695 938 prius
1716 900 1821 936 quain
1838 885 1898 923 ille
1918 885 1951 922 in
1974 884 2223 937 presbyterum
2242 899 2331 924 coo-

287 963 457 1006 ptaretur.
480 955 618 990 Annum
642 966 725 990 vero
745 961 897 989 statuere
919 951 995 1002 jam
1013 958 1163 1001 oportet.
1187 949 1331 986 Certum
1351 946 1496 998 quidem
1517 956 1568 985 est
1586 947 1630 984 ad
1651 945 1688 985 id
1712 947 1867 984 muneris
1886 946 2126 999 pra-standum
2146 947 2192 984 ab
2219 947 2334 985 amico

287 1015 472 1053 inductum
484 1013 592 1051 fuisse
603 1012 913 1065 Cbrysostomum,
929 1025 1011 1049 cum
1030 1010 1171 1062 publica
1193 1008 1683 1061 magistratuumausteritate
1698 1008 1860 1045 monachi
1875 1017 2029 1046 extrema
2052 1016 2269 1060 paterentur,
2287 1021 2335 1046 ex

285 1075 432 1114 sedibus
448 1084 483 1112 et
501 1073 639 1112 cellulis
662 1073 736 1111 suis
762 1073 935 1110 violenter
953 1070 1126 1116 abducti,
1152 1070 1186 1107 in
1207 1070 1323 1107 forum
1345 1069 1471 1121 raptati
1491 1099 1501 1119 ,
1522 1069 1725 1118 verberati,
1748 1069 1781 1106 in
1802 1083 1976 1107 carcerem
1998 1072 2102 1107 trusi.
2125 1069 2207 1106 Itane
2227 1082 2334 1120 porro

285 1135 362 1174 dira
385 1135 638 1174 monachorum
661 1134 801 1173 vexatio
821 1142 892 1171 tam
909 1141 1051 1185 aperta,
1067 1130 1239 1183 principis
1252 1129 1391 1168 decreto
1407 1130 1516 1176 sacta,
1535 1130 1673 1167 nonnisi
1696 1129 1741 1167 atl
1764 1140 1903 1182 tempus
1920 1131 2082 1168 Valentis
2101 1129 2333 1182 Imperatoris

285 1195 405 1234 reduci
434 1210 534 1248 posse
557 1195 723 1241 videtur,
743 1194 804 1245 qui
824 1207 906 1231 cum
936 1194 971 1230 in
1002 1192 1214 1230 Arianorum
1237 1191 1385 1228 haeresin
1406 1190 1638 1237 descivisset,
1661 1190 1696 1228 in
1718 1191 1921 1228 Catholicos
1940 1205 2060 1229 omnes
2085 1191 2328 1242 grassabatur.

285 1258 462 1295 Defuncto
481 1266 600 1294 autem
622 1255 874 1294 Valentiniano
898 1254 1028 1299 fratre,
1059 1253 1118 1304 pio
1142 1252 1387 1301 catholicoque
1406 1252 1568 1302 principe
1584 1280 1596 1300 ,
1619 1265 1700 1289 cum
1730 1251 1820 1289 nihil
1842 1251 1991 1289 ulterius
2016 1252 2180 1289 infestum
2202 1252 2278 1303 ejus
2298 1252 2332 1289 in

284 1328 423 1356 sanctos
444 1318 540 1355 viros
565 1317 724 1354 animum
750 1314 945 1353 retardaret
964 1343 973 1359 ,
992 1327 1032 1350 eo
1060 1313 1232 1361 processit
1258 1312 1419 1350 amentiae
1441 1320 1477 1348 ut
1499 1312 1693 1349 monachos
1715 1325 1835 1349 omnes
1853 1312 1998 1349 sedibus
2018 1312 2102 1364 pelli
2123 1320 2156 1349 et
2177 1313 2210 1349 in
2233 1311 2334 1349 miti-

286 1379 370 1415 tiam
388 1377 565 1415 conscribi
581 1375 743 1428 jusserit.
768 1374 874 1413 Obiit
893 1373 1166 1412 Valentinianus
1185 1386 1278 1410 anno
1298 1372 1444 1410 Domini
1465 1373 1543 1409 574
1559 1402 1568 1419 ,
1592 1381 1697 1423 atque
1723 1371 1811 1410 adeo
1831 1371 1879 1410 ad
1901 1386 2034 1410 annum
2063 1373 2138 1410 575
2172 1372 2226 1411 vel
2257 1373 2335 1412 576

285 1438 458 1490 quadrare
476 1446 624 1490 possunt
644 1435 682 1473 hi
702 1445 771 1474 tres
789 1433 900 1473 sancti
919 1433 1077 1472 doctoris
1098 1433 1201 1473 libri.

337 1501 435 1538 Hanc
467 1508 586 1537 tamen
617 1496 855 1547 chronologiae
886 1495 1062 1533 rationem
1092 1494 1228 1546 aliquot
1259 1494 1480 1546 argumentis
1510 1494 1632 1546 impeti
1662 1508 1762 1547 posse
1781 1503 1883 1547 putat
1908 1494 1964 1533 vir
1983 1495 2030 1533 cl.
2060 1494 2329 1533 Tillemontius.

283 1560 446 1609 Etenim,
467 1559 583 1610 inquit
602 1559 683 1606 ille,
704 1567 788 1596 tunc
807 1556 924 1596 editus
946 1555 1015 1593 suit
1037 1555 1126 1593 libor
1146 1555 1305 1607 primus,
1332 1569 1414 1593 cum
1434 1555 1553 1593 adhuc
1572 1555 1796 1594 daemonibus
1816 1556 2016 1594 sacrificare
2037 1556 2156 1594 liceret
2175 1572 2184 1592 ε
2211 1565 2246 1594 at
2262 1570 2335 1608 ‚po-

282 1622 423 1659 stremis
450 1619 693 1661 Valentiniani
715 1628 748 1657 et
769 1618 932 1658 Valentis
948 1616 1050 1655 annis
1074 1617 1248 1655 sacrificia
1281 1616 1489 1668 hujusmodi
1511 1616 1557 1654 ab
1578 1616 1704 1654 iisdem
1725 1617 2000 1669 imperatoribus
2021 1618 2200 1669 prohibita
2219 1626 2302 1655 sunt
2320 1647 2330 1663 ,

285 1681 376 1719 unde
395 1682 555 1730 sequitur
574 1690 654 1718 ante
669 1693 800 1717 aunum
819 1680 897 1717 574
911 1708 920 1724 ,
939 1692 1010 1729 quo
1031 1687 1194 1715 mortuus
1213 1687 1264 1716 est
1283 1677 1579 1724 Valentinianus,
1598 1678 1653 1715 vel
1672 1677 1717 1715 ad
1737 1692 1917 1715 summum
1934 1692 2026 1716 anno
2047 1678 2123 1730 ipso
2138 1680 2239 1728 574,
2258 1677 2333 1717 baec

282 1740 465 1791 scripsisse
484 1740 793 1792 Chrysostomum.
817 1738 894 1776 Alia
918 1737 1002 1775 item
1018 1737 1213 1775 difficultas
1231 1739 1393 1791 emergit,
1412 1738 1547 1789 inquit,
1562 1752 1606 1776 ex
1629 1738 1876 1790 Clu·ysostomi
1897 1738 2016 1776 verbis
2031 1769 2039 1785 ,
2055 1739 2116 1789 qui
2138 1739 2225 1777 dicit
2242 1739 2336 1777 hanc

284 1801 539 1839 monachorum
560 1799 784 1839 vexationem
806 1799 987 1837 inductam
1005 1812 1078 1837 esse
1096 1798 1163 1836 sub
1182 1799 1250 1850 piis
1267 1799 1545 1852 Imperatoribus
1559 1827 1569 1846 ,
1586 1799 1737 1837 εὖσεὸῶν
1751 1830 1760 1847 ‚
1777 1814 1854 1850 quae
1873 1813 1954 1837 sane
1971 1799 2048 1837 laus
2067 1798 2111 1837 ad
2134 1800 2335 1847 Valentem,

284 1863 537 1915 Imperatorem
556 1862 728 1900 Arianmn
744 1860 1012 1911 Catliolicisque
1027 1860 1220 1908 insensum,
1234 1861 1412 1911 quadrare
1424 1875 1491 1899 non
1505 1874 1606 1913 posse
1623 1860 1777 1898 videtur.
1796 1862 1960 1908 Domum,
1972 1860 2166 1912 quaelonge
2180 1863 2338 1912 gravior,

286 1925 356 1971 ait,
379 1924 575 1962 difficultas
595 1923 758 1972 videtur,
778 1936 858 1961 cum
889 1922 1166 1974 Chrysostomus
1197 1922 1240 1961 de
1269 1923 1436 1961 curandis
1457 1923 1613 1960 fitiorum
1636 1923 1797 1960 moribus
1820 1922 1970 1960 Paulum
2006 1921 2145 1960 inducit
2174 1932 2337 1975 parentes

283 1995 483 2024 monentem
501 1986 556 2023 his
579 1985 720 2023 verbis:
743 1986 903 2032 Patres,
923 1985 1205 2037 educatesilios
1222 1994 1372 2023 vestros
1392 1987 1432 2021 in
1452 1984 1661 2035 disciplina
1677 1992 1711 2020 et
1731 1986 1968 2034 correptione
1990 1985 2162 2029 Domini,
2186 1984 2232 2021 ita
2253 1998 2339 2036 pro-

282 2047 469 2098 sequitur:
505 2047 546 2084 Si
565 2049 668 2085 enim
689 2059 757 2083 nos
786 2047 967 2097 jubemur·
994 2046 1162 2097 vigilare
1193 2059 1263 2097 pro
1297 2048 1503 2084 animabus
1529 2059 1656 2083 eorum
1680 2053 1881 2097 tamquam
1908 2046 2098 2082 rationem
2118 2045 2337 2092 reddituri,

283 2109 406 2146 multo
435 2110 558 2155 magis
580 2115 718 2158 pater,
740 2108 807 2157 qui
826 2107 988 2158 genuit,
1019 2109 1086 2157 qui
1109 2106 1289 2144 educavit
1307 2136 1317 2155 ‚
1341 2109 1408 2158 qui
1429 2121 1513 2144 cum
1534 2106 1604 2144 illo
1631 2107 1735 2143 domi
1760 2119 1906 2157 semper
1927 2114 2086 2153 manet;
2105 2105 2134 2143 si
2164 2105 2258 2144 enim
2276 2105 2337 2144 hic

282 2169 560 2221 Clirysostoinus
587 2182 631 2206 ex
660 2182 696 2205 se
715 2176 748 2205 et
780 2181 825 2204 ex
846 2180 994 2219 persona
1015 2181 1076 2204 sua
1098 2168 1263 2217 loquatur
1279 2197 1290 2214 ,
1313 2168 1562 2220 presbyterum
1590 2167 1715 2205 saltem
1736 2166 1841 2204 fuisse
1865 2166 2022 2218 oportuit
2042 2166 2103 2216 qui
2125 2167 2251 2204 rationi
2271 2180 2340 2220 pro

282 2230 470 2269 animabus
493 2229 681 2268 reddendw.
703 2229 883 2267 obnoxius
904 2236 1017 2277 esset3
1052 2227 1104 2265 sin
1126 2228 1268 2266 dicatur
1288 2229 1346 2266 hic
1368 2229 1666 2281 Chrysostomum
1693 2228 1789 2279 loqui
1816 2229 1850 2266 in
1879 2242 2027 2280 persona
2057 2228 2185 2276 Pauli,
2211 2243 2339 2281 magna

284 2293 337 2330 vis
356 2292 456 2330 seriei
481 2291 653 2329 inseratur
672 2304 809 2328 necesse
825 2298 874 2327 est
895 2305 905 2328 z
927 2298 1213 2340 quantacumque
1236 2299 1352 2328 tamen
1373 2290 1418 2327 sit
1439 2290 1499 2328 illa
1520 2290 1600 2339 vis,
1623 2289 1759 2328 mavult
1778 2289 2032 2327 Tillemontius
2049 2288 2148 2327 illam
2169 2289 2340 2328 admitte-

285 2368 344 2402 re,
364 2367 470 2404 quatn
487 2352 586 2404 Chry
597 2361 793 2390 sostomum
811 2361 893 2389 tunc
911 2351 1161 2402 presbyterum
1184 2351 1296 2388 fuisse
1315 2361 1451 2403 putare.

338 2414 431 2452 Mihi
456 2427 539 2451 vero
561 2413 635 2450 baec
661 2421 870 2463 argumenta
900 2425 1045 2463 prorsus
1072 2411 1164 2449 levia
1193 2425 1267 2449 esse
1296 2412 1483 2450 videntur:
1505 2426 1586 2450 nam
1606 2411 1701 2463 qnod
1724 2411 1840 2464 primo
1859 2412 2008 2450 affertur
2027 2411 2159 2449 librum
2182 2411 2340 2464 primum

284 2475 455 2528 scriptum
477 2474 604 2519 fuisse,
621 2486 701 2510 cum
721 2472 842 2509 adhuc
857 2471 1084 2509 daemonibus
1102 2472 1304 2510 sacrificare
1323 2473 1443 2511 liceret
1459 2504 1468 2516 ,
1487 2472 1555 2511 hoc
1573 2487 1643 2510 uno
1660 2473 1738 2510 loco
1756 2472 1882 2510 nititur
1897 2502 1907 2520 ,
1930 2487 2027 2511 num.
2047 2475 2072 2510 2
2085 2502 2095 2519 ‚
2116 2472 2176 2510 ubi
2197 2472 2242 2510 de
2262 2485 2342 2510 tuo-

286 2536 480 2574 naehorum
503 2533 782 2585 exagitatoribus
797 2532 873 2570 haec
888 2532 1057 2584 leguntur
1074 2549 1081 2570 :
1111 2533 1215 2583 Quid
1234 2547 1325 2570 vero
1342 2565 1351 2579 ,
1373 2536 1405 2571 si
1424 2535 1483 2571 lais
1503 2547 1654 2585 quoque
1670 2534 1909 2570 mirabiliora
1927 2534 2108 2570 didiceris
2125 2562 2134 2574 .
2154 2533 2258 2583 quod
2270 2535 2342 2570 sci-

289 2598 377 2635 licet
394 2598 529 2634 horum
550 2603 725 2632 auctores
739 2596 793 2644 pii
814 2595 942 2631 videri
961 2593 1105 2642 velint,
1121 2602 1155 2631 et
1175 2595 1416 2632 Christianos
1436 2607 1476 2631 se
1495 2603 1728 2644 nuncupent,
1741 2595 1900 2644 plurimi
1921 2603 2049 2630 autem
2069 2607 2115 2629 ex
2129 2592 2210 2630 illis
2224 2595 2342 2630 etiam

291 2659 435 2695 initiati
451 2660 552 2695 sint.-
573 2659 650 2694 imo
669 2669 799 2693 eorum
822 2656 1003 2706 quidam,
1025 2655 1182 2692 diabolo
1207 2656 1456 2692 vehementer
1479 2653 1669 2705 asstante,
1702 2654 1941 2692 exsecranda
1966 2654 2100 2704 lingua
2120 2667 2191 2690 sua
2214 2654 2343 2693 dicere

245 2730 276 2754 ω
292 2732 409 2756 ausus
429 2721 477 2755 sit
496 2747 505 2765 ‚
519 2732 558 2755 se
577 2731 601 2754 α
612 2717 700 2768 fide
718 2729 955 2753 recessurum
973 2724 1007 2753 et
1028 2716 1268 2753 daemonibus
1288 2714 1577 2752 immolaturum
1601 2729 1612 2749 .·
1634 2715 1828 2766 suffocari
1845 2716 1946 2750 enim
1970 2727 2008 2751 se
2029 2715 2198 2751 vivendo
2217 2713 2343 2752 laomi-

294 2793 359 2817 nes
380 2780 517 2816 liberos
530 2808 539 2825 ,
561 2778 730 2825 nobiles,
754 2779 957 2827 vitamque
976 2776 1124 2813 deliciis
1140 2777 1298 2827 plenam
1327 2789 1440 2826 agere
1468 2775 1643 2812 valentes
1660 2805 1669 2819 ,
1694 2776 1747 2811 ad
1766 2776 1863 2812 hanc
1883 2776 2021 2812 duram
2042 2778 2134 2812 'vila’
2150 2777 2343 2814 rationem

294 2841 448 2878 adduci.
477 2841 552 2877 Non
577 2839 678 2875 video
699 2847 815 2875 autem
837 2836 923 2887 quid
943 2851 987 2874 ex
1009 2837 1214 2888 hujusmodi
1237 2836 1389 2873 hominis
1406 2835 1528 2872 furiosi
1546 2834 1641 2873 dicto
1660 2835 1777 2873 inferri
1801 2836 1931 2887 possit,
1954 2836 2014 2886 qui
2033 2866 2040 2878 ,
2062 2844 2100 2872 nt
2115 2850 2156 2873 ex
2179 2837 2267 2874 serie
2281 2852 2340 2875 at·-

295 2902 431 2953 guitur,
446 2900 705 2937 interminantis
726 2899 841 2936 solutn
862 2911 959 2936 more
977 2912 1014 2935 ca
1036 2912 1114 2948 qua:
1136 2898 1282 2935 minime
1302 2897 1460 2935 facturus
1478 2905 1552 2933 erat
1568 2911 1604 2934 se
1624 2897 1798 2933 lucturum
1816 2896 1956 2947 jactitat
1976 2913 1982 2932 :
2008 2896 2072 2933 nisi
2096 2897 2242 2935 sortasse
2261 2911 2343 2936 cum

294 2962 494 3015 desperatos
513 2961 683 3012 quosdam
705 2960 865 2997 homines
887 2973 924 2998 se
944 2959 1169 2997 daemonibus
1188 2959 1402 2997 devoventes
1417 2956 1582 2995 audimus
1598 2987 1608 3004 ,
1634 2958 1715 2994 liinc
1732 2971 1923 3007 arguamus
1944 2956 1978 2994 id
1997 2973 2058 3010 per
2074 2958 2166 3010 leges
2183 2959 2345 3011 publicas

295 3025 430 3062 licitum
463 3038 548 3060 esse.
583 3022 748 3072 Alioquin
783 3030 899 3058 autem
931 3035 1011 3058 cum
1045 3021 1276 3072 Imperatores
1307 3019 1400 3071 leges
1432 3019 1619 3070 quaspiam
1646 3020 1865 3065 emitterent,
1888 3033 1955 3056 nen
1986 3020 2106 3057 statim
2141 3021 2272 3071 ubique
2306 3021 2342 3059 in

294 3086 530 3134 omnibusque
549 3084 692 3135 lmperii
715 3082 847 3119 linibus
865 3096 912 3119 ea:
932 3082 1162 3119 obtinebant:
1183 3095 1344 3133 saepeque
1373 3094 1509 3118 neccsse
1537 3089 1609 3116 erut
1631 3089 1668 3116 ut
1700 3094 1790 3117 nova
1812 3080 1886 3130 lege
1916 3080 2044 3131 prioris
2062 3080 2150 3131 legis
2181 3081 2343 3120 firmitati

304 3145 586 3197 prospiceretur,
607 3153 643 3179 ut
665 3158 756 3194 supe
777 3143 896 3179 videas
919 3143 954 3180 in
970 3143 1102 3180 Codice
1121 3141 1385 3180 Theodosi-mo.

350 3207 451 3242 Circa
475 3204 563 3240 illud
583 3213 697 3239 autem
715 3202 808 3253 quod
828 3202 962 3240 dit-itur
976 3203 1117 3241 Valenti
1138 3203 1345 3255 lmperatori
1363 3202 1479 3254 palam
1500 3202 1628 3239 :triano
1641 3215 1708 3238 non
1723 3210 1922 3252 competere
1937 3215 2058 3239 vorem
2076 3202 2341 3254 ebore-timpum,

295 3279 402 3317 quam
427 3274 541 3301 tamen
571 3263 848 3314 luiperatorilms
876 3263 971 3301 illius
1001 3263 1169 3315 temporis
1190 3262 1313 3300 tribuit
1334 3264 1633 3316 Clirysostomus:
1660 3277 1784 3315 nempe
1805 3262 1898 3300 libro
1919 3263 2035 3314 primo
2053 3292 2062 3310 ‚
2088 3277 2186 3303 num.
2209 3267 2254 3309 9,
2281 3264 2343 3302 ubi

297 3327 346 3364 ait
368 3342 377 3362 .-
403 3327 534 3363 lt'ostri
555 3337 646 3361 vero
664 3325 951 3373 ‘'‘Imperatores
968 3328 984 3367 )
999 3327 1198 3362 contraria
1215 3326 1383 3375 penitus,
1402 3333 1442 3361 ut
1459 3325 1553 3360 mihi
1570 3326 1649 3374 ipse
1664 3324 1876 3372 persuadeo
1894 3353 1903 3371 ,
1920 3331 1955 3361 et
1969 3325 2127 3375 cupiunt
2140 3332 2174 3362 et
2193 3333 2342 3375 optant.

303 3390 543 3439 Quapropter
561 3399 703 3436 magno
720 3393 872 3436 stupore
889 3385 1025 3435 plenus
1043 3399 1123 3423 sum
1145 3386 1248 3436 quod
1267 3386 1566 3436 [inperatoribus
1584 3389 1690 3434 piam
1707 3384 1932 3436 religionem
1955 3386 2205 3432 sectantibus,
2229 3388 2263 3425 ἐν
2283 3387 2343 3424 n)-
