2513 3871
281 221 343 267 88

280 317 357 366 dat,
377 331 420 355 ne
442 317 477 354 in
493 315 776 354 commilitonum
797 314 971 352 iuvidiam
992 313 1156 353 incidat?
1179 327 1242 352 an-

289 390 357 415 non
377 385 411 414 et
428 375 502 413 haec
521 383 555 413 et
573 374 631 412 his
662 374 770 412 etiam
800 374 904 427 plura
935 373 1138 413 illustribus
1157 374 1245 412 filiis

282 445 444 476 metuunt
463 435 608 488 patres?
623 433 940 482 Quemadmodum
960 436 1055 473 enim
1073 434 1135 486 qui
1156 448 1243 487 pue-

281 511 361 535 rum
390 497 424 534 in
443 495 593 534 sublimi
613 495 692 534 loco
706 496 911 542 statuerint,
931 504 1086 534 metuere
1103 508 1243 548 cogun-
1264 524 1296 549 π

284 567 342 596 tur
359 571 402 594 ne
429 555 585 605 decidat,
607 556 655 594 ita
675 565 709 594 et
731 556 754 595 ii
782 557 844 608 qui
869 557 963 595 filios
988 555 1034 594 ad
1066 556 1242 609 insignem
1267 561 1292 591 Λ

276 617 489 669 <lignitatem
509 617 724 670 provehunt.
743 617 813 656 Sed
835 618 1030 670 quamdam
1050 618 1159 658 habet
1178 633 1244 659 vo-

282 679 454 731 luptatem
481 678 633 726 balteus,
654 688 687 718 et
704 679 882 732 chlamys,
902 689 935 719 et
964 680 1135 732 praeoonis
1157 694 1239 720 vox.

278 738 325 777 Et
341 738 417 777 haec
434 738 670 791 quotdicrum
685 741 814 792 spatio,
831 740 891 779 dic
916 740 1033 780 mihi?
1045 755 1090 780 an
1108 742 1240 793 trigin-

276 809 324 847 ta,
340 809 403 839 aut
420 809 575 846 centum,
589 810 650 839 aut
667 801 723 840 bis
749 801 1074 854 totidem?Ecquid
1091 811 1209 855 postea
1221 804 1240 842 ?

281 874 398 900 nonne
416 862 516 914 quasi
534 863 713 901 somnium
730 893 739 910 ,
759 875 875 902 nonne
904 872 942 901 ut
961 863 1102 913 fabula,
1122 877 1238 903 nonne

279 931 318 960 ut
339 922 488 969 umbra,
513 923 573 961 illa
596 925 715 962 omnia
735 924 977 963 trans-ierunt?
1000 928 1048 964 At
1069 938 1164 964 nunc
1183 926 1235 965 illi

279 997 392 1035 usque
411 984 446 1022 in
465 984 573 1023 finem
591 984 704 1023 bonor
725 985 790 1024 iste
817 994 1015 1039 permanet,
1037 987 1108 1024 imo
1122 988 1235 1038 magis

276 1054 356 1097 post
367 1054 532 1093 mortem,
551 1054 586 1084 et
604 1045 753 1098 quidem
768 1046 883 1085 multo
895 1055 980 1086 tunc
995 1048 1232 1088 cumulatius:

275 1115 382 1158 atque
402 1105 470 1145 hoc
498 1106 689 1159 imperium
709 1107 830 1146 nullus
850 1122 1020 1159 umquam
1040 1109 1106 1161 ipsi
1132 1111 1233 1148 ause-

274 1174 340 1211 ret,
358 1166 494 1220 quippe
507 1181 590 1205 cum
611 1182 678 1206 non
698 1168 744 1206 ab
761 1168 904 1206 homine
919 1168 956 1206 id
970 1168 1032 1206 ille
1046 1170 1231 1221 acceperit,

273 1226 337 1264 sed
368 1241 387 1264 a
411 1227 544 1265 virtute
573 1227 664 1280 ipsa.
686 1227 758 1266 Sed
777 1228 950 1266 voluisses
977 1242 1058 1266 eum
1078 1230 1231 1280 pretiosa

272 1285 444 1323 amictum
459 1295 569 1334 veste,
586 1295 619 1324 et
636 1299 728 1336 equo
749 1295 889 1323 vectum
907 1286 1030 1324 videre
1042 1317 1051 1334 ,
1074 1288 1233 1326 famulo-

274 1358 353 1382 rum
371 1344 542 1397 stipatum
559 1345 805 1392 multitudine,
822 1346 996 1398 parasitos
1013 1346 1232 1387 adulatores—

272 1419 342 1455 que
359 1405 524 1444 alentem.
542 1406 617 1444 Cur
647 1406 694 1444 ita
715 1405 850 1444 velles?
879 1419 964 1445 num
985 1415 1021 1445 ut
1044 1407 1097 1446 illi
1129 1409 1232 1447 volu-

271 1474 403 1517 ptatem
423 1480 466 1504 ex
488 1465 544 1504 his
564 1467 732 1505 omnihus
751 1467 917 1520 pareres?
935 1467 973 1507 Si
993 1468 1113 1519 itaque
1127 1469 1230 1508 illum

269 1527 446 1565 dicentem
466 1526 591 1566 audias
606 1528 715 1576 (forte
725 1528 859 1581 quippe
874 1528 975 1566 nobis
991 1543 1059 1568 non
1079 1530 1227 1582 credes),

271 1597 368 1626 tanto
385 1603 423 1626 se
442 1589 552 1627 vitam
590 1588 693 1627 istam
727 1603 766 1626 ea
781 1618 791 1637 ,
812 1603 920 1640 quam
948 1589 1083 1642 degunt
1113 1591 1174 1643 qui
1195 1593 1230 1630 in

269 1647 409 1687 deliciis
430 1652 561 1688 vivunt
582 1680 592 1699 ‚
615 1651 749 1701 quique
774 1650 1039 1697 meretricibus,
1063 1653 1227 1703 musicae,

270 1710 740 1763 parasitis,adulatoribus,
763 1720 796 1749 et
828 1711 982 1750 lascivia:
1012 1727 1050 1752 se
1075 1713 1230 1762 dedunt,

265 1771 517 1822 jucundiorem
538 1772 745 1811 existimare
759 1803 769 1819 ‚
792 1781 831 1810 ut
851 1773 951 1810 malit
972 1774 1102 1812 millies
1121 1775 1227 1821 mori,

273 1846 382 1883 quam
400 1833 430 1870 ei
458 1832 723 1886 obtemperare,
748 1833 808 1885 qui
827 1833 969 1886 juberet
988 1833 1054 1872 liac
1081 1835 1229 1874 dimissa

271 1893 455 1947 voluptate
470 1895 516 1932 ad
541 1895 640 1933 illam
661 1908 697 1932 se
715 1895 887 1942 conferre,
904 1894 993 1946 quid
1012 1895 1058 1934 ad
1078 1896 1154 1935 liaec
1171 1897 1230 1935 di-

269 1955 350 1993 ces?
369 1956 463 1994 Num
499 1956 640 2007 ignoras
671 1965 842 2007 quantam
867 1957 1091 2010 voluptatem
1114 1960 1229 2011 pariat
1253 1964 1277 1994 C

270 2015 342 2053 vita
364 2017 515 2067 negotiis
533 2016 672 2054 vacua?
687 2017 832 2056 fortasse
852 2031 914 2056 nec
937 2018 1032 2057 ullus
1051 2019 1087 2058 id
1107 2020 1229 2060 homi-

270 2089 355 2113 num
390 2076 507 2124 novit,
540 2077 675 2129 quippe
694 2078 756 2129 qui
785 2091 862 2116 eam
889 2079 1000 2117 vitam
1032 2094 1227 2132 numquam

270 2151 359 2188 pure
378 2138 587 2189 gustaverit.
606 2140 697 2176 Cum
716 2148 834 2177 autem
853 2149 887 2178 et
905 2140 1048 2179 claritas
1066 2142 1176 2189 adsit,
1195 2153 1228 2182 et

270 2198 345 2236 haec
364 2213 445 2250 quat
465 2200 528 2238 vix
544 2200 651 2238 simul
671 2200 827 2239 inveniri
845 2212 1002 2253 possunt,
1012 2204 1179 2243 securitas
1194 2214 1227 2243 et

269 2258 382 2308 gloria
395 2288 405 2308 ,
420 2259 507 2311 qnid
525 2260 590 2298 hac
611 2260 687 2299 vita
717 2262 957 2314 pra-stabilius
974 2263 1045 2302 sit?
1072 2267 1226 2314 Verum,

270 2319 423 2371 inquies,
437 2321 524 2372 quid
541 2331 577 2359 tu
593 2321 666 2360 haec
680 2322 768 2360 mihi
787 2322 950 2363 edisseris
964 2339 983 2363 a
999 2326 1227 2380 philosophia

269 2382 533 2420 remotissimo?
559 2384 633 2421 Cur
659 2397 744 2435 ergo
763 2393 884 2423 natum
902 2400 1044 2438 quoque
1062 2397 1161 2427 tuum
1180 2389 1228 2428 ad

268 2456 345 2480 eam
364 2442 530 2481 accedere
550 2458 618 2482 non
640 2444 751 2482 sinis?
771 2445 856 2484 satis
883 2446 929 2484 sit
953 2447 1019 2486 isto
1040 2457 1073 2487 te
1095 2449 1228 2490 damno

267 2503 433 2542 affectum
455 2518 542 2542 csse.
575 2509 702 2544 Annon
737 2520 918 2546 summum
950 2523 1025 2548 esse
1054 2510 1226 2551 damnum

267 2564 452 2602 arbitraris
463 2594 472 2612 ,
489 2565 632 2615 quando
643 2566 687 2604 ad
702 2576 896 2606 extremam
912 2580 1126 2610 senectutem
1144 2587 1227 2625 pro-

269 2625 374 2674 vecti,
396 2626 478 2677 quia
503 2628 536 2664 in
565 2627 737 2680 primaeva
758 2637 859 2667 :etate
879 2629 969 2668 nihil
996 2631 1080 2670 boni
1105 2633 1226 2686 adepti

267 2687 365 2734 estis,
388 2701 451 2725 vos
474 2698 651 2726 senectam
673 2688 821 2727 moleste
835 2690 962 2730 sertis?
983 2695 1028 2731 At
1045 2692 1124 2732 ideo
1145 2708 1226 2733 mo·

271 2748 354 2785 leste
376 2748 537 2794 serimus,
557 2749 712 2801 inquies,
732 2750 828 2802 quod
859 2766 984 2804 magna
1006 2754 1108 2793 nobis
1126 2769 1227 2794 com-

271 2807 373 2846 moda
387 2809 556 2860 juventus
575 2811 708 2849 tulerit.
732 2813 821 2858 Qua:
843 2815 997 2863 magna?
1011 2816 1156 2855 ostende
1174 2831 1229 2855 se-
1252 2815 1277 2845 Ι)

271 2883 369 2916 nem,
390 2870 452 2920 qui
471 2884 595 2921 inagna
613 2871 687 2910 lunc
704 2873 890 2912 commoda
908 2874 1049 2914 habeat.
1079 2877 1118 2916 Si
1134 2878 1227 2917 enim

271 2931 331 2969 illa
352 2931 546 2978 habuisset,
569 2942 601 2971 et
621 2934 741 2972 eadem
764 2947 1058 2987 perseverassent,
1072 2953 1140 2977 non
1159 2940 1228 2979 uti·

271 3007 340 3043 que
360 3002 398 3030 ut
426 2993 482 3030 his
512 2993 659 3032 orbatus
683 2996 852 3035 omnibus
873 2997 920 3035 ita
953 2997 1227 3050 lamentaretur;

271 3053 324 3091 sin
345 3067 430 3091 vero
449 3053 508 3091 illa
530 3055 779 3104 avolaverunt,
802 3066 835 3095 et
855 3069 1114 3109 einarcuerunt‚
1134 3074 1229 3112 quo-

272 3113 378 3150 modo
398 3127 538 3162 magna
555 3130 634 3165 quar
650 3116 694 3153 ita
715 3117 785 3155 cito
800 3119 973 3157 exstincta
990 3121 1100 3159 sunt?
1118 3123 1229 3173 Atqui

272 3187 341 3210 non
362 3172 428 3210 ltoc
450 3173 548 3210 lilius
570 3182 650 3211 tuus
668 3176 834 3226 patietur,
854 3177 913 3215 scd
931 3192 959 3216 ει
952 3178 1017 3218 ad
1032 3180 1227 3233 long-‘evam

270 3248 412 3285 quoquc
423 3243 599 3271 senectute·
603 3249 635 3271 ιιι
656 3238 865 3286 pervenerit,
883 3253 949 3277 non
966 3240 1067 3279 illum
1086 3242 1227 3281 videbis

273 3295 347 3333 lunc
367 3294 489 3345 iniquo
509 3295 627 3333 animo
643 3296 830 3346 serentem,
853 3309 890 3337 ut
914 3314 976 3339 vos
996 3302 1133 3352 faciti55
1163 3304 1223 3343 sed

318 3429 566 3471 '1122»i5,1=r0
582 3432 700 3471 χὶκμᾈ
696 3429 880 3469 ·,S;nilius
890 3432 898 3474 J

691 235 729 264 S.
769 233 954 264 Jotxms
988 231 1230 262 CHRYSOST·
1270 233 1484 264 Ancutm’·
1518 234 1877 269 cONSTANTtNOP.

1314 315 1455 368 τρέμεις
1487 317 1550 365 τὴν
1584 319 1742 371 ἡμέραν,
1775 321 1824 371 μή
1861 336 1945 359 ποτε
1982 321 2017 357 ἐν
2042 319 2188 372 πολέμῳ
2214 318 2305 369 πέσῃ
2328 346 2338 365 ‚

1316 373 1366 425 μή
1399 390 1485 416 ποτε
1518 381 1743 431 προσκρούσῃ
1774 383 1935 432 βασιλεῖ,
1965 381 2016 431 μή
2043 395 2129 420 ποτε
2164 380 2341 432 βασκανία

1315 438 1386 474 τῶν
1420 441 1747 491 συστρατευομένων
1769 443 1868 494 ἇ).ῷ;
1891 441 1913 487 ἢ
1945 441 2025 494 οὐχὶ
2049 441 2109 480 καὶ
2128 444 2254 488 ταῦτα,
2274 439 2337 478 καὶ

1316 496 1447 536 τούτοιν
1467 500 1611 538 πλείονα
1629 501 1805 541 δεδοίκασι
1835 504 1903 540 τῶν
1926 501 2200 552 εὐδοκιμούντων
2219 503 2253 540 οἱ
2270 515 2339 538 πα-

1315 557 1437 611 τέρεςς
1467 561 1636 614 Καθάπερ
1668 562 1735 613 γὰρ
1769 565 1800 601 οἱ
1836 562 1975 601 παιδίον
2000 564 2053 615 ἐφ’
2081 563 2217 614 ὑψηλοῦ
2248 575 2343 605 τινος

1315 620 1506 666 στήσαντες
1538 623 1646 661 τόπου
1678 624 1820 675 τρέμειν
1853 624 2109 674 ἀναγκάζονται
2143 621 2192 673 μὴ
2223 636 2340 660 κατα-

1315 683 1428 731 πέσῃ,
1449 682 1540 722 οὕτω
1574 684 1632 721 καὶ
1665 687 1696 722 οἱ
1724 685 1807 736 πρὸς
1837 684 1993 736 μεγάλην
2018 682 2131 736 ἀρχὴν
2153 682 2341 733 ἀνάγοντες

1312 743 1392 787 τοὺς
1423 746 1522 788 υἱεῖς.
1557 745 1648 784 Ἀλλ’
1689 745 1762 797 ἔχει
1796 745 1874 784 τινὰ
1914 745 2040 793 ἡδονὴν
2068 747 2091 791 ἢ
2120 743 2240 790 ζώνη,
2275 742 2338 790 καὶ

1313 806 1363 849 ἦ’
1385 804 1523 856 χλαμὺς
1541 835 1550 852 ,
1582 807 1640 844 καὶ
1659 809 1680 851 ἦ
1708 810 1767 845 τοῦ
1795 807 1945 858 κήρυκος
1978 806 2087 859 φωνή.
2125 805 2196 845 Καὶ
2230 803 2337 857 μέχρι

1310 866 1427 904 πόσων
1463 868 1606 919 ἡμερῶν
1624 870 1735 905 ταῦτα
1749 895 1758 911 ,
1778 869 1853 906 εἰπέ
1875 881 1959 918 μοι;
1981 867 2086 920 μέχρι
2121 866 2310 916 τριάκοντα
2326 894 2337 913 ,

1309 926 1368 963 καὶ
1393 926 1537 973 ἑκατὸν,
1558 928 1618 966 καὶ
1647 929 1696 972 δὶς
1716 931 1897 975 *emoti-tou
1919 928 1987 967 Καὶ
2017 927 2053 967 τί
2081 926 2171 978 μετὰ
2204 929 2337 971 ταῦτα

1308 988 1372 1040 οὐχ
1389 987 1510 1039 ὥσπερ
1537 989 1640 1041 ὄναρ,
1659 991 1724 1041 οὐχ
1739 989 1860 1042 ὥσπερ
1883 993 2006 1040 μῦθος,
2029 990 2094 1041 οὐχ
2112 986 2232 1038 ὥσπερ
2251 985 2335 1024 σκιὰ

1307 1048 1421 1086 πάντα
1451 1048 1587 1094 διῆλθεν
1618 1051 1750 1094 ἐκεῖνα;
1786 1051 1856 1089 Νῦν
1889 1049 1924 1088 δὲ
1959 1050 2052 1101 αὐτῷ
2082 1049 2188 1100 μέχρι
2216 1047 2335 1091 τέλους

1306 1109 1349 1146 τὰ
1383 1111 1445 1155 τῆς
1475 1112 1597 1159 τιμῆς,
1631 1112 1764 1159 μᾶλλον
1792 1111 1827 1149 δὲ
1856 1112 1916 1149 καὶ
1945 1109 2036 1160 μετὰ
2060 1110 2124 1156 τὴν
2149 1107 2337 1154 τελευτὴν,

1306 1169 1365 1206 καὶ
1397 1171 1517 1221 πολλῷ
1553 1169 1658 1208 πλέον
1692 1171 1794 1220 τότε,
1829 1172 1890 1209 καὶ
1923 1171 2053 1217 ταύτην
2089 1169 2191 1208 αὐτὸν
2224 1168 2337 1212 οὐδεὶς

1306 1229 1538 1281 ἀφαιρήσεται
1567 1229 1631 1276 τὴν
1668 1231 1803 1284 ἀρχὴν,
1835 1232 1897 1270 ἅτε
1929 1234 1994 1283 οὐχ
2025 1230 2093 1269 ὑπὸ
2117 1228 2337 1281 ἀνθρώπων,

1257 1301 1281 1331 Β
1307 1289 1386 1327 ἀλλ’
1421 1291 1481 1328 ὑπ’
1512 1291 1618 1336 αὐτῆς
1643 1291 1932 1343 χειροτονηθέντα
1971 1295 2033 1338 τῆς
2066 1293 2204 1344 ἀρετ-ἦς.
2237 1288 2333 1327 Ἀλλ’

1307 1349 1449 1388 ἐδούλου
1479 1352 1652 1396 πολυτελῆ
1681 1356 1852 1404 φοροῦντα
1881 1352 2029 1403 ἱμάτια,
2057 1352 2117 1390 καὶ
2138 1351 2192 1403 ἐφ’
2220 1348 2337 1388 ἵππου

1306 1411 1494 1463 φερόμενον
1522 1414 1625 1463 ὁρᾷν,
1653 1412 1712 1450 καὶ
1743 1415 1874 1459 πλῆθος
1905 1412 2033 1465 ἔχοντα
2061 1414 2205 1451 οἰκετῶν
2222 1441 2234 1459 ,
2270 1409 2333 1449 καὶ

1306 1470 1520 1523 παρασίτους
1564 1472 1735 1525 τρέφοντα
1773 1474 1834 1512 καὶ
1867 1473 2031 1518 κόλακας.
2065 1474 2098 1511 Τ
2102 1473 2169 1516 ίνος
2216 1470 2336 1509 ἕνεκεν

1304 1538 1416 1572 ταῦτα
1439 1533 1581 1581 ἦθελες;
1607 1536 1673 1587 οὐχ
1699 1535 1827 1582 ἡδονὴν
1848 1536 1941 1587 αὐτῷ
1974 1533 2032 1573 διὰ
2057 1534 2188 1573 τούτων
2217 1532 2333 1571 ἁπάν-

1305 1610 1374 1632 των
1395 1595 1686 1644 κατασκευᾶζων,
1709 1594 1771 1634 Ἂν
1793 1590 1850 1635 οὖν
1870 1596 2022 1648 ἀκούσῃς
2042 1598 2146 1634 αὐτοῦ
2171 1594 2334 1645 λέγοντος

1304 1659 1404 1706 (ἡμῖν
1426 1655 1494 1709 γὰρ
1509 1655 1593 1700 ἴσως
1616 1658 1654 1695 οὐ
1673 1657 1810 1709 πείσῃ),
1832 1657 1885 1695 ὅτι
1909 1659 1977 1695 τῶν
1998 1658 2034 1695 ἐν
2061 1658 2173 1708 τρυφῇ
2192 1654 2331 1700 ζώντων

1305 1717 1363 1754 καὶ
1407 1717 1584 1768 πορνείαις
1634 1717 1695 1755 καὶ
1735 1721 1887 1770 μουσικῇ
1927 1718 1987 1756 καὶ
2023 1716 2230 1769 παρασίτοις
2267 1714 2330 1754 καὶ

1304 1777 1425 1822 κόλαξι
1456 1778 1516 1816 καὶ
1551 1781 1594 1830 τῇ
1632 1779 1723 1831 ἄλλῃ
1760 1779 1906 1831 βλακείᾳ
1928 1806 1938 1824 ,
1973 1778 2126 1831 τοσούτῳ
2157 1778 2215 1816 τὸν
2254 1777 2331 1829 βίον

1302 1840 1440 1887 ἡγεῖται
1478 1840 1596 1875 τοῦτον
1637 1838 1747 1885 ἡδίω,
1783 1840 1830 1882 ὡς
1860 1838 1999 1876 ἑλέσθαι
2036 1838 2179 1889 μυρίους
2220 1835 2331 1874 θανά·

1303 1913 1379 1941 τους
1424 1898 1619 1946 πολλάκις,
1668 1899 1701 1937 εἴ
1749 1915 1802 1942 τις
1859 1898 2033 1938 κελεύοιτο
2080 1898 2210 1945 ταύτην
2261 1896 2327 1944 τὴν

1303 1960 1427 2007 ἡδονὴν
1458 1959 1590 2012 ἀφέντα
1609 1960 1696 2013 πρὸς
1723 1961 1857 2007 ἐκείνην
1879 1962 2129 2011 μεταπηδῆσαι
2147 1989 2157 2005 ,
2186 1958 2222 1997 τί
2239 1958 2328 2011 πρὸς

1302 2025 1412 2059 ταῦτα
1444 2023 1551 2074 ἐρεῖς;
1584 2022 1660 2061 Οὐκ
1699 2015 1794 2065 οἶδας
1830 2020 1915 2069 ὅσην
1947 2025 1965 2060 ὁ
2005 2022 2202 2072 ἀπράγμων
2252 2019 2325 2071 βίος

1303 2081 1377 2133 ἔχει
1413 2082 1478 2129 τὴν
1506 2083 1653 2131 ἡδονήν,
1676 2084 1770 2135 τάχα
1804 2082 1880 2121 οὐδὲ
1906 2083 2010 2126 ἄλλος
2037 2081 2230 2133 ἀνθρώπων
2265 2081 2328 2119 οὐ-

1303 2143 1394 2189 δεὶς,
1430 2143 1490 2182 ἅτε
1527 2145 1676 2194 μηδέπω
1720 2143 1848 2190 ταύτης
1895 2142 2108 2195 γευσάμενος
2150 2145 2325 2195 καθαρῶς.

1300 2203 1415 2242 υΟταν
1441 2204 1476 2244 δὲ
1510 2207 1570 2244 καὶ
1597 2205 1804 2258 λαμπρότης
1841 2208 1978 2257 προσῇ,
2013 2205 2074 2244 καὶ
2110 2204 2154 2243 τὰ
2190 2204 2325 2256 ἄμικτα

1301 2269 1412 2304 ταῦτα
1436 2271 1450 2287 “
1471 2266 1578 2305 πάλιν
1597 2267 1813 2320 συνέρχηται
1828 2297 1838 2315 ,
1872 2266 2049 2318 ἀσφάλειά
2078 2282 2115 2305 τε
2139 2265 2200 2305 καὶ
2232 2266 2329 2304 noso·

1302 2327 1463 2376 κίμησις,
1495 2329 1529 2365 τί
1565 2328 1696 2375 ταύτης
1729 2329 1865 2379 βέλτιον
1899 2328 2023 2380 γένοιτ’
2051 2327 2094 2366 ἂν
2125 2329 2188 2374 τῆς
2214 2328 2331 2375 ζωῆς,

1302 2388 1407 2426 Ἀλλὰ
1440 2388 1474 2427 τί
1513 2405 1572 2440 μοι
1600 2394 1710 2429 ταῦτα
1747 2389 1911 2440 διαλέγῃ,
1941 2389 2038 2441 φησὶ,
2073 2389 2194 2443 πόῤῥω
2223 2388 2328 2441 φιλο·-

1303 2450 1425 2501 coptu:
1458 2453 1585 2489 ἑστῶτι
1606 2467 1616 2498 ;
1634 2453 1668 2490 Τ
1672 2451 1682 2489 ι’
1706 2444 1765 2489 οὗν
1796 2451 1856 2490 καὶ
1890 2450 1949 2488 τὸν
1994 2451 2066 2489 υἱὸν
2091 2449 2239 2494 κωλύεις
2270 2464 2329 2502 γε·

1301 2512 1420 2550 νέσθαι
1453 2511 1584 2558 ταύτης
1611 2512 1735 2564 ἐγγύς;
1770 2514 1869 2563 ἀρκεῖ
1899 2511 2004 2564 μέχρι
2036 2514 2097 2549 σοῦ
2127 2513 2253 2557 στῆναι
2282 2509 2328 2548 τὰ

1302 2576 1364 2618 τῆς
1385 2573 1521 2623 ζημίας.
1551 2575 1633 2625 Οὐχ
1659 2576 1728 2625 ἡγῇ
1760 2571 1929 2624 μεγίστην
1961 2565 2049 2610 εἶναι
2072 2571 2221 2621 ζημίαν,
2241 2571 2327 2609 ὅταν

1302 2634 1387 2686 πρὸς
1407 2634 1556 2686 ἔσχατον
1585 2637 1694 2687 γῆρας
1719 2634 1905 2676 ἐλάσαντες
1922 2661 1932 2679 ,
1962 2633 2022 2670 ἅτε
2057 2631 2166 2683 μηδὲν
2187 2630 2245 2670 ἐπὶ
2262 2634 2327 2679 τῆς

1303 2693 1445 2746 πρώτης
1468 2694 1608 2740 ἡλικίας
1633 2694 1908 2745 καρπωσάμενοι
1933 2693 2087 2745 χρηστὸν
2102 2722 2112 2740 ,
2135 2690 2327 2743 δυσχεραί-

1303 2770 1384 2802 νητε
1414 2757 1500 2807 πρὸς
1530 2756 1569 2794 τὸ
1592 2758 1726 2806 γῆρας,
1754 2755 1824 2794 Καὶ
1853 2755 1921 2805 μὴν
1945 2753 2004 2792 διὰ
2033 2756 2158 2798 τοῦτο,
2192 2751 2297 2804 φησὶν
2314 2781 2327 2800 ,

1303 2817 1386 2855 αὐτὸ
1414 2817 1712 2868 δυσχεραίνομεν,
1753 2817 1806 2854 ὅτι
1841 2815 1977 2866 μεγάλα
2011 2817 2105 2864 ἡμᾶς
2135 2813 2268 2860 ὤνησεν
2301 2815 2325 2859 ἡ

1303 2878 1436 2924 νεότης.
1472 2879 1563 2916 noia
1595 2877 1760 2928 μεγάλα,
1794 2878 1902 2921 δεῖξον
1934 2876 2059 2927 ἔχοντα
2090 2875 2149 2913 τὸν
2179 2874 2330 2926 γέροντα

1304 2939 1347 2977 τὰ
1380 2938 1517 2990 μεγάλα
1546 2941 1683 2977 ἐκεῖνα·
1715 2940 1742 2975 εἰ
1771 2936 1839 2988 γὰρ
1871 2931 1962 2988 εἶχεν
1989 2935 2092 2982 αὐτὰ,
2125 2935 2185 2973 καὶ
2219 2949 2329 2986 μιμε-

1303 3000 1403 3047 νήκει
1443 3000 1593 3050 διαρκῆ,
1631 3000 1694 3037 οὐκ
1738 2998 1778 3035 ἂν
1824 3001 1870 3041 ὡς
1912 2998 2039 3047 ἔρημος
2083 2997 2131 3035 ὧν
2165 2996 2330 3034 ἁπάντων

1304 3062 1434 3099 τούτων
1478 3059 1588 3103 οὕτως
1627 3060 1804 3112 ὠδύρετο·
1845 3060 1875 3096 εἷ
1907 3059 1941 3097 δὲ
1977 3059 2118 3105 απέπτη
2151 3057 2212 3096 καὶ
2239 3059 2331 3108 ἅμα·

1305 3124 1436 3175 ράνθη,
1467 3128 1551 3160 ποῖα
1579 3121 1716 3171 μεγάλα
1744 3119 1789 3158 τὰ
1818 3119 1908 3158 οὕτω
1947 3133 2083 3171 ταχεως
2134 3117 2327 3166 σὸιννύμε-

1303 3200 1369 3231 να,
1387 3183 1477 3221 Ἀλλ’
1513 3198 1579 3233 ou]-
1608 3183 1626 3219 ὁ
1658 3197 1739 3224 παις
1768 3186 1869 3220 τοῦτο
1900 3181 2059 3218 πείσεται
2094 3183 2112 3219 ὁ
2139 3178 2217 3226 σὸς,
2248 3178 2326 3217 ἀλλ’

1302 3246 1333 3282 at
1367 3259 1449 3282 ποτε
1480 3245 1526 3285 εἰς
1559 3247 1667 3294 γῆρας
1695 3243 1784 3281 ἔλθοι
1820 3258 1982 3295 μακρον,
2009 3257 2070 3280 ουκ
2106 3241 2184 3293 ὄψει
2214 3243 2325 3278 ταῦτα

1302 3306 1606 3345 ἀποδυσπετοῦντα
1643 3304 1732 3356 ἅπερ
1772 3303 1830 3342 καὶ
1863 3306 1986 3354 ὑμεῖς,
2020 3302 2111 3341 ἀλλὰ
2154 3301 2326 3355 χαίροντα

1375 3449 1386 3463 ¹¹
1415 3437 1485 3469 Duo
1500 3437 1574 3469 uss.
1597 3441 1682 3471 xvia
1703 3451 1921 3482 τροπιρχιται.
