2513 3871
142 2130 328 2168 17.Qunntu·

135 2182 172 2200 ειι
183 2175 211 2199 in
226 2173 329 2207 gul-er-

140 2216 259 2241 nastum:
274 2225 330 2239 vir-

139 2265 239 2289 ginum
292 2261 327 2281 ti-

141 2305 216 2324 mor.

350 201 444 261 486

351 300 438 337 bum
455 298 593 334 honum
615 301 670 332 est
682 293 772 344 plus
789 306 908 345 quam
929 292 1090 338 donum,
1102 297 1140 328 et
1152 297 1304 327 utrum-

351 373 427 411 que
446 365 502 396 est
521 355 627 407 apud
646 356 779 393 vitum
799 355 1024 405 gratiosum.
1045 351 1194 390 Illarum
1218 350 1305 390 item

349 417 556 472 praesectum
572 429 641 454 non
655 415 778 454 mitem
794 423 933 453 tantum
946 422 981 452 et
995 413 1188 465 patientem
1208 441 1219 459 ,
1240 411 1304 452 sed

350 478 497 533 perinde
524 476 782 516 oeconomicum
812 489 888 515 esse
912 482 1078 528 oportet:
1099 472 1138 511 id
1157 486 1242 511 vero
1272 472 1303 511 si

350 538 523 589 abfuerit,
551 551 693 577 rursum
714 550 913 590 pauperum
938 533 1124 574 facultates
1145 533 1182 572 in
1206 533 1305 573 idem

348 601 521 639 damnum
537 597 716 638 recidunt.
734 599 860 651 Nuper
877 596 973 636 enim
991 594 1074 647 quis
1090 594 1178 634 huic
1196 594 1306 633 mini-

348 661 456 701 sterio
474 659 647 710 adscitus,
669 659 783 698 multa
803 659 882 697 auri
905 657 943 696 vi
962 656 1130 704 collecta,
1146 655 1223 709 ipse
1240 669 1304 695 nec

349 721 567 769 consumsit,
587 735 698 773 neque
721 719 906 773 egentibus
924 749 934 767 ‚
961 717 1084 771 paucis
1114 717 1274 770 exceptis
1288 745 1301 767 ,

348 782 557 830 distribuit;
575 781 770 821 maximam
789 795 874 820 vero
891 788 1028 833 partem
1053 787 1145 817 terra
1164 777 1303 824 obruit,

347 842 462 883 donec
480 841 751 896 superveniente
771 841 949 880 tumultus
966 849 1124 892 tempore
1145 838 1302 878 hostium

348 905 515 944 manibus
533 904 632 943 illam
650 903 814 945 tradidit,
831 905 961 953 Magna
977 902 1096 953 itaque
1109 900 1305 954 providen-

347 966 396 1005 tia
408 975 458 1006 est
470 980 573 1019 opus,
582 975 621 1004 ut
632 964 801 1005 Ecclesia:
814 964 999 1003 facultates
1013 977 1075 1004 nce
1088 961 1305 1009 redundent,

347 1041 411 1067 nec
428 1026 600 1066 deficiant
621 1042 629 1063 :
649 1025 711 1064 sed
730 1040 809 1077 quze
835 1034 1027 1076 erogantur
1046 1023 1165 1063 omnia
1185 1023 1305 1062 statim

347 1097 430 1126 sunt
454 1087 575 1140 egenis
594 1085 864 1133 distribuenda,
889 1095 995 1136 atque
1022 1084 1057 1122 in
1077 1083 1304 1122 subditorum

346 1148 409 1200 pio
431 1147 616 1201 proposito
635 1145 804 1187 Ecclesia:
825 1145 982 1184 thesauri
1000 1143 1192 1195 colligendi
1204 1153 1302 1181 sunt.

345 1209 385 1246 In
405 1207 610 1260 hospitibus
623 1215 742 1243 autem
761 1204 986 1258 excipiendis
1001 1235 1010 1251 ,
1027 1213 1060 1242 et
1081 1204 1115 1241 in
1136 1202 1305 1242 curandis

345 1268 502 1320 aegrotis,
531 1275 664 1318 quanto
697 1275 802 1318 putas
836 1279 926 1318 opus
959 1278 1034 1303 esse
1070 1264 1303 1316 pecuniarum

765 212 803 242 S.
842 210 1028 242 JOANNJS
1063 207 1305 239 cttnYSOST.
1346 208 1551 242 Attctttsse.
1591 213 1948 245 CONSTANTINOP-

1374 285 1460 330 εἶναι
1477 293 1565 346 χρή·
1582 296 1649 343 ὡς,
1665 294 1725 335 ἐὰν
1743 299 1844 336 τοῦτο
1858 297 1932 348 ἀπῇ
1943 324 1954 342 ,
1969 294 2076 334 πάλιν
2095 297 2144 339 εἰς
2160 294 2224 343 τὴν
2239 296 2321 344 ῐσην
2337 312 2398 337 πε-

1375 351 1551 404 ριίσταται
1576 355 1706 406 ζημίαν
1731 354 1778 395 τὰ
1802 359 1873 395 τῶν
1901 354 2064 402 πενήτων
2090 354 2275 408 χρήματα.
2301 355 2398 406 Ἤδη

1373 413 1444 466 γάρ
1462 430 1515 459 τις
1540 415 1670 464 ταύτην
1688 416 1984 464 πιστευθεὶς“·ιῆν
2009 415 2212 466 διακονίαν,
2229 417 2291 457 καὶ
2310 432 2402 470 χρυ-

1374 474 1434 513 σὸν
1447 477 1654 529 συναγαγὼν
1674 477 1782 517 πολὺν
1793 508 1804 527 ,
1825 478 1927 522 αὐτὸς
1943 476 2007 528 μὲν
2035 479 2074 517 οὗ
2088 477 2283 531 κατέφαγεν
2293 507 2305 528 ,
2320 480 2400 518 ἀλλ’

1373 536 1451 582 οὐδὲ
1483 539 1532 582 εἷς
1560 537 1639 583 τοὺς
1669 539 1851 591 δεομένους
1878 538 1972 586 πλὴν
2001 538 2127 591 ὀλίγων
2165 538 2344 579 ἀνάλωσε·
2359 540 2401 580 τὸ

1375 597 1410 638 δὲ
1425 598 1530 638 πλέον
1558 600 1750 652 κατορύξας
1773 599 1985 653 ἐφύλαττεν,
2002 600 2068 645 lun
2093 593 2134 639 οὗ
2154 600 2274 653 καιρὸς
2291 602 2401 654 χαλε·

1374 660 1437 703 πὸς
1451 660 1597 705 ἐπιστὰς
1611 662 1813 713 παρέδωκεν
1829 660 1918 700 αὐτὰ
1929 668 2006 706 ταῖς
2019 663 2091 700 τῶν
2106 661 2272 701 ἐναντίων
2284 661 2399 716 ῃρσί.

1374 720 1516 767 Πολλῆς
1532 714 1591 759 οὖν
1611 722 1661 759 δεῖ
1686 724 1748 768 τῆς
1767 722 2003 774 προμηθείας,
2023 725 2070 766 ὡς
2089 722 2180 773 μήτε
2197 722 2400 768 πλεονᾶειν

1375 780 1465 831 μήτε
1485 780 1657 819 ἐλλείπειν
1677 783 1739 826 τῆς
1753 781 1969 829 Ἐκκλησίας
1982 781 2046 830 τὴν
2066 781 2291 834 περιουσίαν,
2306 781 2400 822 ἀλλὰ

1374 842 1490 880 πάντα
1503 842 1568 893 μὲν
1587 842 1786 894 σκορπίζειν
1802 843 1939 895 ταχέως
1955 849 2027 887 τοῖς
2043 842 2219 894 δεομένοις
2231 842 2277 882 τὰ
2294 857 2400 896 mpt-

1374 903 1521 953 ζόμενα,
1542 905 1578 942 ἐν
1595 903 1631 942 δὲ
1650 910 1726 947 ταῖς
1739 906 1808 942 τῶν
1828 903 2035 956 ἀρχομένων
2061 903 2290 957 προαιρίσεσι
2306 919 2394 943 συν-

1376 965 1467 1021 άγειν
1486 967 1548 1012 τῆς
1565 964 1780 1012 Ἐκκλησίας
1799 965 1876 1009 τοὺς
1895 965 2098 1019 θησαυρούς.
2119 964 2194 1010 Τὰς
2206 964 2243 1006 δὲ
2261 968 2331 1004 τῶν
2345 964 2400 1011 ξί-

1375 1042 1441 1064 νων
1466 1024 1662 1077 ὑποδοχὰς,
1678 1026 1738 1065 καὶ
1765 1025 1828 1069 τὰς
1847 1029 1917 1065 τῶν
1940 1026 2175 1066 ἀσθενούντων
2190 1025 2399 1079 θεραπείας,

1375 1087 1486 1134 πόσης
1503 1087 1565 1137 μὲν
1585 1087 1648 1125 οἴει
1667 1087 1799 1126 δεῖσθαι
1819 1088 2013 1139 χρημάτων
2033 1087 2212 1136 δαπάνης,
2231 1086 2343 1135 πόσης
2359 1087 2398 1126 δὶ

1375 1150 1437 1194 τῆς
1462 1151 1531 1187 τῶν
1556 1148 1836 1187 ἐπιστατούντων
1855 1148 2036 1201 ἀκριὸείας
2060 1165 2096 1188 τε
2117 1150 2178 1188 καὶ
2204 1149 2418 1196 συνίσεωςῑ

1376 1209 1446 1247 Καὶ
1471 1209 1540 1262 γὰρ
1570 1212 1634 1255 τῆς
1664 1209 1851 1260 εἰρημένης
1879 1211 2088 1256 ἀναλώσεως
2113 1212 2244 1259 ταύτην
2267 1211 2398 1258 ἥττονα

1375 1269 1437 1317 μὲν
1457 1270 1638 1319 οὐδαμῶς,
1656 1269 1827 1313 πολλάκις
1841 1269 1877 1308 δὲ
1896 1270 1956 1308 καὶ
1976 1271 2119 1322 μείζονα
2133 1265 2222 1310 εἶναι
2236 1272 2373 1323 ἀνάγκη
2386 1301 2398 1321 ,

343 1336 619 1380 sumtu‚quanta
633 1327 879 1379 praefectorum
896 1325 1084 1377 diligentia
1100 1324 1303 1378 prudentia·
1314 1355 1361 1380 ³93
1373 1330 1433 1368 καὶ
1451 1330 1509 1368 τὸν
1529 1332 1783 1368 ἐπιστατοῦντα
1800 1331 2004 1383 ποριστικόν
2020 1347 2098 1370 τινα
2117 1332 2194 1383 μετ’
2216 1331 2398 1377 εὗλαὸείας

343 1390 443 1443 que?
462 1391 562 1430 Hanc
583 1389 678 1427 enim
706 1401 899 1440 expensam
920 1386 981 1425 illa
1005 1400 1074 1426 non
1100 1386 1276 1425 minorem
1289 1415 1300 1434 ,
1325 1394 1350 1422 Α
1372 1390 1432 1429 χαὶ
1455 1391 1667 1443 φρονήσεως,
1685 1393 1733 1434 ὡς
1749 1392 2028 1444 παρασκευάζειν
2045 1392 2106 1431 καὶ
2125 1393 2319 1446 φιλοτίμοις
2335 1393 2397 1433 καὶ

343 1452 414 1490 imo
430 1465 523 1504 saepe
543 1451 714 1502 majorem
733 1463 808 1488 esse
827 1462 966 1487 neccsse
985 1457 1052 1486 est.
1072 1448 1302 1486 Praesectum-

340 1527 408 1564 que
420 1512 536 1565 ipsum
550 1512 583 1550 in
597 1510 786 1563 largitione
798 1509 899 1548 decet
914 1508 1152 1548 reverentiam
1165 1518 1199 1547 et
1214 1522 1301 1561 pru-

340 1574 498 1612 dentiam
513 1572 704 1620 adhibere3
719 1585 791 1623 quo
806 1571 863 1620 iis,
874 1570 935 1622 qui
953 1585 990 1609 re
1004 1569 1172 1608 familiari
1188 1569 1302 1608 abun·

339 1634 438 1683 dant,
460 1633 624 1682 suadeat,
645 1642 683 1670 ut
704 1631 866 1670 certatim
883 1640 918 1670 et
938 1630 1106 1669 hilariter
1124 1644 1186 1669 sua
1207 1629 1298 1669 dona

341 1703 499 1746 erogent,
515 1708 556 1732 ne
570 1693 658 1732 dum
671 1692 896 1731 infirmorum
910 1690 1102 1730 commodo
1116 1691 1300 1744 prospicit,

341 1756 578 1794 beneficorum
599 1754 737 1791 animos
752 1761 954 1805 exasperet.
977 1751 1044 1789 Hic
1064 1765 1170 1804 porro
1188 1752 1300 1803 majo-

342 1830 414 1854 rem
427 1815 648 1854 alacritatem
660 1823 691 1852 et
703 1812 927 1864 diligentiam
938 1812 1109 1851 exhihere
1117 1812 1298 1851 convenit:

341 1886 423 1915 sunt
442 1877 536 1914 enim
559 1875 642 1926 aegri
663 1873 794 1912 morosi
815 1883 850 1912 ct
869 1887 994 1924 segnes
1019 1888 1026 1909 :
1049 1887 1089 1911 ac
1106 1872 1174 1911 nisi
1194 1886 1299 1910 sum-

343 1952 437 1977 mam
459 1937 616 1988 undique
642 1935 865 1987 diligentiam
888 1948 1085 1985 curamque
1109 1934 1299 1981 adhibeas,

343 2000 399 2038 vel
435 1998 575 2037 tantilla
599 1996 744 2048 quidem
779 1995 994 2048 negligentia
1030 2004 1144 2048 potest
1173 2009 1299 2047 magna

344 2060 527 2113 :egrotanti
546 2058 639 2097 mala
656 2058 859 2110 importare.
1126 2101 1129 2103 -

397 2121 504 2171 Quod
523 2120 569 2159 ad
584 2120 764 2171 virginum
785 2133 906 2157 curam
918 2119 1058 2168 attinet,
1074 2126 1172 2156 tanto
1187 2120 1301 2171 major

345 2182 442 2221 adest
470 2192 604 2229 metus,
630 2190 762 2232 quanto
785 2179 991 2232 depositum
1020 2178 1236 2231 pretiosius,
1267 2188 1301 2218 et

347 2254 479 2296 quanto
508 2257 589 2293 rege
617 2242 763 2293 dignior
786 2241 845 2279 hic
872 2253 961 2292 grex
982 2249 1055 2287 est,
1084 2253 1193 2291 quam
1220 2240 1297 2281 alii.

345 2308 469 2358 Nuper
487 2305 581 2343 enim
605 2303 798 2341 innumera:
818 2301 853 2339 in
875 2311 1077 2340 sanctarum
1095 2301 1301 2354 hujusmodi

345 2367 495 2405 chorum
517 2365 703 2416 ingressa),
723 2362 890 2413 vitiisque
913 2361 1038 2400 multis
1063 2363 1216 2407 resertae,
1237 2362 1303 2400 de-

344 2427 523 2466 bacchata:
552 2436 643 2464 sunt.
674 2424 740 2463 llic
766 2438 852 2462 vero
877 2423 994 2461 luctus
1014 2422 1129 2476 major
1146 2421 1213 2461 suit
1234 2439 1242 2459 :
1261 2437 1302 2461 ac

346 2486 647 2539 quemadmodum
669 2499 738 2523 non
759 2483 908 2537 perinde
922 2493 974 2522 est
996 2483 1159 2537 puellane
1177 2484 1302 2532 libera,

346 2565 388 2587 an
419 2551 494 2602 ejus
520 2547 649 2586 ancilla
679 2554 799 2599 peccet
822 2561 829 2582 z
854 2545 900 2582 ita
927 2558 996 2583 non
1020 2544 1176 2597 idipsum
1201 2554 1254 2583 est
1271 2545 1301 2582 si

349 2610 450 2660 virgo
470 2623 513 2647 an
536 2608 660 2646 vidua.
682 2606 746 2645 His
769 2605 864 2645 enim
885 2614 919 2643 et
941 2605 1090 2657 nugari,
1108 2614 1142 2643 et
1169 2605 1304 2644 mutuis

350 2671 519 2710 conviciis
533 2670 686 2720 litigare,
697 2678 729 2706 et
746 2667 884 2705 adulari
901 2675 935 2705 et
950 2666 1176 2719 impudenter
1187 2680 1302 2717 agere,

350 2741 383 2769 et
402 2745 574 2782 nusquam
593 2744 661 2768 non
679 2743 849 2782 apparere
864 2736 897 2765 et
918 2727 953 2766 in
971 2728 1046 2766 soro
1062 2742 1155 2780 saepe
1168 2727 1300 2766 ambu-

351 2793 442 2838 lare,
466 2792 500 2830 in
529 2806 593 2829 usu
617 2789 789 2841 frequenti
817 2797 884 2829 est.
908 2788 1022 2839 Virgo
1046 2798 1163 2827 autem
1188 2790 1303 2842 majus

350 2863 522 2891 certarnen
536 2852 640 2898 adiit,
655 2861 691 2889 et
704 2864 906 2903 supremam
923 2850 1187 2903 philosophiam
1199 2859 1304 2890 secta-

352 2924 409 2952 tur
423 2945 433 2961 ,
453 2915 709 2967 profiteturque
740 2926 775 2951 se
802 2912 1001 2963 angelicam
1024 2911 1132 2950 vitam
1153 2912 1188 2950 in
1210 2921 1302 2953 terra

351 2974 500 3018 ducere,
531 2989 571 3011 ac
600 2988 682 3011 cuin
704 2973 771 3011 hac
790 2987 895 3010 carne
913 2987 992 3023 quse
1013 2972 1303 3024 incorporearum

354 3045 433 3072 sunt
463 3043 676 3086 potestatum
706 3032 772 3071 sihi
794 3032 994 3085 praestanda
1019 3034 1197 3086 proponit.
1231 3035 1304 3072 Nec

355 3095 432 3132 lieet
446 3097 475 3133 ci
493 3096 691 3144 frequenter
703 3104 736 3133 ct
752 3095 923 3133 inutiliter
937 3095 1031 3134 foras
1046 3094 1225 3146 progredi,
1239 3109 1303 3134 nec

355 3155 459 3192 verba
479 3156 594 3193 sutilia
615 3168 774 3205 vanaque
789 3155 946 3207 proferre
967 3172 974 3193 :
996 3156 1150 3195 convicii
1165 3165 1199 3194 ct
1212 3155 1300 3195 adu-

356 3215 496 3253 lationis
521 3230 562 3252 ne
585 3230 709 3253 nomen
733 3215 879 3265 quidem
900 3217 993 3254 norit
1020 3225 1170 3269 oportet.
1201 3220 1302 3266 Qua-

355 3285 497 3327 propter
521 3274 720 3311 lirinissiina
743 3275 904 3313 custodia
932 3285 965 3314 et
985 3278 1110 3328 majori
1133 3277 1300 3329 praesidio

395 3405 407 3420 ⁰
436 3393 496 3427 Alii
512 3402 563 3431 τῇ,
579 3400 742 3435 ειίονομὶτν

1372 1451 1513 1497 ἀλύπως
1544 1452 1677 1491 διδόναι
1708 1451 1786 1496 τοὺς
1815 1453 2050 1504 κεκτημένους
2069 1453 2113 1493 τὰ
2141 1454 2227 1508 παρ’
2243 1456 2394 1502 ἑαυτῶν,

1371 1513 1427 1551 ἵνα
1459 1513 1508 1564 μὴ
1541 1515 1604 1560 τῆς
1626 1516 1696 1552 τῶν
1721 1514 1955 1553 ἀσθενούντων
1984 1515 2218 1560 ἀναπαύσεως
2235 1517 2394 1569 προνοῶν

1370 1574 1433 1619 τὰς
1452 1577 1521 1613 τῶν
1543 1575 1769 1628 παρεχόντων
1787 1576 1925 1628 πλήττῃ
1945 1577 2071 1629 ψυχάς.
2093 1577 2171 1624 Τὴν
2191 1576 2227 1617 δὲ
2243 1581 2397 1631 ιπροθυ-

1372 1635 1455 1685 μίαν
1472 1636 1532 1674 καὶ
1547 1635 1612 1683 τὴν
1627 1636 1780 1684 σπουδὴν
1795 1638 1916 1690 πολλῷ
1929 1638 2073 1677 πλείονα
2089 1640 2236 1677 ἐνταῦθα
2251 1637 2398 1677 ἓπειδεί·

1371 1701 1514 1736 κνυσθαι
1534 1698 1585 1735 δεῖ
1597 1711 1604 1718 ·
1626 1698 1837 1751 δυσάρεστον
1851 1698 1920 1750 γάρ
1937 1714 2013 1743 πως
2027 1703 2059 1738 οἱ
2074 1703 2254 1745 νοσοῦντες
2268 1703 2395 1752 χρῆμα

1372 1760 1430 1798 καὶ
1452 1760 1621 1812 ῥάθυμον·
1645 1759 1710 1798 κᾶν
1741 1759 1790 1809 μὴ
1810 1760 1923 1808 πολλὴ
1950 1761 2171 1814 πανταχόθεν
2191 1761 2394 1815 εἰσφέρηται

1370 1820 1534 1874 ἀκρίὸεια
1554 1821 1614 1859 καὶ
1633 1821 1791 1873 φροντὶς,
1806 1823 1907 1874 ἀρκεῖ
1923 1822 1983 1860 καὶ
1999 1822 2039 1861 τὸ
2053 1822 2175 1875 μικρὸν
2194 1823 2307 1862 ἐκεῖνο
2320 1838 2393 1861 πα·

1373 1881 1492 1934 ροφθὲν
1512 1882 1649 1933 μεγάλα
1669 1881 1883 1934 ἐργάσασθαι
1897 1884 1947 1935 τῷ
1959 1887 2114 1922 νοσοῦντι
2129 1883 2234 1922 κακά.

1420 2115 1505 2155 Ἐπὶ
1549 2115 1585 2154 δὲ
1616 2118 1678 2162 τῆς
1706 2117 1776 2154 τῶν
1802 2115 1983 2167 παρθένων
2012 2115 2215 2166 ἐπιμελείας
2241 2114 2395 2168 τοσούτῳ

1372 2177 1499 2226 μείζων
1518 2180 1536 2215 ὁ
1552 2176 1675 2230 φόὸος,
1695 2177 1766 2229 ὅσῳ
1787 2177 1847 2215 καὶ
1872 2177 1912 2215 τὸ
1940 2179 2060 2226 κτῆμα
2084 2176 2314 2230 τιμιώτερον,
2336 2176 2397 2215 καὶ

1374 2239 1634 2291 βασιλικωτέρα
1663 2238 1751 2285 αὕτη
1784 2241 1853 2277 τῶν
1881 2238 1997 2276 ἄλλων
2020 2241 2042 2286 ἡ
2066 2238 2189 2289 ἀγέλη.
2209 2237 2307 2286 Ἤδη
2328 2237 2397 2291 γὰρ

1372 2301 1433 2339 καὶ
1449 2302 1497 2345 εἷς
1525 2300 1583 2338 τὸν
1604 2303 1672 2339 τῶν
1701 2299 1808 2352 ἁγίων
1827 2299 1960 2339 τούτων
1979 2300 2082 2353 χορὸν
2116 2299 2239 2353 μυρίαι
2260 2298 2395 2351 μυρίων

1373 2361 1543 2413 γέμουσαι
1575 2364 1692 2400 κακῶν
1727 2361 1991 2412 εἰσεκώμασαν·
2030 2363 2146 2413 μεῖζον
2179 2361 2216 2401 δὲ
2249 2362 2398 2401 ἐνταῦθα

1374 2422 1413 2460 τὸ
1431 2423 1566 2465 πένθος.
1583 2422 1651 2461 Καὶ
1666 2422 1826 2474 καθάπερ
1845 2425 1906 2461 οὐκ
1927 2422 2014 2470 ἴσον,
2031 2422 2139 2475 κόρην
2157 2437 2196 2462 τε
2214 2421 2398 2475 ἐλευθέραν

1375 2484 1434 2522 καὶ
1463 2483 1526 2531 τὴν
1555 2483 1684 2530 ταύτης
1713 2482 1927 2535 θεράπαιναν
1957 2483 2150 2535 ἁμαρτεῖν,
2174 2482 2285 2528 οὕτως
2318 2483 2397 2523 οὗδᾶ

1374 2545 1544 2597 παρθένον
1564 2545 1623 2583 καὶ
1649 2544 1776 2597 χήραν.
1805 2546 1895 2586 Ταῖς
1915 2544 1977 2594 μὲν
1997 2544 2066 2597 γὰρ
2086 2543 2147 2583 καὶ
2173 2545 2316 2597 ληρεῖν,
2336 2544 2397 2583 καὶ

1374 2607 1607 2657 λοιδορεῖσθαι
1650 2605 1735 2658 πρὸς
1779 2606 1956 2653 ἀλλήλας,
1988 2606 2048 2643 καὶ
2081 2605 2306 2651 κολακεύειν,
2335 2606 2396 2644 καὶ

1374 2669 1637 2718 ἀναισχυντεῖν,
1658 2667 1717 2705 καὶ
1742 2671 1923 2718 πανταχοῦ
1957 2665 2158 2718 φαίνεσθαι,
2182 2666 2242 2704 καὶ
2267 2665 2308 2704 τὸ
2326 2681 2395 2705 πε-

1377 2728 1502 2779 ριιέναι
1533 2728 1597 2774 τὴν
1625 2727 1780 2778 ἀγορὰν,
1808 2728 1948 2778 γέγονεν
1976 2727 2179 2779 ἀδιάφορον·
2204 2731 2226 2775 ἡ
2245 2726 2282 2767 δὲ
2301 2743 2396 2781 παρ-

1376 2789 1470 2833 θένος
1502 2789 1559 2827 ἐπὶ
1593 2787 1745 2838 μείζοσιν
1781 2788 1981 2827 ἀπεδύσατο
1994 2818 2002 2832 ,
2031 2788 2091 2826 καὶ
2126 2788 2188 2834 τὴν
2225 2788 2397 2828 ἀνωτάτω

1376 2849 1581 2903 φιλοσοφίαν
1601 2849 1755 2896 ἐζήλωσε
1767 2880 1777 2897 ,
1797 2849 1857 2887 καὶ
1877 2848 1940 2895 τὴν
1960 2852 2030 2887 τῶν
2048 2851 2204 2902 ἀγγέλων
2219 2849 2398 2889 πολιτείαν

1376 2911 1483 2956 δεῖξαι
1500 2911 1560 2950 ἐπὶ
1577 2913 1640 2956 τῆς
1652 2913 1716 2961 γῆς
1735 2911 2002 2962 ἐπαγγέλλεται,
2018 2912 2076 2950 καὶ
2092 2912 2181 2960 μετὰ
2194 2914 2257 2959 τῆς
2273 2913 2400 2965 σαρκὸς

1376 2972 1505 3019 ταύτης
1523 2971 1568 3011 τὰ
1580 2973 1650 3010 τῶν
1664 2973 1864 3022 ἀσωμάτων
1881 2975 1968 3024 αὐτῇ
1985 2973 2164 3024 δυνάμεων
2177 2977 2400 3026 κατορθῶσαι

1377 3035 1573 3086 πρόκειται.
1595 3034 1664 3072 Καὶ
1689 3034 1727 3072 οὐ
1746 3035 1797 3072 δεῖ
1817 3033 1893 3072 οὔτε
1910 3034 2076 3086 προόδους
2095 3034 2263 3087 περιττὰς
2281 3040 2397 3074 ποιεῖ-

1345 3117 1350 3125 ·
1376 3100 1456 3135 σθαι
1477 3095 1536 3134 καὶ
1551 3095 1685 3139 πολλὰς
1697 3125 1707 3141 ,
1723 3095 1802 3134 οὔτε
1819 3095 1961 3146 ῥήματα
1976 3098 2062 3147 αὐτῇ
2088 3096 2298 3148 φθέγγεσθαι
2317 3097 2396 3147 εἰκῇ

1376 3156 1436 3195 καὶ
1458 3155 1571 3207 μάτην
1602 3158 1754 3209 ἐφεῖται·
1775 3155 1947 3207 λοιδορίας
1973 3156 2008 3195 δὶ
2027 3157 2087 3194 καὶ
2111 3157 2297 3200 κολακείας
2317 3157 2396 3196 οὐδὲ

1375 3217 1527 3266 τοῦνομα
1557 3217 1683 3256 εἰδέναι
1714 3216 1798 3269 χρή.
1827 3217 1895 3255 Διὰ
1921 3219 2023 3255 τοῦτο
2042 3218 2309 3269 ἀσφαλεστάτης
2329 3233 2396 3270 φυ-

1375 3280 1486 3324 λακῆς
1506 3278 1564 3316 καὶ
1585 3278 1740 3321 πλείονος
1768 3278 1877 3316 δεῖται
1894 3280 1956 3324 τῆς
1985 3278 2204 3330 συμμαχίας.
2222 3278 2311 3318 ’Ότι
2326 3278 2395 3330 γὰρ

1429 3410 1441 3423 ·
1471 3399 1531 3432 Alli
1548 3405 1776 3444 μαιῇοθαμὶαν,
1794 3407 1824 3432 t'l
1844 3410 1919 3432 mox
1939 3401 2012 3434 nol-'a
2027 3403 2159 3435 κὶιίοαο
