2513 3871
277 1438 323 1463 103:

345 262 436 308 (302
782 276 822 306 8.
852 275 1039 307 imatus
1073 275 1316 307 cttttvsos'r.
1359 278 1566 310 ΔΒΕΙΙΙΕΡ.
1603 278 1959 309 (ΖΟΝΕΤΛΝΤΙΝΟΡ.

345 361 393 398 ita
406 359 502 398 enim
517 369 549 397 et
565 358 710 410 perenni
726 358 887 396 fruemur
900 357 1115 405 valetudine,
1129 366 1162 397 et
1177 359 1294 396 sutura
1370 359 1509 404 στάσεις
1525 361 1744 414 ἀνθρωπίνας
1765 360 1858 399 λύειν
1883 354 1975 398 οἶδεν
2001 361 2106 412 εὐχῆς
2123 361 2280 412 δύναμις,
2305 364 2388 403 ὅπου

344 432 599 471 consequemur
609 418 720 456 bona:
736 432 817 469 qnae
836 431 900 457 nos
914 432 1036 457 omna
1048 418 1199 472 adipisci
1215 432 1296 458 con--
1370 436 1409 472 γε
1433 421 1493 459 καὶ
1524 422 1791 474 ἁμαρτημάτων
1818 421 1921 473 φύσιν
1949 421 2109 460 σὸέννυσι
2139 423 2200 460 καὶ
2236 423 2391 475 ἀφανίζει

344 481 470 531 tingat,
489 479 602 529 gratia
619 487 654 517 et
672 478 892 518 humanitate
912 479 1057 519 Domini
1083 479 1193 518 nostri
1212 480 1294 519 Jcsu
1373 483 1500 536 ῥαδίως
1513 499 1523 529 ;
1535 482 1602 521 Ἵν·
1617 477 1675 522 οὗν
1693 483 1755 521 καὶ
1769 483 1846 533 μετ’
1860 481 2019 526 εὐκολίας
2035 483 2092 522 τὸν
2106 484 2264 534 παρόντα
2278 485 2390 523 διανύ-

345 539 495 586 Christi,
517 553 599 578 cum
619 553 690 591 qno
712 540 807 578 Patri
832 540 947 592 gloria
970 540 1152 592 simulque
1174 549 1296 579 sancto
1371 559 1488 595 σωμεν
1509 544 1599 596 βίον,
1615 544 1675 583 καὶ
1702 544 1767 583 ὅσα
1786 545 2097 596 προσετριψιίμεῠα
2128 545 2389 598 ἁμαρτήματα,

344 599 510 652 Spiritui,
523 609 657 640 nuncet
668 614 820 654 semper,
830 610 864 640 ct
877 601 912 640 in
927 601 1056 641 saecula
1069 601 1293 641 saeculorum.
1369 609 1483 643 ταῦτα
1510 605 1741 656 ἀποθώμεθα,
1756 605 1817 644 καὶ
1837 604 1928 656 μετὰ
1954 606 2153 657 παῤῥησίας
2169 609 2308 656 στῶμεν
2335 608 2392 646 ἐπὶ

345 665 467 700 Amen.
1370 669 1430 704 τοῦ
1445 666 1603 718 βήματος
1622 669 1682 704 τοῦ
1697 667 1850 720 Χριστοῦ
1860 696 1870 714 ,
1884 668 1986 704 τοῦτο
1996 666 2165 713 διηνεκῶς
2181 670 2394 708 κατασκευά·

1370 730 1484 779 ζωμεν
1508 729 1642 771 ἑαυτοῖς
1660 727 1700 765 τὸ
1723 727 1921 779 φάρμακον,
1942 726 2013 764 dub
2033 726 2192 778 δακρύων
2211 727 2272 766 καὶ
2287 743 2391 767 σπου-

1372 790 1433 836 δῆς
1488 790 1547 827 καὶ
1594 788 1803 842 προσεδρίας
1851 787 1911 826 καὶ
1956 789 2142 841 καρτερίας
2184 790 2394 831 συντιθέντες

1374 851 1476 889 αὗτό·
1509 850 1600 890 οὕτω
1629 849 1697 902 γὰρ
1726 850 1785 887 καὶ
1813 850 1991 895 διηνεκοῦς
2025 849 2296 900 ἄπολαυσόμεθα
2333 853 2394 895 τ’ἦς

1370 912 1524 963 ὑγιείας,
1554 913 1613 950 καὶ
1638 914 1708 950 τῶν
1733 911 1931 961 μελλόντων
1963 909 2212 960 ἐπιτευξόμεῡα
2231 913 2391 962 ἀγαθῶν·

1372 968 1420 1011 ὧν
1461 974 1596 1026 γένοιτο
1632 973 1768 1015 πάντας
1808 976 1902 1023 ἡμᾶς
1936 973 2137 1023 ἐπιτυχεῖν,
2178 973 2296 1025 χάριτι
2336 975 2393 1011 καὶ

1374 1034 1616 1089 φιλανθρωπία
1635 1037 1694 1072 τοῦ
1711 1033 1840 1085 Κυρίου
1856 1035 1957 1082 ἡμῶν
1978 1032 2095 1078 Ἰησοῦ
2118 1034 2268 1083 Χριστοῦ
2285 1066 2294 1080 ,
2316 1037 2390 1081 μεθ’

1373 1093 1411 1136 οὗ
1434 1099 1484 1148 τῷ
1501 1095 1617 1147 Πατρὶ
1634 1095 1727 1140 δόξα,
1745 1095 1819 1144 ἅμα
1839 1096 1888 1145 τῷ
1915 1094 2005 1144 ἁγίῳ
2031 1094 2225 1143 Πνεύματι,
2251 1099 2307 1133 νῦν
2335 1111 2390 1131 κα·

1372 1158 1438 1208 ἀεὶ,
1462 1157 1522 1194 καὶ
1542 1159 1589 1199 εἷς
1617 1155 1695 1198 τοὺς
1715 1159 1841 1198 αἰῶνας
1858 1156 1926 1192 τῶν
1946 1155 2092 1194 αἰώνων.
2115 1154 2233 1205 Ἀμήν.

778 1427 844 1474 ΙΝ
902 1426 1083 1474 TRES
1136 1423 1561 1487 SEQUENTES
1613 1421 1962 1472 HOMlLlAS

1099 1579 1678 1664 MONITUM.

395 1770 462 1808 llic
482 1769 720 1809 vetustiorum
735 1767 900 1806 ordinem
916 1765 1245 1818 manuscriptorum
1260 1765 1457 1816 sequimur,
1473 1778 1579 1816 quem
1595 1774 1767 1816 sequutus
1783 1765 1866 1803 item
1886 1774 1938 1803 est
1954 1779 1988 1804 v.
2006 1765 2051 1804 cl.
2075 1767 2207 1804 Fronto
2225 1766 2387 1804 Duc-rus.

339 1834 418 1871 Non
433 1830 537 1885 pauci
553 1830 689 1883 quippe
703 1829 855 1875 codices,
869 1836 948 1881 post
961 1827 1119 1878 quinque
1135 1836 1255 1865 contra
1276 1830 1464 1864 Anommos
1479 1826 1669 1875 Romilias,
1684 1835 1819 1864 sextam
1833 1826 2036 1878 adjungunt
2048 1826 2139 1866 des.
2164 1827 2387 1878 Phitogonio.

340 1893 526 1946 septimam
548 1891 594 1930 dc
615 1889 934 1937 consubstantiali,
953 1897 1117 1927 octavam
1136 1887 1181 1926 de
1197 1887 1370 1926 Petitione
1392 1887 1549 1926 liliorum
1570 1887 1734 1926 Zebedaei
1749 1903 1757 1924 :
1774 1901 1927 1939 quarum
1943 1888 2024 1926 dnm
2038 1887 2184 1939 quidem
2203 1897 2388 1941 postrema·

340 1968 407 1993 nou
428 1948 585 2006 tem‘pore
601 1961 738 1990 tantum
755 1981 767 1998 ,
794 1949 856 1989 sed
875 1950 980 1988 etiam
1000 1958 1208 2001 argumento
1229 1964 1309 1987 cum
1333 1948 1491 2000 quinque
1516 1949 1697 2002 prioribus
1715 1949 1951 1996 conventuum
1968 1959 2066 1987 sexta
2087 1963 2171 1987 vero
2186 1979 2195 1994 ‚
2220 1949 2283 1988 etsi
2310 1959 2387 2001 post

339 2014 514 2066 quintam,
531 2013 627 2051 nulla
643 2012 848 2066 interposita
866 2012 947 2058 alia,
965 2011 1088 2049 habita
1107 2011 1227 2059 suerit,
1243 2019 1454 2061 argumento
1470 2010 1652 2063 peregrina
1670 2024 1815 2063 prorsus
1833 2010 2032 2055 videretur,
2054 2010 2119 2048 nisi
2138 2010 2240 2048 initio
2254 2010 2388 2049 diceret

340 2075 632 2128 Chrysostomus,
653 2088 687 2111 se
716 2088 736 2111 a
768 2074 869 2111 solita
897 2072 1145 2124 destinataque
1162 2081 1283 2110 contra
1308 2073 1494 2110 Anomoeos
1514 2072 1773 2110 concertatione
1798 2072 1836 2109 S.
1859 2071 2063 2124 Philogonii
2092 2072 2152 2110 dic
2171 2073 2260 2110 sesto
2281 2072 2388 2110 inter-

340 2137 477 2191 pellari.
496 2136 583 2176 Ideo
602 2151 679 2174 mos
699 2135 855 2174 obtinuit
873 2144 911 2173 ut
929 2135 964 2173 in
985 2135 1133 2174 vetustis
1152 2133 1337 2173 codicibus
1355 2133 1520 2172 eumdem
1541 2133 1702 2172 ordinem
1721 2143 1867 2182 teneret,
1883 2147 1988 2185 quem
2008 2134 2258 2178 interturbare,
2277 2135 2384 2173 Fron

341 2199 433 2239 tonis
451 2198 571 2237 Ducaei
593 2198 795 2249 exemplum
817 2197 972 2248 sequuti,
990 2197 1185 2235 notuimus.

394 2261 477 2298 llatc
498 2273 604 2313 porro
623 2258 657 2296 in
677 2259 713 2297 S.
737 2258 991 2309 philogonium
1010 2258 1157 2296 homilia
1185 2257 1305 2295 habita
1330 2265 1382 2296 cst
1406 2270 1499 2295 anno
1518 2257 1614 2307 5813,
1635 2256 1809 2307 vigesima
1828 2256 2042 2301 decembris,
2072 2255 2230 2307 quinque
2259 2255 2387 2295 diebus

341 2331 419 2359 ante
438 2320 601 2360 Natalem
620 2319 770 2367 Christi,
798 2328 836 2358 ut
854 2318 987 2357 dicitur
1005 2333 1102 2357 num.
1123 2319 1159 2356 k.
1187 2319 1278 2357 Nam
1301 2318 1362 2356 illo
1381 2327 1539 2370 tempore
1558 2319 1633 2370 jam
1658 2318 1797 2356 Natalis
1814 2318 1953 2356 Clu-isti
1977 2317 2066 2365 dies,
2085 2317 2384 2368 quemadmodum

342 2381 516 2434 hodieque
539 2383 572 2419 in
593 2379 802 2427 Occidente,
822 2382 870 2420 525
891 2380 1091 2419 decembris
1110 2379 1304 2418 Antiochiae
1323 2379 1583 2426 celebrabatur,
1607 2379 1715 2430 idque
1731 2393 1750 2417 a
1772 2379 1895 2432 paucis
1913 2378 2031 2424 annis,
2055 2387 2092 2417 nt
2121 2378 2155 2416 in
2176 2378 2317 2417 monito
2340 2379 2384 2417 ad

341 2444 534 2482 llomiliam
555 2443 590 2481 in
619 2442 786 2482 eumdem
812 2442 975 2480 Natalem
995 2442 1247 2480 enarrabitur:
1267 2456 1345 2493 qna:
1364 2439 1511 2492 quidem
1532 2439 1680 2478 homilia
1708 2439 1801 2478 inter
1829 2439 2065 2493 panegyricos
2090 2453 2270 2478 sermones
2295 2440 2383 2478 infra

340 2507 488 2547 locatur.
510 2505 632 2544 Sancti
654 2518 742 2543 vero
763 2502 966 2555 Philogonii
986 2503 1242 2555 panegyricum
1259 2516 1328 2540 non
1347 2502 1504 2541 absolvit
1522 2502 1821 2555 Chrysostomns;
1839 2501 1901 2540 sed
1926 2501 2080 2540 maxima
2099 2500 2265 2553 praeconii
2284 2510 2384 2552 parte

339 2567 510 2604 Flaviano
538 2565 716 2618 episcopo,
738 2563 861 2602 eadem
876 2563 936 2602 die
953 2563 1217 2611 concionaturo,
1234 2563 1369 2611 relicta,
1387 2563 1422 2602 in
1441 2563 1613 2601 orationis
1628 2562 1746 2601 medio
1762 2576 1907 2601 cursum
1933 2561 2126 2613 intercipit,
2152 2569 2189 2599 ut
2209 2560 2382 2613 populum

337 2626 382 2664 ad
403 2626 565 2666 Natalem
587 2625 720 2664 Christi
742 2626 807 2663 rite
830 2624 1082 2664 celebrandum
1102 2624 1278 2673 hortetur,
1294 2639 1334 2662 ac
1357 2633 1545 2677 postquam
1569 2624 1814 2677 peccatoribus
1832 2623 2044 2676 poenitentiae
2064 2621 2383 2675 resipiscentiatque

340 2687 483 2726 modum
505 2687 736 2741 praescripsit,
754 2687 950 2725 orationem
969 2685 1115 2724 claudit.
1139 2685 1253 2738 llujus
1270 2699 1376 2739 porro
1394 2685 1612 2735 Philogonii,
1631 2685 1691 2736 qni
1713 2699 1756 2722 ex
1778 2684 1961 2723 causidico
1985 2684 2174 2736 episcopus
2192 2683 2382 2722 Antioche-

339 2765 404 2789 nns
431 2750 495 2788 suit
521 2750 613 2788 eirea
639 2762 772 2787 annum
793 2749 928 2788 Christi
949 2749 1041 2792 5Q0.
1067 2747 1102 2785 in
1122 2757 1248 2786 exortu
1281 2746 1489 2793 Arianismi,
1512 2746 1725 2783 mentionem
1751 2746 1835 2783 facit
1857 2744 2073 2783 Athanasius
2099 2745 2133 2782 in
2158 2744 2315 2796 Epistola
2335 2746 2379 2783 ad

342 2811 535 2864 Episcopus
559 2810 704 2863 lF-gypti
731 2819 762 2848 ct
784 2810 924 2862 Lihym,
942 2823 979 2862 p.
1001 2808 1096 2857 978,
1120 2808 1182 2846 ubi
1203 2808 1308 2846 illum
1328 2807 1420 2845 inter
1441 2806 1660 2845 orthodoxos
1681 2805 1848 2857 virosque
1863 2805 2081 2858 apostolicos
2099 2814 2296 2850 enumerat,
2318 2807 2379 2857 qui

340 2888 404 2925 pro
425 2873 498 2910 sule
523 2872 705 2911 Catholica
727 2872 955 2924 scripserunt.
982 2870 1064 2909 Fuit
1087 2870 1282 2922 vigesimus
1307 2869 1445 2921 primus
1464 2868 1705 2907 Antiochenus
1721 2868 1921 2920 episeopus.
1942 2868 2003 2918 qni
2022 2867 2239 2906 decessorem
2255 2867 2379 2906 habuit

341 2934 512 2981 vantem,
534 2947 767 2972 successorem
786 2942 904 2970 antem
927 2932 1130 2977 Paulinum,
1151 2945 1256 2982 quem
1276 2931 1416 2983 excepit
1433 2929 1655 2969 Eustathius.
1677 2931 1727 2967 De.
1746 2929 1808 2967 illu
1826 2929 1926 2982 plura
1947 2928 2029 2967 vide
2046 2929 2079 2967 in
2100 2929 2192 2967 uotis
2211 2929 2377 2981 posterio-

339 2996 451 3034 1ibns.
469 2995 607 3035 Erasmi
624 2994 952 3047 interpretationem
973 2993 1097 3031 multis
1112 2993 1146 3031 in
1167 2992 1255 3031 locis
1273 2991 1493 3030 emendatam
1511 3004 1530 3029 e
1549 2991 1692 3041 regione
1710 2990 1828 3029 Graeci
1849 3000 1967 3028 textus
1983 2990 2136 3029 edimus.

390 3058 600 3109 sequentem
617 3056 662 3095 de
679 3055 983 3094 Consubstantiali
1005 3054 1197 3093 Humiliam
1222 3063 1343 3092 contra
1375 3054 1563 3091 Anomoeos
1584 3051 1723 3097 habuit,
1751 3060 1787 3089 ut
1819 3051 1953 3089 indicat
1983 3052 2058 3103 ipsc
2080 3065 2177 3090 num.
2198 3052 2239 3100 9,
2261 3050 2382 3104 paucis

339 3118 463 3155 ‹lit-bus
484 3128 671 3170 postquam
687 3117 733 3155 de
753 3116 880 3155 codem
901 3125 1111 3167 argumento
1130 3115 1358 3153 concionatus
1378 3123 1468 3162 crat,
1490 3114 1634 3152 ineunte
1652 3112 1817 3151 videlicet
1836 3126 1927 3150 anuo
1945 3114 2038 3158 5⁸7,
2056 3122 2089 3150 et
2107 3121 2282 3164 quantum
2297 3126 2379 3151 con·

344 3187 467 3225 'estare
482 3179 562 3217 licet
576 3179 698 3230 quinta
715 3178 877 3218 Jauuarii
898 3177 968 3227 die,
982 3191 1050 3229 qua
1065 3177 1235 3215 circenses
1254 3175 1330 3215 ludi
1347 3174 1633 3214 celebrabantur.
1657 3173 1708 3213 Ea
1732 3188 1837 3226 porro
1853 3188 1945 3213 anno
1961 3175 2037 3212 587
2060 3173 2184 3212 incidit
2204 3173 2238 3212 iu
2263 3173 2366 3213 Domi

345 3253 456 3276 tuf-'lm
466 3269 471 3275 .

398 3299 463 3335 Die
482 3301 652 3349 sequenti,
675 3310 712 3337 ιιι
735 3302 930 3338 confutaret
953 3303 1150 3347 Anomoeus,
1166 3300 1226 3350 qni
1245 3313 1287 3338 ex
1307 3299 1474 3351 petitione
1494 3299 1652 3338 filiorum
1677 3297 1839 3337 Zebctlaei
1859 3307 1889 3335 et
1919 3312 1960 3336 ex
1984 3297 2207 3350 responsione
2221 3295 2377 3342 Christi,

341 3360 477 3396 seder-‹-
496 3367 625 3396 autc-m
649 3361 702 3396 acl
726 3361 924 3397 ‹Inte-ram
953 3361 1019 3398 vel
1038 3363 1233 3398 sinistram
1258 3373 1383 3399 meam
1406 3374 1482 3397 non
1510 3369 1566 3399 est
1587 3374 1712 3399 metam
1733 3359 1827 3397 darc
1855 3361 1981 3404 vobis,
2003 3357 2236 3411 oppugnandi
2256 3370 2376 3395 ansam

343 3419 573 3471 ..rripit-bant.
592 3433 666 3455 eain
688 3419 809 3456 habuit
833 3421 1028 3462 homiliam,
1049 3436 1125 3472 qua*
1141 3420 1340 3459 tneuwratis
1355 3419 1400 3457 «le
1418 3422 1532 3460 causis
1552 3430 1676 3460 octava
1697 3419 1914 3460 inscribunt.
1940 3421 2136 3471 suamque
2152 3433 2234 3458 vcro
2254 3417 2377 3456 latine

343 3479 423 3518 tecit
440 3480 568 3518 Fronto
587 3480 745 3527 lumem,
764 3488 798 3517 nt
819 3494 878 3518 nos
896 3481 1116 3532 paucissimis
1135 3483 1278 3523 mutatis
1293 3481 1443 3522 edimus.
