2513 3871
309 260 405 319 924

311 353 428 392 denuo
440 383 451 403 ,
473 352 519 390 ab
543 351 644 390 initio
663 350 939 391 reminiscentes,
961 350 1038 388 lmo
1058 362 1142 387 vero
1158 347 1267 386 etiam

312 413 442 453 divites
461 413 562 466 prius
583 413 619 450 in
634 419 750 450 mente
763 425 871 463 quam
886 411 922 449 in
941 410 1082 449 aedibus
1099 409 1191 448 hane
1204 407 1267 446 de-

312 475 470 523 scribite,
500 487 708 527 semperque
734 473 984 521 circumserte,
1009 480 1044 510 et
1069 471 1138 510 erit
1161 469 1266 508 vobis

750 270 788 299 S.
828 269 1014 298 JOANMS
1049 263 1293 297 CRRYSOST-
1334 262 1543 294 Attcutm’.
1580 252 1940 295 CONSTaahnot‘.

1342 346 1484 396 μνήμης
1519 345 1662 384 ἄνωθεν.
1698 347 1843 385 Μᾶλλον
1872 345 1913 384 δὲ
1951 345 2011 384 καὶ
2045 347 2076 384 οἱ
2109 347 2267 388 πλούσιοι
2300 348 2371 400 πρὸ

1341 408 1404 453 τῆς
1431 406 1543 451 οἰκίας
1571 408 1608 445 ἐν
1642 409 1685 458 τῇ
1717 406 1850 459 διανοίᾳ
1879 407 2117 459 διαγράψατε,
2137 409 2198 446 καὶ
2217 411 2370 462 συνεχῶς

1342 468 1564 521 περιφέρετε,
1594 469 1655 507 καὶ
1684 468 1783 507 ἔσται
1813 469 2054 507 διδασκαλεῖον
2084 471 2167 520 ὑμῖν
2197 469 2258 508 καὶ
2284 470 2370 509 ὑπό·

310 536 590 583 documentum,
618 534 838 586 materiaque
868 534 978 572 totius
1007 531 1260 586 pbilosophiae.
1278 558 1328 586 754
1342 533 1435 572 θεσις
1463 530 1668 582 φιλοσοφίας
1701 529 1854 576 ἁπάσης.
1871 529 1956 568 Ἐὰν
1992 529 2061 581 γὰρ
2092 530 2223 578 ταύτην
2250 531 2369 577 διηνι-

311 597 403 635 Nam
416 596 445 635 si
463 595 555 633 hanc
566 594 699 647 jugiter
712 594 920 647 inscriptam
933 593 1054 632 animo
1071 601 1265 645 teneamus,

310 671 423 708 neque
434 657 541 708 hujus
555 657 639 695 vitae
655 656 732 694 laeta
746 664 911 708 poterunt
927 668 988 693 nos
1003 653 1139 701 inflare,
1154 665 1266 703 neque

311 716 424 755 tristia
449 715 601 769 dejicere
629 724 946 768 prosternereque3
978 713 1040 752 sed
1067 726 1136 751 non
1162 712 1266 750 aliter

309 791 418 827 quam
437 776 617 814 afficimur
636 776 788 828 picturis
807 775 842 814 in
863 774 998 828 pariete
1017 773 1166 823 additis,
1182 786 1265 824 erga

310 837 385 876 baec
415 846 563 889 utraque
583 836 798 877 afficiemur.
827 835 1143 885 Quemadmodum
1171 834 1264 872 enim

309 899 566 952 conspicientes
580 898 614 936 in
635 897 771 950 pariete
789 897 924 950 pictum
943 896 1097 935 divitem
1116 908 1157 934 ac
1174 909 1266 947 pau·

312 974 444 1012 perem,
464 974 526 998 nec
544 959 595 997 illi
617 958 837 1006 inridemus,
857 972 920 996 nec
940 971 1131 1010 pauperem
1144 955 1265 1009 despi-

309 1021 439 1067 cimus,
469 1036 510 1059 co
537 1021 634 1072 quod
661 1035 739 1071 qua:
770 1019 953 1066 videmus,
987 1019 1111 1057 umbra
1146 1031 1266 1056 rerum

310 1082 394 1129 sint,
410 1096 479 1120 non
493 1082 622 1120 veritas
637 1097 645 1118 ε
659 1081 710 1120 sic
721 1090 754 1120 et
767 1080 980 1119 divitiarum
989 1090 1022 1119 et
1035 1081 1266 1132 paupertatis,

310 1142 434 1193 gloriae
447 1152 480 1181 et
496 1142 716 1194 ignominiae,
733 1142 955 1192 aliarumque
970 1154 1090 1178 rerum
1106 1140 1267 1178 omnium

309 1202 385 1240 sive
411 1203 567 1240 tristium
591 1202 667 1240 sive
688 1202 851 1239 liz-*tarum
871 1209 1036 1238 naturam
1062 1199 1092 1238 si
1120 1201 1266 1238 noveri-

310 1277 412 1312 mus,
436 1263 670 1301 liberabimur
690 1277 710 1300 a
731 1261 953 1309 turbatione,
973 1274 1053 1312 quae
1073 1274 1119 1298 ex
1139 1259 1268 1298 barum

310 1338 521 1375 unaquaque
538 1324 573 1362 in
591 1323 693 1362 nobis
709 1323 807 1375 gigni
823 1322 925 1362 solet.
944 1321 1026 1359 Haec
1039 1320 1133 1359 enim
1148 1320 1266 1359 omnia

310 1385 436 1435 quavis
457 1385 581 1423 umbra
603 1384 784 1423 sallaciora
804 1393 906 1432 sunt;
933 1381 1069 1420 homini
1090 1395 1176 1419 vero
1194 1381 1266 1419 alta

311 1455 426 1484 mente
442 1445 591 1498 pra-dito
604 1455 711 1497 atque
727 1459 896 1497 generoso
912 1444 1020 1482 nullae
1038 1457 1092 1482 res
1110 1443 1267 1481 illustres

308 1521 350 1545 ac
369 1507 563 1560 splendida:
583 1507 768 1557 attollere,
791 1506 899 1544 nullae
916 1504 1072 1543 humiles
1099 1504 1265 1557 abjecta?-

310 1583 378 1620 que
409 1569 617 1608 contrahere
646 1569 806 1607 animum
838 1575 998 1620 possunt.
1028 1568 1164 1606 Verum
1189 1567 1265 1619 jam

310 1639 450 1682 tempus
478 1630 580 1668 nobis
608 1639 676 1679 cst,
700 1639 740 1668 ut
763 1629 890 1668 divitis
918 1628 1026 1666 verba
1046 1627 1262 1665 audiamus:

313 1692 390 1729 Oro
410 1699 462 1740 te,
484 1691 614 1742 inquit,
630 1699 757 1743 pater,
771 1689 838 1728 boe
851 1698 915 1735 est,
931 1688 1078 1726 obsecro
1092 1700 1262 1745 rogoque,

310 1761 351 1789 ut
381 1755 514 1790 mittas
535 1753 728 1790 Lazarum
758 1753 799 1788 in
826 1751 982 1788 domum
1007 1751 1132 1801 patris
1162 1752 1266 1793 mei,-

311 1822 401 1851 sunt
427 1818 528 1851 enim
550 1815 647 1851 milii
669 1817 840 1865 quinque
861 1813 1007 1863 fratres
1023 1827 1039 1857 ;
1060 1818 1102 1847 ut
1123 1810 1264 1861 testifi-

309 1882 418 1911 σείω-
434 1874 527 1922 illis,
544 1889 592 1912 ne
606 1876 770 1911 venian!
785 1875 828 1910 in
841 1873 946 1910 hunc
961 1871 1088 1909 locum
1104 1879 1266 1908 tormen-

311 1943 452 1974 torum.
475 1936 665 1986 Postquam
686 1948 750 1986 pro
769 1948 806 1971 se
825 1947 891 1970 non
915 1932 1185 1984 impetraverat,
1201 1945 1264 1982 pro

308 1995 390 2033 aliis
404 1995 487 2033 facit
498 1995 810 2048 supplicationem.
821 1993 915 2033 Vide
930 2006 1036 2044 quam
1051 1991 1261 2037 humanum,

309 2071 418 2108 quam
451 2066 670 2095 mansuetum
701 2070 803 2108 poena
835 2053 1032 2093 reddiderit
1064 2068 1159 2092 eum.
1191 2054 1265 2100 Qui

312 2131 466 2168 namque
487 2119 660 2155 Lazarum
681 2125 886 2169 praesentem
907 2114 1150 2167 despiciebat,
1170 2114 1263 2152 alio-

313 2193 392 2217 rum
424 2179 625 2217 absentium
654 2192 748 2216 nunc
781 2191 903 2216 curam
937 2177 1042 2214 babet
1065 2192 1074 2213 z
1095 2175 1157 2228 qui
1185 2185 1266 2214 ante

311 2240 432 2279 oculos
448 2241 620 2292 jacentem
635 2239 854 2292 praeteribat,
872 2237 1032 2276 meminit
1043 2251 1164 2276 eorum
1176 2251 1266 2288 quos

313 2315 382 2339 non
403 2301 500 2339 videt
518 2331 529 2349 ,
553 2300 735 2351 multoque
753 2298 872 2338 studio
890 2299 1067 2351 postulat,
1089 2307 1126 2336 ut
1145 2298 1266 2349 aliquo

314 2362 421 2401 modo
452 2362 525 2401 illis
559 2362 800 2415 prospiciatur
835 2360 1007 2399 adversus
1043 2360 1264 2398 imminentia

312 2423 406 2461 mala
427 2439 435 2460 ε
455 2423 684 2474 obsecratque
706 2431 745 2460 ut
766 2423 920 2461 Lazarus
940 2421 974 2459 in
990 2420 1138 2459 domum
1155 2421 1265 2474 patris

312 2483 552 2528 mutatui-,ubi
563 2484 626 2536 ipsi
641 2484 755 2522 suerat
768 2496 871 2521 arena
883 2481 1111 2534 stadiumquc
1120 2482 1265 2521 virtutis

309 2555 483 2598 apertum.
509 2545 565 2584 llli
592 2544 735 2583 rideant
755 2544 856 2582 illum
881 2543 1058 2587 coronari,
1080 2543 1140 2595 qui
1163 2543 1266 2581 vide-

310 2616 392 2644 runt
405 2614 594 2644 certantem
609 2621 618 2643 ε
632 2605 694 2656 qni
709 2614 811 2643 testes
822 2605 965 2644 suerunt
977 2604 1028 2642 illi
1046 2604 1264 2657 paupertatis

309 2681 350 2705 ac
366 2667 481 2713 samis,
501 2667 723 2718 aliorumque
738 2666 914 2704 malorum
934 2665 1264 2714 innumerabilium,

312 2729 399 2766 liant
418 2737 520 2767 testes
539 2728 685 2766 honoris
698 2737 732 2766 et
754 2727 957 2778 ignominia:
976 2728 1011 2765 in
1027 2742 1167 2766 omnem
1187 2727 1264 2779 glo-

311 2790 398 2827 riam
413 2799 653 2828 commutatae:
667 2798 702 2827 ut
717 2789 894 2840 utrimque
907 2789 1068 2840 castigati
1079 2789 1260 2840 doctique,

313 2850 405 2900 quod
427 2866 480 2889 res
500 2861 626 2889 nostrae
648 2865 870 2901 nequaquam
887 2850 1070 2902 pra-sentis
1091 2850 1174 2889 vita:
1195 2860 1263 2889 ter·

315 2912 410 2949 mino
429 2912 782 2959 circumscribantur,
801 2910 942 2949 tandem
960 2921 1158 2963 pra-parent
1177 2926 1263 2959 sese,

315 2981 350 3008 ut
372 2972 461 3010 lianc
480 2987 616 3024 ptr-nam
640 2973 910 3023 cruciatumque
929 2973 1063 3025 possint
1089 2973 1260 3022 effugere.

313 3033 411 3077 Quid
427 3034 748 3083 igiturAbrabam?
760 3035 928 3078 liabent,
944 3034 1073 3084 inquit,
1086 3036 1262 3084 Moysem

314 3102 348 3130 et
362 3096 580 3143 prophetas,
597 3096 760 3133 audiant
776 3094 881 3132 illos.
902 3094 978 3132 Nun
994 3108 1094 3146 arque
1108 3104 1144 3133 tu
1161 3110 1265 3134 curas

316 3154 437 3191 fratres
454 3163 530 3192 tuus
545 3165 648 3206 atque
669 3157 764 3193 Deus
779 3155 840 3206 qui
863 3155 942 3193 illus
960 3155 1119 3194 condidit
1137 3173 1144 3193 :
1160 3159 1263 3195 innu-

319 3227 428 3250 meros
460 3215 530 3252 illis
560 3215 724 3253 adhibuit
762 3216 948 3266 magistros
962 3247 972 3262 ,
1005 3217 1261 3264 admonitores,

317 3274 546 3316 consultori-s,
574 3275 828 3314 adl-ornatores.
855 3277 951 3321 Quicl
984 3277 1092 3327 igitur
1123 3278 1183 3316 illc
1210 3293 1264 3317 rc·

318 3333 452 3384 spondit
472 3336 488 3370 ἶ)
514 3337 612 3380 Nun,
636 3337 763 3386 inquit,
777 3347 889 3387 patsr
907 3339 1128 3385 Abraham,
1145 3341 1213 3378 ,sc-«1
1231 3356 1260 3378 u

362 3477 371 3489 ¹
399 3465 456 3497 Alu
477 3471 541 3496 ms
564 3471 656 3506 ἧστ’,

679 3480 740 3504 τιι,
757 3474 908 3511 '7⁸¹5fl'1'71'2
928 3493 936 3504 .
956 3483 1027 3506 111,-

1291 596 1317 625 Α
1341 593 1410 632 κῶς
1424 589 1714 642 ἐγγεγραμμένην
1733 590 1870 643 ἔχωμεν
1886 592 1922 629 ἐν
1956 592 2000 642 τῇ
2022 590 2183 643 διανοίᾳ,
2217 590 2296 629 οὔτε
2324 590 2370 630 τὰ

1341 654 1520 703 περιχαρῆ
1558 655 1618 690 τοῦ
1649 650 1819 704 παρόντος
1853 649 1929 702 βίου
1954 654 2050 700 ἡμᾶς
2077 653 2235 703 φυσῆσαι
2263 651 2370 699 δυνή-

1340 727 1460 758 σεται,
1479 711 1559 750 οὔτε
1595 711 1640 751 τὰ
1672 711 1814 765 λυπηρὰ
1849 713 2067 750 ταπεινῶσαι
2093 712 2155 750 καὶ
2186 715 2368 752 καθελεῖν·

1339 776 1354 793 “
1375 773 1467 811 ἀλλὰ
1500 776 1548 817 ὡς
1578 774 1665 824 πρὸς
1691 773 1754 817 τὰς
1773 772 1971 826 ζωγραφίας
1986 772 2049 817 τὰς
2067 775 2104 812 ἐν
2130 779 2200 817 τοῖς
2216 773 2368 826 τοίχοις,

1340 835 1432 872 οὕτω
1458 835 1544 887 πρὸς
1571 834 1722 886 ἑκάτερα
1756 839 1867 873 ταῦτα
1903 834 2163 884 διακεισόμεθα.
2200 835 2371 888 Καθάπερ

1339 895 1408 948 γὰρ
1444 896 1480 933 ἐν
1508 901 1580 939 τοῖς
1608 895 1742 948 τοίχοις
1771 894 2014 947 γεγραμμένον
2035 896 2183 946 ὁρῶντες
2201 894 2369 935 πλούσιον

1339 958 1400 995 καὶ
1415 957 1565 1004 πένητα,
1582 956 1661 995 οὔτε
1677 956 1799 1009 ἐκείνῳ
1817 959 2024 1008 φθονοῦμεν,
2048 955 2127 995 οὔτε
2142 959 2202 995 τοῦ
2222 956 2372 1003 πένητος

1339 1021 1588 1070 ὑπερορῶμεν,
1627 1018 1685 1056 διὰ
1727 1018 1766 1056 τὸ
1795 1017 1900 1056 σκιὰν
1933 1018 2024 1057 ἀλλὰ
2059 1017 2108 1068 μὴ
2150 1017 2371 1069 πραγμάτων

1339 1080 1505 1126 ἀλήθειαν
1526 1072 1614 1118 εἶναι
1647 1080 1692 1117 τὰ
1723 1079 1884 1130 ὁρώμενα
1903 1092 1911 1100 ·
1928 1078 2018 1117 οὕτω
2048 1079 2108 1116 καὶ
2132 1078 2285 1118 πλούτου
2309 1078 2370 1116 καὶ

1338 1142 1486 1185 πενίας,
1519 1140 1580 1178 καὶ
1611 1139 1709 1186 δόξης
1751 1139 1811 1177 καὶ
1855 1139 2022 1189 ἀτιμίας,
2052 1139 2112 1177 καὶ
2154 1141 2223 1177 τῶν
2254 1139 2369 1177 ἄλλων

1339 1202 1502 1240 ἁπάντων
1533 1204 1602 1239 τῶν
1621 1217 1658 1239 τε
1689 1203 1906 1252 σκυθρωπῶν
1936 1202 1995 1239 καὶ
2014 1202 2169 1254 φαιδρῶν
2188 1201 2253 1248 τὴν
2269 1201 2369 1253 φύσιν

1340 1262 1380 1299 ἂν
1415 1263 1698 1312 καταμάθωμεν,
1733 1264 1795 1307 τῆς
1825 1262 1860 1306 ἐξ
1894 1263 2043 1301 ἑκάστου
2074 1262 2203 1301 τούτων
2237 1265 2368 1315 ἐγγινο-

1291 1328 1314 1358 Β
1340 1323 1446 1373 μένης
1497 1326 1582 1373 ἡμῖν
1631 1323 1834 1372 ἀνωμαλίας
1879 1324 2218 1375 ἀπαλλαγησόμεθα.
2261 1325 2371 1369 Σκιᾶς

1338 1384 1407 1435 γάρ
1444 1385 1537 1422 ἐστιν
1573 1383 1822 1435 ἀπατηλότερα
1865 1383 2005 1422 ἅπαντα
2045 1388 2184 1432 ταῦτα,
2216 1385 2278 1424 καὶ
2311 1386 2370 1425 τὸν

1340 1445 1473 1496 ὑψηλὸν
1499 1445 1560 1483 καὶ
1591 1450 1747 1496 γενναῖον
1784 1444 1882 1483 οὐδὲν
1900 1445 1977 1483 οὔτε
2007 1448 2076 1483 τῶν
2100 1447 2276 1498 λαμπρῶν
2310 1448 2371 1486 καὶ

1340 1506 1508 1551 ἐπιδόξων
1523 1507 1674 1558 ἐπᾶραι,
1692 1504 1771 1544 οὔτε
1797 1508 1866 1544 τῶν
1894 1507 2069 1544 ταπεινῶν
2103 1506 2163 1545 καὶ
2197 1508 2372 1560 ἀττεῤῥιμ-

1340 1566 1454 1617 μένων
1474 1568 1652 1606 συστεῖλαι
1685 1566 1882 1613 δυνήσεται.
1905 1566 2017 1605 Ἀλλὰ
2045 1567 2114 1619 γὰρ
2147 1566 2223 1621 ὥρα
2243 1568 2367 1608 λοιπὸν

1338 1630 1426 1678 ἡμῖν
1470 1628 1531 1667 καὶ
1566 1630 1637 1666 τῶν
1668 1627 1842 1680 ῥημάτιον
1876 1628 2025 1667 ἀκοῦσαι
2060 1631 2129 1667 τῶν
2158 1632 2220 1668 τοῦ
2254 1630 2369 1669 πλου-

1337 1688 1425 1726 σίου.
1457 1688 1605 1743 Ἐρωτῶ
1635 1704 1697 1738 σε,
1720 1689 1833 1741 φησὶ,
1865 1689 2000 1741 πάτερ,
2031 1691 2215 1739 τουτέστι,
2245 1705 2297 1729 πα
2346 1712 2367 1718 -

1337 1751 1454 1795 καλῶ,
1485 1750 1640 1799 δέομαι,
1675 1749 1839 1797 ἱκετεύω,
1860 1749 1916 1788 ἵνα
1949 1750 2094 1802 πέμψῃς
2126 1751 2173 1794 εἰς
2191 1749 2250 1788 τὸν
2274 1705 2368 1789 σ’ἕῶν

1338 1814 1398 1848 τοῦ
1421 1810 1551 1863 πατρός
1572 1827 1637 1861 μου
1668 1810 1827 1862 Λάζαρον
1844 1825 1852 1833 ·
1871 1811 1938 1849 εἰσὶ
1957 1811 2024 1863 γάρ
2048 1828 2107 1862 μοι
2135 1811 2238 1850 πέντε
2258 1812 2368 1850 α’δελ-

1340 1871 1397 1924 φοί
1419 1886 1428 1894 ·
1450 1871 1507 1910 ἵνα
1536 1871 1819 1923 διαμαρτύρηται
1845 1874 1960 1915 αὐτοῖς
1977 1903 1987 1919 ,
2008 1872 2102 1915 ὅπως
2140 1871 2188 1923 μὴ
2221 1873 2368 1911 ἔλθωσιν

1340 1935 1389 1976 εἰς
1407 1933 1466 1971 τὸν
1481 1933 1586 1972 τόπον
1608 1937 1726 1972 τοῦτον
1757 1935 1817 1979 τῆς
1836 1934 2002 1984 βασάνου.
2020 1933 2168 1980 Ἐπειδὴ
2197 1935 2268 1972 τῶν
2286 1934 2368 1973 καθ’

1339 1994 1460 2032 ἑαυτὸν
1480 1994 1667 2046 ἀπέτυχεν,
1677 1994 1765 2045 ὑπὲρ
1781 1995 1908 2048 ἑτέρων
1927 2001 2079 2034 ποιεῖται
2094 1994 2158 2042 τὴν
2173 1995 2366 2048 ἱκετηρίαν.

1339 2056 1435 2109 ‘'Opa
1453 2058 1528 2099 πῶς
1555 2057 1799 2108 φιλάνθρωπος
1819 2057 1878 2095 καὶ
1905 2056 2034 2108 ἥμερος
2056 2057 2192 2108 γέγονεν
2212 2057 2281 2095 ὑπὸ
2303 2060 2367 2104 τ’ἧς

1289 2134 1314 2164 c
1339 2117 1586 2161 κολάσεως.Ὀ
1600 2119 1667 2170 γὰρ
1688 2121 1748 2155 τοῦ
1765 2118 1926 2170 Λαζάρου
1939 2121 2168 2171 καταφρονῶν
2179 2118 2364 2171 παρόντος,

1339 2178 1466 2231 ἑτέρων
1489 2179 1648 2217 ἀπόντων
1665 2178 1860 2232 φροντίζει·
1879 2181 1899 2216 ὁ
1919 2179 1976 2218 τὸν
1998 2179 2066 2229 πρὸ
2088 2182 2156 2218 τῶν
2175 2181 2365 2231 ὀφθαλμῶν

1339 2240 1498 2290 κείμενον
1514 2241 1748 2293 παρατρέχων
1762 2270 1772 2287 ‚
1792 2241 1860 2278 τῶν
1880 2242 1945 2292 οὐχ
1962 2239 2147 2293 ὁρωμένων
2167 2240 2365 2292 μέμνηται,

1339 2301 1399 2339 καὶ
1419 2301 1508 2352 μετὰ
1539 2303 1671 2347 πολλῆς
1701 2300 1792 2346 ἀξιοῖ
1809 2303 1872 2348 τῆς
1890 2304 1998 2352 τιμῆς
2024 2300 2085 2339 καὶ
2103 2303 2167 2348 τῆς
2182 2301 2338 2348 σπουδῆς
2353 2331 2364 2348 ,

1338 2361 1430 2400 ὥστε
1450 2362 1608 2414 γενέσθαι
1629 2361 1705 2400 τινὰ
1726 2363 1838 2400 αὐτῶν
1866 2361 2030 2414 πρόνοιαν
2050 2362 2137 2414 πρὸς
2156 2361 2366 2415 ἀπαλλαγὴν

1338 2425 1407 2460 τῶν
1430 2423 1730 2476 καταληψομένων
1762 2422 1884 2467 αὐτοὺς
1910 2426 2040 2462 κακῶν.
2062 2423 2132 2462 Καὶ
2167 2424 2368 2475 παρακαλεῖ

1337 2487 1543 2537 πεμφθῆναι
1569 2485 1628 2522 τὸν
1663 2484 1824 2537 Λάζαρον
1859 2486 1906 2528 εἷς
1936 2483 1994 2521 τὸν
2026 2479 2118 2523 οἶκον
2149 2488 2210 2523 τοῦ
2233 2483 2366 2537 πατρὸς

1339 2548 1455 2593 αὐτοῦ,
1471 2545 1551 2584 ἔνθα
1570 2545 1614 2584 τὰ
1636 2545 1833 2596 σκάμματα
1847 2540 1890 2593 ἦν
1926 2547 2045 2598 αὐτῷ,
2067 2546 2125 2584 καὶ
2153 2545 2194 2584 τὸ
2222 2546 2364 2584 στάδιον

1338 2607 1480 2660 ἀνεῴγει
1517 2609 1581 2653 τῆς
1626 2609 1763 2659 ἀρετῆς.
1803 2606 1954 2646 Ἐκεῖνοι
1989 2606 2213 2657 βλεπέτωσαν
2261 2606 2365 2645 αὐτὸν

1338 2670 1612 2722 στεφανούμενον
1624 2698 1633 2715 ,
1650 2669 1754 2720 φησὶν
1767 2699 1776 2713 ,
1793 2671 1823 2706 ol
1843 2667 2052 2718 θεασάμενοι
2081 2667 2362 2719 ἀγωνισάμενον·

1336 2734 1367 2769 οῖ
1381 2732 1553 2783 μάρτυρες
1573 2732 1678 2768 αὐτοῦ
1698 2732 1760 2775 τῆς
1779 2729 1898 2772 πενίας
1922 2730 1980 2767 καὶ
1999 2733 2059 2767 τοῦ
2080 2730 2184 2779 λιμοῦ
2204 2729 2263 2767 καὶ
2292 2730 2362 2767 τῶν

1338 2793 1468 2843 μυρίων
1495 2794 1638 2837 κακῶν,
1674 2791 1892 2841 γενέσθωσαν
1928 2791 2101 2841 μάρτυρες
2138 2793 2199 2836 τῆς
2230 2792 2361 2840 τιμῆς,

1288 2881 1312 2911 D
1336 2855 1397 2899 τῆς
1430 2852 1647 2903 μεταὸολῆς,
1666 2855 1728 2898 τῆς
1753 2851 1852 2897 δόξης
1881 2851 2041 2897 ἁπάσης,
2061 2850 2117 2888 ἵνα
2150 2850 2363 2903 ἑκατέρωθεν

1336 2914 1576 2957 παιδευθέντες
1608 2913 1667 2951 καὶ
1695 2912 1883 2964 μαθόντες,
1909 2912 1964 2951 ὅτι
1997 2914 2035 2950 οὐ
2068 2911 2173 2963 μέχρι
2200 2915 2260 2950 τοῦ
2289 2926 2362 2950 πα-

1340 2976 1456 3028 ρόντος
1483 2975 1558 3027 βίου
1581 2974 1626 3012 τὰ
1644 2975 1800 3026 ἡμέτερα
1831 2973 2000 3018 στήσεται
2028 2974 2238 3025 πράγματα,
2273 2971 2364 3011 οὕτω

1336 3036 1687 3089 παρατκευάσιιινται,
1705 3038 1751 3078 ὡς
1773 3035 1960 3081 δυνηθῆναι
1976 3034 2105 3081 ταύτην
2134 3033 2198 3080 τὴν
2220 3033 2364 3072 κόλασιν

1335 3098 1514 3149 διαφυγεῖν
1551 3097 1612 3135 καὶ
1636 3096 1700 3141 τὴν
1741 3095 1927 3146 τιμωρίαν.
1965 3095 2012 3133 Τί
2045 3089 2102 3132 οὖν
2132 3097 2150 3133 ὁ
2182 3094 2364 3146 Ἀδραάμς

1334 3159 1481 3210 Ἰὗχουσι
1503 3157 1654 3197 Μωυσέα
1674 3158 1731 3195 καὶ
1745 3156 1821 3200 τοὺς
1845 3157 2023 3208 προφήτας
2037 3187 2045 3202 ,
2065 3157 2169 3207 φησὶν
2182 3185 2191 3201 ,
2213 3154 2365 3194 ἀκουσά-

1337 3236 1451 3258 τωσαν
1470 3221 1598 3259 αὐτῶν.
1621 3220 1701 3271 Οὐχ
1718 3218 1826 3263 οὕτω,
1843 3217 1927 3269 φησὶ
1942 3248 1950 3260 .
1971 3218 2011 3255 σὺ
2039 3218 2128 3268 κήδῃ
2164 3220 2233 3255 τῶν
2263 3216 2364 3255 ἀδελ·

1333 3284 1406 3331 φῶν
1426 3297 1508 3326 σου,
1535 3283 1580 3324 ὡς
1595 3284 1613 3319 ὁ
1641 3279 1789 3325 ποιήσας
1806 3278 1927 3321 αὐτοὺς
1946 3278 2047 3321 Θιός.
2071 3278 2224 3330 Μυρίους
2243 3280 2362 3320 αὐτοῖς

1333 3342 1504 3388 ἐπέστησε
1540 3341 1767 3383 διδασκάλους
1802 3344 2077 3390 παραινοῦντας,
2110 3339 2363 3389 συμίουλεύον-

2479 2612 2498 3107 -Ἷ-*Ἃᾋ
