<?xml version="1.0" encoding="UTF-8"?>
<!DOCTYPE html PUBLIC "-//W3C//DTD XHTML 1.0 Transitional//EN"
    "http://www.w3.org/TR/xhtml1/DTD/xhtml1-transitional.dtd">
<html xmlns="http://www.w3.org/1999/xhtml" xml:lang="en" lang="en">
 <head>
  <title>
</title>
<meta http-equiv="Content-Type" content="text/html;charset=utf-8" />
  <meta name='ocr-system' content='tesseract 3.04.00' />
  <meta name='ocr-capabilities' content='ocr_page ocr_carea ocr_par ocr_line ocrx_word'/>
</head>
<body>
  <div class='ocr_page' id='page_1' title='image "./operaomniaquaeex01johnuoft/operaomniaquaeex01johnuoft_0751.png"; bbox 0 0 2549 3825; ppageno 0'>
   <div class='ocr_carea' id='block_1_1' title="bbox 0 964 66 3825">
    <p class='ocr_par' dir='ltr' id='par_1_1' title="bbox 0 964 66 3825">
     <span class='ocr_line' id='line_1_1' title="bbox 0 964 66 3825; baseline 0 0"><span class='ocrx_word' id='word_1_1' title='bbox 0 964 66 3825; x_wconf 95' lang='lat' dir='ltr'> </span> 
     </span>
    </p>
   </div>
   <div class='ocr_carea' id='block_1_2' title="bbox 977 291 2220 330">
    <p class='ocr_par' dir='ltr' id='par_1_2' title="bbox 977 291 2220 330">
     <span class='ocr_line' id='line_1_2' title="bbox 977 291 2220 330; baseline 0.007 -9"><span class='ocrx_word' id='word_1_2' title='bbox 977 291 1153 321; x_wconf 78' lang='lat' dir='ltr'><strong>CONTRA</strong></span> <span class='ocrx_word' id='word_1_3' title='bbox 1191 292 1380 325; x_wconf 78' lang='lat' dir='ltr'><strong>JUDAEOS.</strong></span> <span class='ocrx_word' id='word_1_4' title='bbox 1419 296 1450 325; x_wconf 86' lang='lat'>1.</span> <span class='ocrx_word' id='word_1_5' title='bbox 2138 302 2220 330; x_wconf 67' lang='lat'>&#39;721</span> 
     </span>
    </p>
   </div>
   <div class='ocr_carea' id='block_1_3' title="bbox 2142 326 2154 346">
    <p class='ocr_par' dir='ltr' id='par_1_3' title="bbox 2142 326 2154 346">
     <span class='ocr_line' id='line_1_3' title="bbox 2142 326 2154 346; baseline 0 0"><span class='ocrx_word' id='word_1_6' title='bbox 2142 326 2154 346; x_wconf 86' lang='lat' dir='ltr'><em>l</em></span> 
     </span>
    </p>
   </div>
   <div class='ocr_carea' id='block_1_4' title="bbox 186 374 2230 441">
    <p class='ocr_par' dir='ltr' id='par_1_4' title="bbox 186 374 2230 441">
     <span class='ocr_line' id='line_1_4' title="bbox 186 374 2230 441; baseline 0.004 -29"><span class='ocrx_word' id='word_1_7' title='bbox 186 376 300 412; x_wconf 86' lang='grc' dir='ltr'>ἐστιν·</span> <span class='ocrx_word' id='word_1_8' title='bbox 319 376 395 412; x_wconf 79' lang='grc' dir='ltr'>ἀλλ’</span> <span class='ocrx_word' id='word_1_9' title='bbox 414 374 510 425; x_wconf 80' lang='grc' dir='ltr'>ὅμως</span> <span class='ocrx_word' id='word_1_10' title='bbox 537 374 626 417; x_wconf 84' lang='grc' dir='ltr'>τινὲς</span> <span class='ocrx_word' id='word_1_11' title='bbox 645 376 691 417; x_wconf 83' lang='grc' dir='ltr'>ὡς</span> <span class='ocrx_word' id='word_1_12' title='bbox 711 379 849 424; x_wconf 84' lang='grc' dir='ltr'>σεμνοῖς</span> <span class='ocrx_word' id='word_1_13' title='bbox 874 375 1016 418; x_wconf 83' lang='grc' dir='ltr'>ἐκείνοις</span> <span class='ocrx_word' id='word_1_14' title='bbox 1048 381 1118 418; x_wconf 89' lang='grc' dir='ltr'>τοῖς</span> <span class='ocrx_word' id='word_1_15' title='bbox 1141 375 1203 412; x_wconf 89' lang='grc' dir='ltr'>τό-</span> <span class='ocrx_word' id='word_1_16' title='bbox 1219 375 1264 441; x_wconf 49' lang='lat'>⁵2¹</span> <span class='ocrx_word' id='word_1_17' title='bbox 1281 377 1447 430; x_wconf 84' lang='lat' dir='ltr'><strong>deinceps</strong></span> <span class='ocrx_word' id='word_1_18' title='bbox 1475 379 1575 418; x_wconf 89' lang='lat' dir='ltr'>locus</span> <span class='ocrx_word' id='word_1_19' title='bbox 1595 389 1646 418; x_wconf 85' lang='lat' dir='ltr'>est</span> <span class='ocrx_word' id='word_1_20' title='bbox 1663 397 1671 418; x_wconf 94' lang='lat'>:</span> <span class='ocrx_word' id='word_1_21' title='bbox 1690 389 1723 419; x_wconf 89' lang='lat' dir='ltr'>et</span> <span class='ocrx_word' id='word_1_22' title='bbox 1755 389 1870 420; x_wconf 87' lang='lat' dir='ltr'>tamen</span> <span class='ocrx_word' id='word_1_23' title='bbox 1890 380 2001 432; x_wconf 84' lang='lat' dir='ltr'>aliqui</span> <span class='ocrx_word' id='word_1_24' title='bbox 2031 381 2103 419; x_wconf 87' lang='lat' dir='ltr'>illis</span> <span class='ocrx_word' id='word_1_25' title='bbox 2134 392 2230 420; x_wconf 77' lang='lat' dir='ltr'>tam-</span> 
     </span>
    </p>
   </div>
   <div class='ocr_carea' id='block_1_5' title="bbox 178 434 1205 1159">
    <p class='ocr_par' dir='ltr' id='par_1_5' title="bbox 178 434 1205 1159">
     <span class='ocr_line' id='line_1_5' title="bbox 184 434 1204 488; baseline -0.001 -15"><span class='ocrx_word' id='word_1_26' title='bbox 184 451 263 478; x_wconf 88' lang='grc' dir='ltr'>ποις</span> <span class='ocrx_word' id='word_1_27' title='bbox 282 434 505 488; x_wconf 74' lang='grc' dir='ltr'>προσέχουσι.</span> <span class='ocrx_word' id='word_1_28' title='bbox 523 435 594 473; x_wconf 85' lang='grc' dir='ltr'>Καὶ</span> <span class='ocrx_word' id='word_1_29' title='bbox 611 437 723 473; x_wconf 76' lang='grc' dir='ltr'>ταῦτα</span> <span class='ocrx_word' id='word_1_30' title='bbox 738 435 817 486; x_wconf 80' lang='grc' dir='ltr'>οὐχὶ</span> <span class='ocrx_word' id='word_1_31' title='bbox 832 434 1085 486; x_wconf 78' lang='grc' dir='ltr'>στοχαζόμενος</span> <span class='ocrx_word' id='word_1_32' title='bbox 1100 435 1204 487; x_wconf 85' lang='grc' dir='ltr'>λέγω,</span> 
     </span>
     <span class='ocr_line' id='line_1_6' title="bbox 184 494 1204 548; baseline -0.001 -15"><span class='ocrx_word' id='word_1_33' title='bbox 184 498 262 534; x_wconf 87' lang='grc' dir='ltr'>ἀλλ’</span> <span class='ocrx_word' id='word_1_34' title='bbox 284 499 370 548; x_wconf 78' lang='grc' dir='ltr'>αὐτῇ</span> <span class='ocrx_word' id='word_1_35' title='bbox 392 498 435 547; x_wconf 79' lang='grc' dir='ltr'>τῇ</span> <span class='ocrx_word' id='word_1_36' title='bbox 451 496 555 547; x_wconf 80' lang='grc' dir='ltr'>πείρᾳ</span> <span class='ocrx_word' id='word_1_37' title='bbox 571 494 703 541; x_wconf 83' lang='grc' dir='ltr'>μαθών.</span> <span class='ocrx_word' id='word_1_38' title='bbox 729 496 799 533; x_wconf 82' lang='grc' dir='ltr'>Καὶ</span> <span class='ocrx_word' id='word_1_39' title='bbox 818 495 887 547; x_wconf 77' lang='grc' dir='ltr'>γὰρ</span> <span class='ocrx_word' id='word_1_40' title='bbox 902 496 970 548; x_wconf 81' lang='grc' dir='ltr'>πρὸ</span> <span class='ocrx_word' id='word_1_41' title='bbox 988 497 1118 534; x_wconf 84' lang='grc' dir='ltr'>τούτων</span> <span class='ocrx_word' id='word_1_42' title='bbox 1136 498 1204 534; x_wconf 87' lang='grc' dir='ltr'>τῶν</span> 
     </span>
     <span class='ocr_line' id='line_1_7' title="bbox 183 557 1205 619; baseline 0.002 -26"><span class='ocrx_word' id='word_1_43' title='bbox 183 559 287 607; x_wconf 82' lang='grc' dir='ltr'>τριῶν</span> <span class='ocrx_word' id='word_1_44' title='bbox 302 561 441 609; x_wconf 78' lang='grc' dir='ltr'>ἡμερῶν</span> <span class='ocrx_word' id='word_1_45' title='bbox 456 557 689 606; x_wconf 77' lang='grc' dir='ltr'>(πιστεύσατε,</span> <span class='ocrx_word' id='word_1_46' title='bbox 705 559 742 594; x_wconf 84' lang='grc' dir='ltr'>οὖ</span> <span class='ocrx_word' id='word_1_47' title='bbox 757 557 954 609; x_wconf 76' lang='grc' dir='ltr'>ψεύδομαι)</span> <span class='ocrx_word' id='word_1_48' title='bbox 967 558 1113 608; x_wconf 86' lang='grc' dir='ltr'>γυναῖκά</span> <span class='ocrx_word' id='word_1_49' title='bbox 1126 573 1205 619; x_wconf 53' lang='grc' dir='ltr'>τινα</span> 
     </span>
     <span class='ocr_line' id='line_1_8' title="bbox 183 618 1202 671; baseline 0 -16"><span class='ocrx_word' id='word_1_50' title='bbox 183 618 386 669; x_wconf 75' lang='grc' dir='ltr'>εὐσχήμονα</span> <span class='ocrx_word' id='word_1_51' title='bbox 406 618 464 657; x_wconf 85' lang='grc' dir='ltr'>καὶ</span> <span class='ocrx_word' id='word_1_52' title='bbox 479 618 679 671; x_wconf 80' lang='grc' dir='ltr'>ἐλευθέραν,</span> <span class='ocrx_word' id='word_1_53' title='bbox 699 618 849 668; x_wconf 83' lang='grc' dir='ltr'>κοσμίαν</span> <span class='ocrx_word' id='word_1_54' title='bbox 868 618 927 655; x_wconf 79' lang='grc' dir='ltr'>καὶ</span> <span class='ocrx_word' id='word_1_55' title='bbox 947 618 1094 665; x_wconf 74' lang='grc' dir='ltr'>πιστὴν,</span> <span class='ocrx_word' id='word_1_56' title='bbox 1114 619 1202 656; x_wconf 77' lang='grc' dir='ltr'>εἶδον</span> 
     </span>
     <span class='ocr_line' id='line_1_9' title="bbox 181 679 1204 731; baseline 0 -16"><span class='ocrx_word' id='word_1_57' title='bbox 181 679 465 730; x_wconf 80' lang='grc' dir='ltr'>ἀναγκαζομένην</span> <span class='ocrx_word' id='word_1_58' title='bbox 485 679 553 717; x_wconf 80' lang='grc' dir='ltr'>ὑπό</span> <span class='ocrx_word' id='word_1_59' title='bbox 574 695 664 723; x_wconf 87' lang='grc' dir='ltr'>τινος</span> <span class='ocrx_word' id='word_1_60' title='bbox 684 682 809 731; x_wconf 71' lang='grc' dir='ltr'>μιαροῦ</span> <span class='ocrx_word' id='word_1_61' title='bbox 830 679 890 716; x_wconf 81' lang='grc' dir='ltr'>καὶ</span> <span class='ocrx_word' id='word_1_62' title='bbox 910 679 1138 726; x_wconf 78' lang='grc' dir='ltr'>ἀναισθήτου,</span> <span class='ocrx_word' id='word_1_63' title='bbox 1154 679 1204 715; x_wconf 80' lang='grc' dir='ltr'>δο-</span> 
     </span>
     <span class='ocr_line' id='line_1_10' title="bbox 181 734 1203 792; baseline -0.001 -16"><span class='ocrx_word' id='word_1_64' title='bbox 181 743 323 782; x_wconf 74' lang='grc' dir='ltr'>κοῦντος</span> <span class='ocrx_word' id='word_1_65' title='bbox 342 734 426 778; x_wconf 67' lang='grc' dir='ltr'>εἶναι</span> <span class='ocrx_word' id='word_1_66' title='bbox 449 742 660 791; x_wconf 84' lang='grc' dir='ltr'>Χριστιανοῧ</span> <span class='ocrx_word' id='word_1_67' title='bbox 675 740 737 791; x_wconf 74' lang='grc' dir='ltr'>(οὐ</span> <span class='ocrx_word' id='word_1_68' title='bbox 755 740 824 792; x_wconf 77' lang='grc' dir='ltr'>γὰρ</span> <span class='ocrx_word' id='word_1_69' title='bbox 855 740 894 777; x_wconf 79' lang='grc' dir='ltr'>ἂν</span> <span class='ocrx_word' id='word_1_70' title='bbox 916 739 1049 789; x_wconf 85' lang='grc' dir='ltr'>εἴποιμι</span> <span class='ocrx_word' id='word_1_71' title='bbox 1075 738 1133 776; x_wconf 77' lang='grc' dir='ltr'>τὸν</span> <span class='ocrx_word' id='word_1_72' title='bbox 1160 738 1203 775; x_wconf 80' lang='grc' dir='ltr'>τὰ</span> 
     </span>
     <span class='ocr_line' id='line_1_11' title="bbox 180 799 1203 853; baseline -0.001 -16"><span class='ocrx_word' id='word_1_73' title='bbox 180 805 326 838; x_wconf 69' lang='grc' dir='ltr'>τοιαῦτα</span> <span class='ocrx_word' id='word_1_74' title='bbox 345 804 528 851; x_wconf 81' lang='grc' dir='ltr'>τολμῶντα</span> <span class='ocrx_word' id='word_1_75' title='bbox 549 801 758 852; x_wconf 76' lang='grc' dir='ltr'>Χριστιανὸν</span> <span class='ocrx_word' id='word_1_76' title='bbox 774 803 988 853; x_wconf 70' lang='grc' dir='ltr'>εἰλικρινῆ),</span> <span class='ocrx_word' id='word_1_77' title='bbox 1009 801 1056 842; x_wconf 84' lang='grc' dir='ltr'>εἷς</span> <span class='ocrx_word' id='word_1_78' title='bbox 1074 799 1118 836; x_wconf 84' lang='grc' dir='ltr'>τὰ</span> <span class='ocrx_word' id='word_1_79' title='bbox 1133 802 1203 836; x_wconf 86' lang='grc' dir='ltr'>τῶν</span> 
     </span>
     <span class='ocr_line' id='line_1_12' title="bbox 180 860 1202 915; baseline -0.002 -16"><span class='ocrx_word' id='word_1_80' title='bbox 180 860 359 915; x_wconf 64' lang='grc' dir='ltr'>Ἓὸραίων</span> <span class='ocrx_word' id='word_1_81' title='bbox 374 865 556 910; x_wconf 85' lang='grc' dir='ltr'>εἰσελθεῖν,</span> <span class='ocrx_word' id='word_1_82' title='bbox 577 866 678 901; x_wconf 79' lang='grc' dir='ltr'>κάκεῖ</span> <span class='ocrx_word' id='word_1_83' title='bbox 696 867 892 914; x_wconf 78' lang='grc' dir='ltr'>παρασχεῖν</span> <span class='ocrx_word' id='word_1_84' title='bbox 918 861 1018 913; x_wconf 79' lang='grc' dir='ltr'>ὅρκον</span> <span class='ocrx_word' id='word_1_85' title='bbox 1035 860 1115 908; x_wconf 82' lang='grc' dir='ltr'>περὶ</span> <span class='ocrx_word' id='word_1_86' title='bbox 1135 862 1202 898; x_wconf 87' lang='grc' dir='ltr'>τῶν</span> 
     </span>
     <span class='ocr_line' id='line_1_13' title="bbox 180 920 1203 977; baseline -0.001 -18"><span class='ocrx_word' id='word_1_87' title='bbox 180 923 520 977; x_wconf 58' lang='grc' dir='ltr'>ἀμφισὸητουμένων</span> <span class='ocrx_word' id='word_1_88' title='bbox 551 926 642 974; x_wconf 79' lang='grc' dir='ltr'>αὐτῷ</span> <span class='ocrx_word' id='word_1_89' title='bbox 662 923 899 975; x_wconf 75' lang='grc' dir='ltr'>πραγμάτων·</span> <span class='ocrx_word' id='word_1_90' title='bbox 921 925 967 965; x_wconf 82' lang='grc' dir='ltr'>ὡς</span> <span class='ocrx_word' id='word_1_91' title='bbox 995 920 1030 959; x_wconf 80' lang='grc' dir='ltr'>δὲ</span> <span class='ocrx_word' id='word_1_92' title='bbox 1050 923 1203 973; x_wconf 86' lang='grc' dir='ltr'>προσελ-</span> 
     </span>
     <span class='ocr_line' id='line_1_14' title="bbox 180 981 1204 1035; baseline 0 -15"><span class='ocrx_word' id='word_1_93' title='bbox 180 986 287 1022; x_wconf 82' lang='grc' dir='ltr'>θοῦσα</span> <span class='ocrx_word' id='word_1_94' title='bbox 305 988 326 1030; x_wconf 86' lang='grc' dir='ltr'>ἡ</span> <span class='ocrx_word' id='word_1_95' title='bbox 348 984 433 1034; x_wconf 82' lang='grc' dir='ltr'>γυνὴ</span> <span class='ocrx_word' id='word_1_96' title='bbox 451 983 537 1035; x_wconf 81' lang='grc' dir='ltr'>πρὸς</span> <span class='ocrx_word' id='word_1_97' title='bbox 553 983 760 1034; x_wconf 85' lang='grc' dir='ltr'>συμμαχίαν</span> <span class='ocrx_word' id='word_1_98' title='bbox 784 982 923 1029; x_wconf 84' lang='grc' dir='ltr'>ἐκάλει,</span> <span class='ocrx_word' id='word_1_99' title='bbox 940 981 1022 1020; x_wconf 67' lang='grc' dir='ltr'>“κα“ι</span> <span class='ocrx_word' id='word_1_100' title='bbox 1042 982 1106 1028; x_wconf 81' lang='grc' dir='ltr'>τὴν</span> <span class='ocrx_word' id='word_1_101' title='bbox 1125 982 1204 1020; x_wconf 87' lang='grc' dir='ltr'>ἄνο-</span> 
     </span>
     <span class='ocr_line' id='line_1_15' title="bbox 180 1037 1204 1095; baseline -0.002 -12"><span class='ocrx_word' id='word_1_102' title='bbox 180 1060 244 1094; x_wconf 92' lang='grc' dir='ltr'>μον</span> <span class='ocrx_word' id='word_1_103' title='bbox 259 1045 337 1095; x_wconf 84' lang='grc' dir='ltr'>βίαν</span> <span class='ocrx_word' id='word_1_104' title='bbox 349 1048 506 1082; x_wconf 75' lang='grc' dir='ltr'>κωλῦσαι</span> <span class='ocrx_word' id='word_1_105' title='bbox 515 1044 609 1091; x_wconf 76' lang='grc' dir='ltr'>ἠξίου</span> <span class='ocrx_word' id='word_1_106' title='bbox 620 1047 631 1091; x_wconf 85' lang='grc'>(</span> <span class='ocrx_word' id='word_1_107' title='bbox 641 1046 679 1082; x_wconf 80' lang='grc' dir='ltr'>οὐ</span> <span class='ocrx_word' id='word_1_108' title='bbox 691 1043 758 1095; x_wconf 79' lang='grc' dir='ltr'>γὰρ</span> <span class='ocrx_word' id='word_1_109' title='bbox 770 1037 858 1081; x_wconf 67' lang='grc' dir='ltr'>εἶναι</span> <span class='ocrx_word' id='word_1_110' title='bbox 875 1043 1015 1093; x_wconf 85' lang='grc' dir='ltr'>θεμιτὸν</span> <span class='ocrx_word' id='word_1_111' title='bbox 1032 1045 1118 1095; x_wconf 82' lang='grc' dir='ltr'>αὐτῇ</span> <span class='ocrx_word' id='word_1_112' title='bbox 1134 1046 1204 1081; x_wconf 88' lang='grc' dir='ltr'>τῶν</span> 
     </span>
     <span class='ocr_line' id='line_1_16' title="bbox 178 1105 1204 1159; baseline 0 -16"><span class='ocrx_word' id='word_1_113' title='bbox 178 1106 279 1144; x_wconf 87' lang='grc' dir='ltr'>θείων</span> <span class='ocrx_word' id='word_1_114' title='bbox 295 1105 521 1159; x_wconf 62' lang='grc' dir='ltr'>μετασχούσῃ</span> <span class='ocrx_word' id='word_1_115' title='bbox 541 1105 755 1157; x_wconf 85' lang='grc' dir='ltr'>μυστηρίων,</span> <span class='ocrx_word' id='word_1_116' title='bbox 773 1106 858 1157; x_wconf 78' lang='grc' dir='ltr'>πρὸς</span> <span class='ocrx_word' id='word_1_117' title='bbox 877 1107 1005 1144; x_wconf 86' lang='grc' dir='ltr'>ἐκεῖνον</span> <span class='ocrx_word' id='word_1_118' title='bbox 1022 1106 1080 1144; x_wconf 83' lang='grc' dir='ltr'>τὸν</span> <span class='ocrx_word' id='word_1_119' title='bbox 1098 1106 1204 1145; x_wconf 89' lang='grc' dir='ltr'>τόπον</span> 
     </span>
    </p>
   </div>
   <div class='ocr_carea' id='block_1_6' title="bbox 177 1161 1249 1218">
    <p class='ocr_par' dir='ltr' id='par_1_6' title="bbox 177 1161 1249 1218">
     <span class='ocr_line' id='line_1_17' title="bbox 177 1161 1249 1218; baseline 0.001 -13"><span class='ocrx_word' id='word_1_120' title='bbox 177 1168 326 1215; x_wconf 82' lang='grc' dir='ltr'>ἐλθεῖν),</span> <span class='ocrx_word' id='word_1_121' title='bbox 344 1168 557 1218; x_wconf 75' lang='grc' dir='ltr'>ἐμπρησθεὶς</span> <span class='ocrx_word' id='word_1_122' title='bbox 570 1161 627 1204; x_wconf 66' lang='grc' dir='ltr'>οὖν</span> <span class='ocrx_word' id='word_1_123' title='bbox 643 1166 710 1204; x_wconf 79' lang='grc' dir='ltr'>ὑπὸ</span> <span class='ocrx_word' id='word_1_124' title='bbox 731 1166 848 1213; x_wconf 76' lang='grc' dir='ltr'>ζήλου,</span> <span class='ocrx_word' id='word_1_125' title='bbox 865 1166 923 1203; x_wconf 83' lang='grc' dir='ltr'>καὶ</span> <span class='ocrx_word' id='word_1_126' title='bbox 938 1167 1130 1218; x_wconf 80' lang='grc' dir='ltr'>πυρωθεὶς,</span> <span class='ocrx_word' id='word_1_127' title='bbox 1145 1167 1205 1206; x_wconf 85' lang='grc' dir='ltr'>καὶ</span> <span class='ocrx_word' id='word_1_128' title='bbox 1229 1185 1249 1214; x_wconf 88' lang='lat' dir='ltr'>B</span> 
     </span>
    </p>
   </div>
   <div class='ocr_carea' id='block_1_7' title="bbox 175 1226 1204 1888">
    <p class='ocr_par' dir='ltr' id='par_1_7' title="bbox 175 1226 1204 1888">
     <span class='ocr_line' id='line_1_18' title="bbox 177 1226 1204 1278; baseline 0.001 -13"><span class='ocrx_word' id='word_1_129' title='bbox 177 1227 383 1274; x_wconf 81' lang='grc' dir='ltr'>διαναστὰς,</span> <span class='ocrx_word' id='word_1_130' title='bbox 400 1227 532 1274; x_wconf 88' lang='grc' dir='ltr'>ταύτην</span> <span class='ocrx_word' id='word_1_131' title='bbox 554 1227 617 1278; x_wconf 83' lang='grc' dir='ltr'>μὲν</span> <span class='ocrx_word' id='word_1_132' title='bbox 638 1232 700 1266; x_wconf 85' lang='grc' dir='ltr'>οὐκ</span> <span class='ocrx_word' id='word_1_133' title='bbox 716 1228 817 1266; x_wconf 86' lang='grc' dir='ltr'>εἴασα</span> <span class='ocrx_word' id='word_1_134' title='bbox 834 1226 955 1265; x_wconf 75' lang='grc' dir='ltr'>λοιπὸν</span> <span class='ocrx_word' id='word_1_135' title='bbox 976 1228 1033 1265; x_wconf 80' lang='grc' dir='ltr'>ἐπὶ</span> <span class='ocrx_word' id='word_1_136' title='bbox 1054 1227 1117 1273; x_wconf 81' lang='grc' dir='ltr'>τὴν</span> <span class='ocrx_word' id='word_1_137' title='bbox 1137 1244 1204 1266; x_wconf 79' lang='grc' dir='ltr'>πα-</span> 
     </span>
     <span class='ocr_line' id='line_1_19' title="bbox 179 1287 1203 1340; baseline -0.002 -14"><span class='ocrx_word' id='word_1_138' title='bbox 179 1289 348 1340; x_wconf 88' lang='grc' dir='ltr'>ρανομίαν</span> <span class='ocrx_word' id='word_1_139' title='bbox 366 1290 573 1333; x_wconf 73' lang='grc' dir='ltr'>ἑλκυσθῆναι</span> <span class='ocrx_word' id='word_1_140' title='bbox 587 1287 766 1335; x_wconf 74' lang='grc' dir='ltr'>1’ἐκείνην,</span> <span class='ocrx_word' id='word_1_141' title='bbox 787 1288 966 1339; x_wconf 76' lang='grc' dir='ltr'>ἐξήρπασα</span> <span class='ocrx_word' id='word_1_142' title='bbox 986 1288 1021 1326; x_wconf 79' lang='grc' dir='ltr'>δὲ</span> <span class='ocrx_word' id='word_1_143' title='bbox 1041 1291 1102 1334; x_wconf 68' lang='grc' dir='ltr'>τῆς</span> <span class='ocrx_word' id='word_1_144' title='bbox 1124 1288 1203 1326; x_wconf 81' lang='grc' dir='ltr'>ἀδί-</span> 
     </span>
     <span class='ocr_line' id='line_1_20' title="bbox 177 1349 1201 1401; baseline -0.001 -14"><span class='ocrx_word' id='word_1_145' title='bbox 177 1365 239 1388; x_wconf 86' lang='grc' dir='ltr'>κου</span> <span class='ocrx_word' id='word_1_146' title='bbox 258 1349 389 1396; x_wconf 82' lang='grc' dir='ltr'>ταύτης</span> <span class='ocrx_word' id='word_1_147' title='bbox 405 1351 610 1401; x_wconf 76' lang='grc' dir='ltr'>οἷπαγωγῆς.</span> <span class='ocrx_word' id='word_1_148' title='bbox 639 1349 743 1387; x_wconf 80' lang='grc' dir='ltr'>Ἐπεὶ</span> <span class='ocrx_word' id='word_1_149' title='bbox 771 1349 807 1386; x_wconf 80' lang='grc' dir='ltr'>δὲ</span> <span class='ocrx_word' id='word_1_150' title='bbox 826 1350 882 1387; x_wconf 86' lang='grc' dir='ltr'>τὸν</span> <span class='ocrx_word' id='word_1_151' title='bbox 900 1349 1047 1387; x_wconf 81' lang='grc' dir='ltr'>ἕλκοντα</span> <span class='ocrx_word' id='word_1_152' title='bbox 1063 1351 1085 1395; x_wconf 78' lang='grc' dir='ltr'>ἦ</span> <span class='ocrx_word' id='word_1_153' title='bbox 1093 1350 1201 1401; x_wconf 84' lang='grc' dir='ltr'>ρόμην</span> 
     </span>
     <span class='ocr_line' id='line_1_21' title="bbox 177 1410 1201 1464; baseline -0.001 -15"><span class='ocrx_word' id='word_1_154' title='bbox 177 1413 207 1449; x_wconf 86' lang='grc' dir='ltr'>εἷ</span> <span class='ocrx_word' id='word_1_155' title='bbox 227 1411 435 1464; x_wconf 79' lang='grc' dir='ltr'>Χριστιανὸς</span> <span class='ocrx_word' id='word_1_156' title='bbox 466 1411 518 1457; x_wconf 83' lang='grc' dir='ltr'>εἴη</span> <span class='ocrx_word' id='word_1_157' title='bbox 531 1441 542 1461; x_wconf 84' lang='lat'>‚</span> <span class='ocrx_word' id='word_1_158' title='bbox 563 1412 720 1453; x_wconf 84' lang='grc' dir='ltr'>κάκεῖνος</span> <span class='ocrx_word' id='word_1_159' title='bbox 740 1410 965 1462; x_wconf 83' lang='grc' dir='ltr'>ὡμολόγησεν</span> <span class='ocrx_word' id='word_1_160' title='bbox 978 1440 987 1458; x_wconf 90' lang='grc'>,</span> <span class='ocrx_word' id='word_1_161' title='bbox 1012 1410 1201 1461; x_wconf 78' lang='grc' dir='ltr'>ἐπεκείμην</span> 
     </span>
     <span class='ocr_line' id='line_1_22' title="bbox 178 1471 1200 1524; baseline -0.002 -14"><span class='ocrx_word' id='word_1_162' title='bbox 178 1472 334 1523; x_wconf 71' lang='grc' dir='ltr'>σφοδρῶς</span> <span class='ocrx_word' id='word_1_163' title='bbox 347 1501 358 1521; x_wconf 92' lang='grc'>,</span> <span class='ocrx_word' id='word_1_164' title='bbox 393 1471 625 1518; x_wconf 84' lang='grc' dir='ltr'>ἀναισθησίαν</span> <span class='ocrx_word' id='word_1_165' title='bbox 668 1473 826 1521; x_wconf 76' lang='grc' dir='ltr'>ἐγκαλῶν</span> <span class='ocrx_word' id='word_1_166' title='bbox 857 1471 916 1509; x_wconf 79' lang='grc' dir='ltr'>καὶ</span> <span class='ocrx_word' id='word_1_167' title='bbox 949 1471 1013 1517; x_wconf 77' lang='grc' dir='ltr'>τὴν</span> <span class='ocrx_word' id='word_1_168' title='bbox 1048 1472 1200 1524; x_wconf 66' lang='grc' dir='ltr'>ἐσχάτην</span> 
     </span>
     <span class='ocr_line' id='line_1_23' title="bbox 177 1532 1201 1583; baseline 0 -13"><span class='ocrx_word' id='word_1_169' title='bbox 177 1533 316 1579; x_wconf 87' lang='grc' dir='ltr'>ἄνοιαν,</span> <span class='ocrx_word' id='word_1_170' title='bbox 337 1533 396 1570; x_wconf 83' lang='grc' dir='ltr'>καὶ</span> <span class='ocrx_word' id='word_1_171' title='bbox 416 1533 501 1570; x_wconf 82' lang='grc' dir='ltr'>ὄνων</span> <span class='ocrx_word' id='word_1_172' title='bbox 522 1532 617 1570; x_wconf 78' lang='grc' dir='ltr'>οὐδὲν</span> <span class='ocrx_word' id='word_1_173' title='bbox 638 1532 779 1582; x_wconf 76' lang='grc' dir='ltr'>ἄμεινον</span> <span class='ocrx_word' id='word_1_174' title='bbox 800 1533 995 1570; x_wconf 77' lang='grc' dir='ltr'>διακεῖσθαι</span> <span class='ocrx_word' id='word_1_175' title='bbox 1011 1532 1150 1583; x_wconf 82' lang='grc' dir='ltr'>ἔλεγον,</span> <span class='ocrx_word' id='word_1_176' title='bbox 1172 1536 1201 1570; x_wconf 88' lang='grc' dir='ltr'>εἷ</span> 
     </span>
     <span class='ocr_line' id='line_1_24' title="bbox 176 1593 1199 1645; baseline 0 -14"><span class='ocrx_word' id='word_1_177' title='bbox 176 1594 234 1631; x_wconf 81' lang='grc' dir='ltr'>τὸν</span> <span class='ocrx_word' id='word_1_178' title='bbox 258 1593 409 1644; x_wconf 81' lang='grc' dir='ltr'>Χριστὸν</span> <span class='ocrx_word' id='word_1_179' title='bbox 429 1593 539 1644; x_wconf 86' lang='grc' dir='ltr'>λέγων</span> <span class='ocrx_word' id='word_1_180' title='bbox 558 1599 782 1645; x_wconf 86' lang='grc' dir='ltr'>προσκυνεῖν,</span> <span class='ocrx_word' id='word_1_181' title='bbox 802 1593 861 1630; x_wconf 79' lang='grc' dir='ltr'>ἐπὶ</span> <span class='ocrx_word' id='word_1_182' title='bbox 890 1593 933 1630; x_wconf 85' lang='grc' dir='ltr'>τὰ</span> <span class='ocrx_word' id='word_1_183' title='bbox 953 1594 1110 1640; x_wconf 78' lang='grc' dir='ltr'>σπήλαια</span> <span class='ocrx_word' id='word_1_184' title='bbox 1131 1597 1199 1631; x_wconf 87' lang='grc' dir='ltr'>τῶν</span> 
     </span>
     <span class='ocr_line' id='line_1_25' title="bbox 177 1654 1199 1705; baseline 0 -13"><span class='ocrx_word' id='word_1_185' title='bbox 177 1655 367 1702; x_wconf 80' lang='grc' dir='ltr'>Ἰουδαίων,</span> <span class='ocrx_word' id='word_1_186' title='bbox 382 1657 449 1692; x_wconf 87' lang='grc' dir='ltr'>τῶν</span> <span class='ocrx_word' id='word_1_187' title='bbox 470 1654 748 1705; x_wconf 85' lang='grc' dir='ltr'>σταυρωσάντων</span> <span class='ocrx_word' id='word_1_188' title='bbox 768 1654 867 1692; x_wconf 79' lang='grc' dir='ltr'>αὐτὸν</span> <span class='ocrx_word' id='word_1_189' title='bbox 879 1684 888 1701; x_wconf 93' lang='grc'>,</span> <span class='ocrx_word' id='word_1_190' title='bbox 908 1655 1003 1692; x_wconf 80' lang='grc' dir='ltr'>ἕλκοι</span> <span class='ocrx_word' id='word_1_191' title='bbox 1023 1655 1101 1691; x_wconf 82' lang='grc' dir='ltr'>τινά</span> <span class='ocrx_word' id='word_1_192' title='bbox 1114 1667 1122 1674; x_wconf 95' lang='grc'><em>·</em></span> <span class='ocrx_word' id='word_1_193' title='bbox 1139 1655 1199 1692; x_wconf 80' lang='grc' dir='ltr'>καὶ</span> 
     </span>
     <span class='ocr_line' id='line_1_26' title="bbox 175 1714 1198 1768; baseline 0.001 -16"><span class='ocrx_word' id='word_1_194' title='bbox 175 1714 309 1766; x_wconf 81' lang='grc' dir='ltr'>μακρὸν</span> <span class='ocrx_word' id='word_1_195' title='bbox 326 1715 508 1752; x_wconf 83' lang='grc' dir='ltr'>κατέτεινα</span> <span class='ocrx_word' id='word_1_196' title='bbox 525 1714 610 1767; x_wconf 80' lang='grc' dir='ltr'>πρὸς</span> <span class='ocrx_word' id='word_1_197' title='bbox 627 1715 729 1753; x_wconf 78' lang='grc' dir='ltr'>αὐτὸν</span> <span class='ocrx_word' id='word_1_198' title='bbox 744 1715 844 1766; x_wconf 86' lang='grc' dir='ltr'>λόγον</span> <span class='ocrx_word' id='word_1_199' title='bbox 856 1746 867 1766; x_wconf 73' lang='lat'>,</span> <span class='ocrx_word' id='word_1_200' title='bbox 889 1719 1026 1768; x_wconf 89' lang='grc' dir='ltr'>πρῶτον</span> <span class='ocrx_word' id='word_1_201' title='bbox 1049 1715 1132 1765; x_wconf 84' lang='grc' dir='ltr'>μὲν,</span> <span class='ocrx_word' id='word_1_202' title='bbox 1146 1715 1198 1753; x_wconf 77' lang='grc' dir='ltr'>ὅτι</span> 
     </span>
     <span class='ocr_line' id='line_1_27' title="bbox 175 1774 1196 1828; baseline -0.001 -15"><span class='ocrx_word' id='word_1_203' title='bbox 175 1778 215 1814; x_wconf 82' lang='grc' dir='ltr'>οὗ</span> <span class='ocrx_word' id='word_1_204' title='bbox 236 1775 332 1826; x_wconf 82' lang='grc' dir='ltr'>θέμις</span> <span class='ocrx_word' id='word_1_205' title='bbox 347 1775 434 1818; x_wconf 82' lang='grc' dir='ltr'>ὅλως</span> <span class='ocrx_word' id='word_1_206' title='bbox 453 1775 618 1823; x_wconf 81' lang='grc' dir='ltr'>ὀμνύναι,</span> <span class='ocrx_word' id='word_1_207' title='bbox 639 1774 715 1814; x_wconf 83' lang='grc' dir='ltr'>οὐδὲ</span> <span class='ocrx_word' id='word_1_208' title='bbox 735 1776 891 1826; x_wconf 88' lang='grc' dir='ltr'>ἀνάγκην</span> <span class='ocrx_word' id='word_1_209' title='bbox 909 1776 1051 1827; x_wconf 83' lang='grc' dir='ltr'>ἐπάγειν</span> <span class='ocrx_word' id='word_1_210' title='bbox 1067 1776 1196 1828; x_wconf 81' lang='grc' dir='ltr'>ὅρκων,</span> 
     </span>
     <span class='ocr_line' id='line_1_28' title="bbox 175 1836 1198 1888; baseline 0 -12"><span class='ocrx_word' id='word_1_211' title='bbox 175 1837 348 1876; x_wconf 78' lang='grc' dir='ltr'>διδάσκων</span> <span class='ocrx_word' id='word_1_212' title='bbox 366 1836 434 1875; x_wconf 78' lang='grc' dir='ltr'>ἀπὸ</span> <span class='ocrx_word' id='word_1_213' title='bbox 443 1839 512 1874; x_wconf 89' lang='grc' dir='ltr'>τῶν</span> <span class='ocrx_word' id='word_1_214' title='bbox 525 1836 624 1874; x_wconf 85' lang='grc' dir='ltr'>θείων</span> <span class='ocrx_word' id='word_1_215' title='bbox 645 1837 852 1888; x_wconf 80' lang='grc' dir='ltr'>εὐαγγελίων</span> <span class='ocrx_word' id='word_1_216' title='bbox 865 1850 874 1858; x_wconf 90' lang='grc'><em>·</em></span> <span class='ocrx_word' id='word_1_217' title='bbox 888 1837 1028 1885; x_wconf 83' lang='grc' dir='ltr'>ἔπειτα,</span> <span class='ocrx_word' id='word_1_218' title='bbox 1047 1837 1122 1875; x_wconf 53' lang='grc' dir='ltr'>θὸτι</span> <span class='ocrx_word' id='word_1_219' title='bbox 1139 1839 1198 1888; x_wconf 82' lang='grc' dir='ltr'>[οὗ</span> 
     </span>
    </p>
   </div>
   <div class='ocr_carea' id='block_1_8' title="bbox 1268 441 2434 1833">
    <p class='ocr_par' dir='ltr' id='par_1_8' title="bbox 1269 441 2434 976">
     <span class='ocr_line' id='line_1_29' title="bbox 1277 441 2231 496; baseline 0.006 -20"><span class='ocrx_word' id='word_1_220' title='bbox 1277 453 1387 490; x_wconf 89' lang='lat' dir='ltr'>quam</span> <span class='ocrx_word' id='word_1_221' title='bbox 1402 442 1567 479; x_wconf 87' lang='lat' dir='ltr'>sacrariis</span> <span class='ocrx_word' id='word_1_222' title='bbox 1585 441 1779 481; x_wconf 87' lang='lat' dir='ltr'>adhaerent.</span> <span class='ocrx_word' id='word_1_223' title='bbox 1803 446 1918 494; x_wconf 89' lang='lat' dir='ltr'><strong>Atque</strong></span> <span class='ocrx_word' id='word_1_224' title='bbox 1933 443 2009 482; x_wconf 87' lang='lat' dir='ltr'>haec</span> <span class='ocrx_word' id='word_1_225' title='bbox 2029 457 2096 481; x_wconf 89' lang='lat' dir='ltr'>non</span> <span class='ocrx_word' id='word_1_226' title='bbox 2115 446 2231 496; x_wconf 83' lang='lat' dir='ltr'>conje-</span> 
     </span>
     <span class='ocr_line' id='line_1_30' title="bbox 1276 499 2228 556; baseline 0.008 -21"><span class='ocrx_word' id='word_1_227' title='bbox 1276 499 1388 537; x_wconf 90' lang='lat' dir='ltr'>cturis</span> <span class='ocrx_word' id='word_1_228' title='bbox 1398 499 1574 540; x_wconf 88' lang='lat' dir='ltr'>adductus</span> <span class='ocrx_word' id='word_1_229' title='bbox 1586 502 1680 551; x_wconf 83' lang='lat' dir='ltr'>dico,</span> <span class='ocrx_word' id='word_1_230' title='bbox 1691 503 1748 541; x_wconf 78' lang='lat' dir='ltr'>sed</span> <span class='ocrx_word' id='word_1_231' title='bbox 1760 504 1837 555; x_wconf 90' lang='lat' dir='ltr'>ipsa</span> <span class='ocrx_word' id='word_1_232' title='bbox 1847 504 1992 543; x_wconf 87' lang='lat' dir='ltr'>edoctus</span> <span class='ocrx_word' id='word_1_233' title='bbox 2001 505 2228 556; x_wconf 81' lang='lat' dir='ltr'>experientia.</span> 
     </span>
     <span class='ocr_line' id='line_1_31' title="bbox 1276 560 2433 614; baseline 0.006 -17"><span class='ocrx_word' id='word_1_234' title='bbox 1276 560 1367 598; x_wconf 89' lang='lat' dir='ltr'>Nam</span> <span class='ocrx_word' id='word_1_235' title='bbox 1383 570 1463 599; x_wconf 89' lang='lat' dir='ltr'>ante</span> <span class='ocrx_word' id='word_1_236' title='bbox 1482 562 1549 600; x_wconf 85' lang='lat' dir='ltr'>hoc</span> <span class='ocrx_word' id='word_1_237' title='bbox 1568 563 1726 601; x_wconf 85' lang='lat' dir='ltr'>triduum</span> <span class='ocrx_word' id='word_1_238' title='bbox 1741 595 1750 611; x_wconf 94' lang='lat'>‚</span> <span class='ocrx_word' id='word_1_239' title='bbox 1767 566 1856 602; x_wconf 89' lang='lat' dir='ltr'>mihi</span> <span class='ocrx_word' id='word_1_240' title='bbox 1873 565 2025 614; x_wconf 82' lang='lat' dir='ltr'><strong>credite,</strong></span> <span class='ocrx_word' id='word_1_241' title='bbox 2045 580 2114 604; x_wconf 90' lang='lat' dir='ltr'>non</span> <span class='ocrx_word' id='word_1_242' title='bbox 2133 581 2229 604; x_wconf 89' lang='lat' dir='ltr'>men·</span> <span class='ocrx_word' id='word_1_243' title='bbox 2300 579 2433 606; x_wconf 64' lang='lat' dir='ltr'>Historsa</span> 
     </span>
     <span class='ocr_line' id='line_1_32' title="bbox 1276 620 2434 688; baseline 0.009 -31"><span class='ocrx_word' id='word_1_244' title='bbox 1276 620 1358 670; x_wconf 80' lang='lat' dir='ltr'>tior,</span> <span class='ocrx_word' id='word_1_245' title='bbox 1376 630 1573 661; x_wconf 85' lang='lat' dir='ltr'>matronam</span> <span class='ocrx_word' id='word_1_246' title='bbox 1590 625 1783 674; x_wconf 88' lang='lat' dir='ltr'>quamdam</span> <span class='ocrx_word' id='word_1_247' title='bbox 1796 626 1999 675; x_wconf 83' lang='lat' dir='ltr'>honestam,</span> <span class='ocrx_word' id='word_1_248' title='bbox 2015 627 2205 679; x_wconf 85' lang='lat' dir='ltr'>ingenuam</span> <span class='ocrx_word' id='word_1_249' title='bbox 2218 657 2227 675; x_wconf 92' lang='lat'>‚</span> <span class='ocrx_word' id='word_1_250' title='bbox 2242 620 2330 688; x_wconf 46' lang='grc' dir='ltr'>3ίέἰαὶ</span> <span class='ocrx_word' id='word_1_251' title='bbox 2343 620 2434 687; x_wconf 48' lang='grc' dir='ltr'>(ἶὲξζζ</span> 
     </span>
     <span class='ocr_line' id='line_1_33' title="bbox 1275 681 2433 739; baseline 0.009 -21"><span class='ocrx_word' id='word_1_252' title='bbox 1275 681 1469 720; x_wconf 81' lang='lat' dir='ltr'>modestam</span> <span class='ocrx_word' id='word_1_253' title='bbox 1482 713 1494 729; x_wconf 87' lang='grc'>,</span> <span class='ocrx_word' id='word_1_254' title='bbox 1511 693 1544 720; x_wconf 89' lang='lat' dir='ltr'>et</span> <span class='ocrx_word' id='word_1_255' title='bbox 1561 684 1700 722; x_wconf 83' lang='lat' dir='ltr'>fidelem</span> <span class='ocrx_word' id='word_1_256' title='bbox 1717 686 1792 723; x_wconf 86' lang='lat' dir='ltr'>vidi</span> <span class='ocrx_word' id='word_1_257' title='bbox 1807 716 1818 734; x_wconf 92' lang='lat'><em>‚</em></span> <span class='ocrx_word' id='word_1_258' title='bbox 1837 701 1943 736; x_wconf 88' lang='lat' dir='ltr'>quam</span> <span class='ocrx_word' id='word_1_259' title='bbox 1959 687 2065 725; x_wconf 85' lang='lat' dir='ltr'>homo</span> <span class='ocrx_word' id='word_1_260' title='bbox 2080 689 2226 739; x_wconf 89' lang='lat' dir='ltr'>quidam</span> <span class='ocrx_word' id='word_1_261' title='bbox 2241 703 2346 730; x_wconf 72' lang='lat' dir='ltr'>fierem</span> <span class='ocrx_word' id='word_1_262' title='bbox 2402 704 2433 728; x_wconf 75' lang='lat' dir='ltr'>in</span> 
     </span>
     <span class='ocr_line' id='line_1_34' title="bbox 1276 740 2433 811; baseline 0.01 -34"><span class='ocrx_word' id='word_1_263' title='bbox 1276 740 1454 792; x_wconf 87' lang='lat' dir='ltr'>impurus,</span> <span class='ocrx_word' id='word_1_264' title='bbox 1478 743 1649 792; x_wconf 83' lang='lat' dir='ltr'>stolidus,</span> <span class='ocrx_word' id='word_1_265' title='bbox 1671 745 1839 796; x_wconf 89' lang='lat' dir='ltr'>opinione</span> <span class='ocrx_word' id='word_1_266' title='bbox 1863 747 2087 786; x_wconf 80' lang='lat' dir='ltr'>Christianus</span> <span class='ocrx_word' id='word_1_267' title='bbox 2121 750 2224 797; x_wconf 85' lang='lat' dir='ltr'>(talia</span> <span class='ocrx_word' id='word_1_268' title='bbox 2242 743 2433 811; x_wconf 43' lang='lat' dir='ltr'>{ggxmffl}</span> 
     </span>
     <span class='ocr_line' id='line_1_35' title="bbox 1274 801 2432 862; baseline 0.011 -25"><span class='ocrx_word' id='word_1_269' title='bbox 1274 802 1369 837; x_wconf 87' lang='lat' dir='ltr'>enim</span> <span class='ocrx_word' id='word_1_270' title='bbox 1387 801 1574 840; x_wconf 82' lang='lat' dir='ltr'>audentem</span> <span class='ocrx_word' id='word_1_271' title='bbox 1598 804 1774 842; x_wconf 83' lang='lat' dir='ltr'>sincerum</span> <span class='ocrx_word' id='word_1_272' title='bbox 1799 806 2042 845; x_wconf 83' lang='lat' dir='ltr'>Christianum</span> <span class='ocrx_word' id='word_1_273' title='bbox 2071 822 2139 846; x_wconf 90' lang='lat' dir='ltr'>non</span> <span class='ocrx_word' id='word_1_274' title='bbox 2165 811 2226 847; x_wconf 90' lang='lat' dir='ltr'>di-</span> <span class='ocrx_word' id='word_1_275' title='bbox 2268 825 2432 862; x_wconf 58' lang='lat' dir='ltr'>jumndum</span> 
     </span>
     <span class='ocr_line' id='line_1_36' title="bbox 1278 860 2431 921; baseline 0.011 -24"><span class='ocrx_word' id='word_1_276' title='bbox 1278 860 1392 898; x_wconf 80' lang='lat' dir='ltr'>xerim</span> <span class='ocrx_word' id='word_1_277' title='bbox 1407 865 1418 912; x_wconf 93' lang='lat'><em>)</em></span> <span class='ocrx_word' id='word_1_278' title='bbox 1431 891 1441 909; x_wconf 87' lang='lat'>‚</span> <span class='ocrx_word' id='word_1_279' title='bbox 1458 862 1689 901; x_wconf 67' lang='lat' dir='ltr'>Hebraeorum</span> <span class='ocrx_word' id='word_1_280' title='bbox 1712 865 1825 902; x_wconf 87' lang='lat' dir='ltr'>aedem</span> <span class='ocrx_word' id='word_1_281' title='bbox 1845 866 1998 913; x_wconf 81' lang='lat' dir='ltr'>intrare,</span> <span class='ocrx_word' id='word_1_282' title='bbox 2016 868 2225 921; x_wconf 88' lang='lat' dir='ltr'>ibiquejus-</span> <span class='ocrx_word' id='word_1_283' title='bbox 2243 868 2352 912; x_wconf 57' lang='lat' dir='ltr'>³¹¹⁸er</span> <span class='ocrx_word' id='word_1_284' title='bbox 2382 876 2431 893; x_wconf 73' lang='lat'>⁰⁰⁶</span> 
     </span>
     <span class='ocr_line' id='line_1_37' title="bbox 1269 913 2348 976; baseline 0.012 -19"><span class='ocrx_word' id='word_1_285' title='bbox 1269 919 1467 971; x_wconf 86' lang='lat' dir='ltr'>jurandum</span> <span class='ocrx_word' id='word_1_286' title='bbox 1504 922 1549 960; x_wconf 78' lang='lat' dir='ltr'>de</span> <span class='ocrx_word' id='word_1_287' title='bbox 1582 925 1733 976; x_wconf 82' lang='lat' dir='ltr'>negotiis</span> <span class='ocrx_word' id='word_1_288' title='bbox 1767 925 1836 963; x_wconf 85' lang='lat' dir='ltr'>sibi</span> <span class='ocrx_word' id='word_1_289' title='bbox 1872 929 2110 967; x_wconf 80' lang='lat' dir='ltr'>controversis</span> <span class='ocrx_word' id='word_1_290' title='bbox 2146 931 2230 969; x_wconf 86' lang='lat' dir='ltr'>dare</span> <span class='ocrx_word' id='word_1_291' title='bbox 2244 913 2348 944; x_wconf 77' lang='lat' dir='ltr'>genus.</span> 
     </span>
    </p>

    <p class='ocr_par' dir='ltr' id='par_1_9' title="bbox 1268 984 2232 1833">
     <span class='ocr_line' id='line_1_38' title="bbox 1275 984 2231 1041; baseline 0.012 -22"><span class='ocrx_word' id='word_1_292' title='bbox 1275 984 1435 1034; x_wconf 84' lang='lat' dir='ltr'>cogebat.</span> <span class='ocrx_word' id='word_1_293' title='bbox 1473 985 1524 1022; x_wconf 91' lang='lat' dir='ltr'>Ut</span> <span class='ocrx_word' id='word_1_294' title='bbox 1562 998 1647 1024; x_wconf 90' lang='lat' dir='ltr'>vero</span> <span class='ocrx_word' id='word_1_295' title='bbox 1682 986 1744 1024; x_wconf 88' lang='lat' dir='ltr'>illa</span> <span class='ocrx_word' id='word_1_296' title='bbox 1778 1001 1882 1038; x_wconf 90' lang='lat' dir='ltr'>opem</span> <span class='ocrx_word' id='word_1_297' title='bbox 1920 988 2161 1041; x_wconf 86' lang='lat' dir='ltr'>implorabat,</span> <span class='ocrx_word' id='word_1_298' title='bbox 2198 1002 2231 1030; x_wconf 88' lang='lat' dir='ltr'>et</span> 
     </span>
     <span class='ocr_line' id='line_1_39' title="bbox 1274 1042 2231 1102; baseline 0.01 -22"><span class='ocrx_word' id='word_1_299' title='bbox 1274 1042 1349 1080; x_wconf 84' lang='lat' dir='ltr'>vim</span> <span class='ocrx_word' id='word_1_300' title='bbox 1380 1044 1585 1083; x_wconf 83' lang='lat' dir='ltr'>sceleratam</span> <span class='ocrx_word' id='word_1_301' title='bbox 1618 1047 1760 1084; x_wconf 86' lang='lat' dir='ltr'>amoliri</span> <span class='ocrx_word' id='word_1_302' title='bbox 1792 1049 1957 1100; x_wconf 89' lang='lat' dir='ltr'>cupiebat</span> <span class='ocrx_word' id='word_1_303' title='bbox 1974 1067 1983 1097; x_wconf 88' lang='lat'>;</span> <span class='ocrx_word' id='word_1_304' title='bbox 2017 1051 2086 1088; x_wconf 85' lang='lat' dir='ltr'>sibi</span> <span class='ocrx_word' id='word_1_305' title='bbox 2117 1053 2231 1102; x_wconf 87' lang='lat' dir='ltr'>enim,</span> 
     </span>
     <span class='ocr_line' id='line_1_40' title="bbox 1275 1105 2232 1163; baseline 0.011 -22"><span class='ocrx_word' id='word_1_306' title='bbox 1275 1118 1353 1154; x_wconf 82' lang='lat' dir='ltr'>quae</span> <span class='ocrx_word' id='word_1_307' title='bbox 1372 1105 1581 1144; x_wconf 78' lang='lat' dir='ltr'>divinorum</span> <span class='ocrx_word' id='word_1_308' title='bbox 1601 1110 1855 1160; x_wconf 83' lang='lat' dir='ltr'>mysteriorum</span> <span class='ocrx_word' id='word_1_309' title='bbox 1875 1111 2051 1163; x_wconf 85' lang='lat' dir='ltr'>particeps</span> <span class='ocrx_word' id='word_1_310' title='bbox 2070 1112 2160 1151; x_wconf 80' lang='lat' dir='ltr'>faeta</span> <span class='ocrx_word' id='word_1_311' title='bbox 2181 1128 2232 1152; x_wconf 88' lang='lat' dir='ltr'>es-</span> 
     </span>
     <span class='ocr_line' id='line_1_41' title="bbox 1273 1167 2229 1213; baseline 0.01 -10"><span class='ocrx_word' id='word_1_312' title='bbox 1273 1174 1338 1213; x_wconf 87' lang='lat' dir='ltr'>set,</span> <span class='ocrx_word' id='word_1_313' title='bbox 1377 1167 1480 1205; x_wconf 91' lang='lat' dir='ltr'>illum</span> <span class='ocrx_word' id='word_1_314' title='bbox 1517 1168 1637 1206; x_wconf 90' lang='lat' dir='ltr'>locum</span> <span class='ocrx_word' id='word_1_315' title='bbox 1677 1168 1776 1208; x_wconf 84' lang='lat' dir='ltr'>adire</span> <span class='ocrx_word' id='word_1_316' title='bbox 1813 1171 1907 1209; x_wconf 88' lang='lat' dir='ltr'>nefas</span> <span class='ocrx_word' id='word_1_317' title='bbox 1941 1186 2038 1210; x_wconf 88' lang='lat' dir='ltr'>esse:</span> <span class='ocrx_word' id='word_1_318' title='bbox 2062 1174 2229 1213; x_wconf 91' lang='lat' dir='ltr'>incensus</span> 
     </span>
     <span class='ocr_line' id='line_1_42' title="bbox 1273 1229 2229 1287; baseline 0.009 -22"><span class='ocrx_word' id='word_1_319' title='bbox 1273 1241 1337 1278; x_wconf 85' lang='lat' dir='ltr'>ego</span> <span class='ocrx_word' id='word_1_320' title='bbox 1365 1229 1440 1267; x_wconf 91' lang='lat' dir='ltr'>zelo</span> <span class='ocrx_word' id='word_1_321' title='bbox 1459 1238 1565 1280; x_wconf 88' lang='lat' dir='ltr'>atque</span> <span class='ocrx_word' id='word_1_322' title='bbox 1584 1229 1712 1268; x_wconf 88' lang='lat' dir='ltr'>ardens</span> <span class='ocrx_word' id='word_1_323' title='bbox 1733 1232 1896 1280; x_wconf 73' lang='lat' dir='ltr'>surrexi,</span> <span class='ocrx_word' id='word_1_324' title='bbox 1920 1247 1984 1272; x_wconf 83' lang='lat' dir='ltr'>nec</span> <span class='ocrx_word' id='word_1_325' title='bbox 2005 1234 2103 1272; x_wconf 84' lang='lat' dir='ltr'>illam</span> <span class='ocrx_word' id='word_1_326' title='bbox 2122 1249 2229 1287; x_wconf 90' lang='lat' dir='ltr'>porro</span> 
     </span>
     <span class='ocr_line' id='line_1_43' title="bbox 1273 1288 2230 1348; baseline 0.009 -22"><span class='ocrx_word' id='word_1_327' title='bbox 1273 1288 1318 1326; x_wconf 89' lang='lat' dir='ltr'>ad</span> <span class='ocrx_word' id='word_1_328' title='bbox 1334 1291 1662 1341; x_wconf 66' lang='lat' dir='ltr'>praevaricationem</span> <span class='ocrx_word' id='word_1_329' title='bbox 1677 1291 1768 1329; x_wconf 88' lang='lat' dir='ltr'>trahi</span> <span class='ocrx_word' id='word_1_330' title='bbox 1785 1307 1862 1330; x_wconf 91' lang='lat' dir='ltr'>sum</span> <span class='ocrx_word' id='word_1_331' title='bbox 1881 1308 2023 1345; x_wconf 84' lang='lat' dir='ltr'>passus,</span> <span class='ocrx_word' id='word_1_332' title='bbox 2042 1296 2230 1348; x_wconf 88' lang='lat' dir='ltr'>eripuique</span> 
     </span>
     <span class='ocr_line' id='line_1_44' title="bbox 1272 1349 2230 1409; baseline 0.01 -23"><span class='ocrx_word' id='word_1_333' title='bbox 1272 1349 1318 1387; x_wconf 88' lang='lat' dir='ltr'>ab</span> <span class='ocrx_word' id='word_1_334' title='bbox 1350 1350 1471 1401; x_wconf 90' lang='lat' dir='ltr'>iniqua</span> <span class='ocrx_word' id='word_1_335' title='bbox 1504 1351 1570 1389; x_wconf 86' lang='lat' dir='ltr'>ista</span> <span class='ocrx_word' id='word_1_336' title='bbox 1603 1352 1830 1392; x_wconf 83' lang='lat' dir='ltr'>abductione.</span> <span class='ocrx_word' id='word_1_337' title='bbox 1866 1356 1993 1393; x_wconf 88' lang='lat' dir='ltr'>Postea</span> <span class='ocrx_word' id='word_1_338' title='bbox 2026 1370 2105 1394; x_wconf 90' lang='lat' dir='ltr'>eum</span> <span class='ocrx_word' id='word_1_339' title='bbox 2119 1388 2130 1403; x_wconf 86' lang='lat'><em>,</em></span> <span class='ocrx_word' id='word_1_340' title='bbox 2167 1361 2230 1409; x_wconf 92' lang='lat' dir='ltr'>qui</span> 
     </span>
     <span class='ocr_line' id='line_1_45' title="bbox 1273 1412 2230 1468; baseline 0.009 -20"><span class='ocrx_word' id='word_1_341' title='bbox 1273 1419 1428 1449; x_wconf 79' lang='lat' dir='ltr'>traxerat</span> <span class='ocrx_word' id='word_1_342' title='bbox 1447 1412 1564 1461; x_wconf 86' lang='lat' dir='ltr'>illam,</span> <span class='ocrx_word' id='word_1_343' title='bbox 1589 1413 1860 1453; x_wconf 88' lang='lat' dir='ltr'>Christiannsne</span> <span class='ocrx_word' id='word_1_344' title='bbox 1879 1425 1968 1454; x_wconf 89' lang='lat' dir='ltr'>esset</span> <span class='ocrx_word' id='word_1_345' title='bbox 1989 1418 2129 1468; x_wconf 81' lang='lat' dir='ltr'>rogavi.</span> <span class='ocrx_word' id='word_1_346' title='bbox 2160 1420 2230 1457; x_wconf 89' lang='lat' dir='ltr'>Cui</span> 
     </span>
     <span class='ocr_line' id='line_1_46' title="bbox 1271 1473 2230 1531; baseline 0.009 -21"><span class='ocrx_word' id='word_1_347' title='bbox 1271 1473 1452 1511; x_wconf 83' lang='lat' dir='ltr'>confitenti</span> <span class='ocrx_word' id='word_1_348' title='bbox 1468 1475 1624 1525; x_wconf 86' lang='lat' dir='ltr'>graviter</span> <span class='ocrx_word' id='word_1_349' title='bbox 1642 1475 1774 1519; x_wconf 82' lang='lat' dir='ltr'>institi,</span> <span class='ocrx_word' id='word_1_350' title='bbox 1792 1477 1992 1516; x_wconf 88' lang='lat' dir='ltr'>fatuitatem</span> <span class='ocrx_word' id='word_1_351' title='bbox 2008 1480 2230 1531; x_wconf 83' lang='lat' dir='ltr'>exprobrans</span> 
     </span>
     <span class='ocr_line' id='line_1_47' title="bbox 1269 1535 2229 1592; baseline 0.009 -21"><span class='ocrx_word' id='word_1_352' title='bbox 1269 1543 1537 1586; x_wconf 79' lang='lat' dir='ltr'>extremamque</span> <span class='ocrx_word' id='word_1_353' title='bbox 1555 1535 1771 1575; x_wconf 86' lang='lat' dir='ltr'>dementiam</span> <span class='ocrx_word' id='word_1_354' title='bbox 1785 1567 1794 1584; x_wconf 89' lang='lat'>‚</span> <span class='ocrx_word' id='word_1_355' title='bbox 1817 1547 1851 1576; x_wconf 90' lang='lat' dir='ltr'>et</span> <span class='ocrx_word' id='word_1_356' title='bbox 1869 1539 1977 1577; x_wconf 87' lang='lat' dir='ltr'>asinis</span> <span class='ocrx_word' id='word_1_357' title='bbox 1998 1540 2100 1578; x_wconf 91' lang='lat' dir='ltr'>illum</span> <span class='ocrx_word' id='word_1_358' title='bbox 2120 1541 2229 1592; x_wconf 87' lang='lat' dir='ltr'>quid-</span> 
     </span>
     <span class='ocr_line' id='line_1_48' title="bbox 1269 1598 2228 1648; baseline 0.01 -17"><span class='ocrx_word' id='word_1_359' title='bbox 1269 1608 1376 1644; x_wconf 87' lang='lat' dir='ltr'>quam</span> <span class='ocrx_word' id='word_1_360' title='bbox 1397 1605 1564 1647; x_wconf 76' lang='lat' dir='ltr'>praestare</span> <span class='ocrx_word' id='word_1_361' title='bbox 1585 1598 1737 1648; x_wconf 80' lang='lat' dir='ltr'>negavi,</span> <span class='ocrx_word' id='word_1_362' title='bbox 1761 1598 1790 1636; x_wconf 91' lang='lat' dir='ltr'>si</span> <span class='ocrx_word' id='word_1_363' title='bbox 1811 1599 1994 1638; x_wconf 84' lang='lat' dir='ltr'>Christum</span> <span class='ocrx_word' id='word_1_364' title='bbox 2015 1615 2052 1639; x_wconf 91' lang='lat' dir='ltr'>se</span> <span class='ocrx_word' id='word_1_365' title='bbox 2080 1602 2228 1642; x_wconf 87' lang='lat' dir='ltr'>adorare</span> 
     </span>
     <span class='ocr_line' id='line_1_49' title="bbox 1269 1656 2227 1712; baseline 0.011 -21"><span class='ocrx_word' id='word_1_366' title='bbox 1269 1656 1458 1707; x_wconf 83' lang='lat' dir='ltr'>profitens,</span> <span class='ocrx_word' id='word_1_367' title='bbox 1481 1657 1525 1694; x_wconf 86' lang='lat' dir='ltr'>ad</span> <span class='ocrx_word' id='word_1_368' title='bbox 1545 1657 1776 1705; x_wconf 81' lang='lat' dir='ltr'>Judaeorum,</span> <span class='ocrx_word' id='word_1_369' title='bbox 1806 1660 1867 1710; x_wconf 91' lang='lat' dir='ltr'>qui</span> <span class='ocrx_word' id='word_1_370' title='bbox 1889 1660 2007 1712; x_wconf 89' lang='lat' dir='ltr'>ipsum</span> <span class='ocrx_word' id='word_1_371' title='bbox 2027 1664 2227 1702; x_wconf 80' lang='lat' dir='ltr'>crucifixis-</span> 
     </span>
     <span class='ocr_line' id='line_1_50' title="bbox 1268 1717 2226 1775; baseline 0.009 -23"><span class='ocrx_word' id='word_1_372' title='bbox 1268 1725 1356 1763; x_wconf 77' lang='lat' dir='ltr'>sent,</span> <span class='ocrx_word' id='word_1_373' title='bbox 1369 1717 1554 1768; x_wconf 86' lang='lat' dir='ltr'>speluncas</span> <span class='ocrx_word' id='word_1_374' title='bbox 1567 1732 1783 1769; x_wconf 87' lang='lat' dir='ltr'>quemquam</span> <span class='ocrx_word' id='word_1_375' title='bbox 1797 1720 1962 1758; x_wconf 83' lang='lat' dir='ltr'>traheret.</span> <span class='ocrx_word' id='word_1_376' title='bbox 1979 1723 2226 1775; x_wconf 82' lang='lat' dir='ltr'>productoque</span> 
     </span>
     <span class='ocr_line' id='line_1_51' title="bbox 1268 1776 2227 1833; baseline 0.01 -19"><span class='ocrx_word' id='word_1_377' title='bbox 1268 1776 1409 1828; x_wconf 83' lang='lat' dir='ltr'>longius</span> <span class='ocrx_word' id='word_1_378' title='bbox 1447 1792 1606 1817; x_wconf 87' lang='lat' dir='ltr'>sermone</span> <span class='ocrx_word' id='word_1_379' title='bbox 1641 1780 1799 1831; x_wconf 85' lang='lat' dir='ltr'>primum</span> <span class='ocrx_word' id='word_1_380' title='bbox 1833 1795 1979 1833; x_wconf 91' lang='lat' dir='ltr'>prorsus</span> <span class='ocrx_word' id='word_1_381' title='bbox 2013 1797 2082 1821; x_wconf 89' lang='lat' dir='ltr'>non</span> <span class='ocrx_word' id='word_1_382' title='bbox 2122 1785 2227 1824; x_wconf 90' lang='lat' dir='ltr'>licere</span> 
     </span>
    </p>
   </div>
   <div class='ocr_carea' id='block_1_9' title="bbox 1263 1839 2226 1895">
    <p class='ocr_par' dir='ltr' id='par_1_10' title="bbox 1263 1839 2226 1895">
     <span class='ocr_line' id='line_1_52' title="bbox 1263 1839 2226 1895; baseline 0.01 -20"><span class='ocrx_word' id='word_1_383' title='bbox 1263 1839 1408 1889; x_wconf 88' lang='lat' dir='ltr'>jurare,</span> <span class='ocrx_word' id='word_1_384' title='bbox 1433 1854 1546 1890; x_wconf 90' lang='lat' dir='ltr'>neque</span> <span class='ocrx_word' id='word_1_385' title='bbox 1561 1840 1608 1878; x_wconf 84' lang='lat' dir='ltr'>ad</span> <span class='ocrx_word' id='word_1_386' title='bbox 1624 1842 1882 1893; x_wconf 87' lang='lat' dir='ltr'>jusjurandum</span> <span class='ocrx_word' id='word_1_387' title='bbox 1900 1858 2115 1895; x_wconf 85' lang='lat' dir='ltr'>quemquam</span> <span class='ocrx_word' id='word_1_388' title='bbox 2138 1847 2226 1885; x_wconf 88' lang='lat' dir='ltr'>inci-</span> 
     </span>
    </p>
   </div>
   <div class='ocr_carea' id='block_1_10' title="bbox 2242 1713 2412 1793">
    <p class='ocr_par' dir='ltr' id='par_1_11' title="bbox 2242 1713 2412 1793">
     <span class='ocr_line' id='line_1_53' title="bbox 2246 1713 2412 1744; baseline 0.018 -3"><span class='ocrx_word' id='word_1_389' title='bbox 2246 1713 2356 1743; x_wconf 78' lang='lat' dir='ltr'>Mauh.</span> <span class='ocrx_word' id='word_1_390' title='bbox 2381 1715 2412 1744; x_wconf 89' lang='lat'>5.</span> 
     </span>
     <span class='ocr_line' id='line_1_54' title="bbox 2242 1754 2292 1793; baseline 0 -10"><span class='ocrx_word' id='word_1_391' title='bbox 2242 1754 2292 1793; x_wconf 62' lang='lat'>34.</span> 
     </span>
    </p>
   </div>
   <div class='ocr_carea' id='block_1_11' title="bbox 176 1898 2224 1954">
    <p class='ocr_par' dir='ltr' id='par_1_12' title="bbox 176 1898 2224 1954">
     <span class='ocr_line' id='line_1_55' title="bbox 176 1898 2224 1954; baseline 0.004 -16"><span class='ocrx_word' id='word_1_392' title='bbox 176 1899 296 1950; x_wconf 88' lang='grc' dir='ltr'>μόνον]</span> <span class='ocrx_word' id='word_1_393' title='bbox 312 1899 388 1951; x_wconf 69' lang='grc' dir='ltr'>οὐχὶ</span> <span class='ocrx_word' id='word_1_394' title='bbox 402 1898 530 1946; x_wconf 82' lang='grc' dir='ltr'>πιστὴν</span> <span class='ocrx_word' id='word_1_395' title='bbox 550 1899 610 1936; x_wconf 84' lang='grc' dir='ltr'>καὶ</span> <span class='ocrx_word' id='word_1_396' title='bbox 622 1899 870 1949; x_wconf 85' lang='grc' dir='ltr'>μεμυημένην,</span> <span class='ocrx_word' id='word_1_397' title='bbox 891 1901 967 1937; x_wconf 87' lang='grc' dir='ltr'>ἀλλ’</span> <span class='ocrx_word' id='word_1_398' title='bbox 984 1899 1060 1937; x_wconf 74' lang='grc' dir='ltr'>οὐδὲ</span> <span class='ocrx_word' id='word_1_399' title='bbox 1076 1899 1195 1949; x_wconf 84' lang='grc' dir='ltr'>ἀμύη-</span> <span class='ocrx_word' id='word_1_400' title='bbox 1220 1915 1243 1946; x_wconf 82' lang='lat' dir='ltr'>C</span> <span class='ocrx_word' id='word_1_401' title='bbox 1267 1908 1360 1947; x_wconf 87' lang='lat' dir='ltr'>tare,</span> <span class='ocrx_word' id='word_1_402' title='bbox 1390 1914 1433 1938; x_wconf 82' lang='lat' dir='ltr'>ex</span> <span class='ocrx_word' id='word_1_403' title='bbox 1462 1915 1561 1939; x_wconf 82' lang='lat' dir='ltr'>sacro</span> <span class='ocrx_word' id='word_1_404' title='bbox 1587 1903 1786 1954; x_wconf 83' lang='lat' dir='ltr'>Evangelio</span> <span class='ocrx_word' id='word_1_405' title='bbox 1815 1903 1922 1942; x_wconf 92' lang='lat' dir='ltr'>docui</span> <span class='ocrx_word' id='word_1_406' title='bbox 1945 1922 1952 1943; x_wconf 94' lang='lat'><strong>:</strong></span> <span class='ocrx_word' id='word_1_407' title='bbox 1972 1905 2100 1945; x_wconf 85' lang='lat' dir='ltr'>deinde</span> <span class='ocrx_word' id='word_1_408' title='bbox 2114 1938 2124 1954; x_wconf 85' lang='lat'>‚</span> <span class='ocrx_word' id='word_1_409' title='bbox 2155 1922 2224 1946; x_wconf 93' lang='lat' dir='ltr'>non</span> 
     </span>
    </p>
   </div>
   <div class='ocr_carea' id='block_1_12' title="bbox 173 1958 1196 2135">
    <p class='ocr_par' dir='ltr' id='par_1_13' title="bbox 173 1958 1196 2135">
     <span class='ocr_line' id='line_1_56' title="bbox 174 1958 1196 2012; baseline 0.001 -14"><span class='ocrx_word' id='word_1_410' title='bbox 174 1959 232 1998; x_wconf 88' lang='grc' dir='ltr'>τόν</span> <span class='ocrx_word' id='word_1_411' title='bbox 249 1974 327 1997; x_wconf 89' lang='grc' dir='ltr'>τινα</span> <span class='ocrx_word' id='word_1_412' title='bbox 345 1959 431 2010; x_wconf 84' lang='grc' dir='ltr'>πρὸς</span> <span class='ocrx_word' id='word_1_413' title='bbox 448 1958 578 2006; x_wconf 88' lang='grc' dir='ltr'>ταύτην</span> <span class='ocrx_word' id='word_1_414' title='bbox 595 1958 709 1997; x_wconf 80' lang='grc' dir='ltr'>ἕλκειν</span> <span class='ocrx_word' id='word_1_415' title='bbox 737 1962 842 2012; x_wconf 77' lang='grc' dir='ltr'>ἐχρῆν</span> <span class='ocrx_word' id='word_1_416' title='bbox 862 1959 925 2006; x_wconf 85' lang='grc' dir='ltr'>τὴν</span> <span class='ocrx_word' id='word_1_417' title='bbox 946 1961 1115 2012; x_wconf 89' lang='grc' dir='ltr'>ἀνάγκην.</span> <span class='ocrx_word' id='word_1_418' title='bbox 1134 1960 1196 2004; x_wconf 87' lang='grc' dir='ltr'>Ὡς</span> 
     </span>
     <span class='ocr_line' id='line_1_57' title="bbox 175 2020 1193 2074; baseline 0.001 -15"><span class='ocrx_word' id='word_1_419' title='bbox 175 2020 211 2059; x_wconf 78' lang='grc' dir='ltr'>δὲ</span> <span class='ocrx_word' id='word_1_420' title='bbox 230 2020 390 2065; x_wconf 73' lang='grc' dir='ltr'>ἐξέὸαλον</span> <span class='ocrx_word' id='word_1_421' title='bbox 411 2021 468 2059; x_wconf 78' lang='grc' dir='ltr'>διὰ</span> <span class='ocrx_word' id='word_1_422' title='bbox 486 2023 627 2059; x_wconf 84' lang='grc' dir='ltr'>πολλῶν</span> <span class='ocrx_word' id='word_1_423' title='bbox 654 2021 714 2059; x_wconf 86' lang='grc' dir='ltr'>καὶ</span> <span class='ocrx_word' id='word_1_424' title='bbox 735 2024 880 2074; x_wconf 89' lang='grc' dir='ltr'>μακρῶν</span> <span class='ocrx_word' id='word_1_425' title='bbox 912 2022 1024 2072; x_wconf 86' lang='grc' dir='ltr'>λόγων</span> <span class='ocrx_word' id='word_1_426' title='bbox 1043 2022 1107 2069; x_wconf 81' lang='grc' dir='ltr'>τὴν</span> <span class='ocrx_word' id='word_1_427' title='bbox 1132 2039 1193 2061; x_wconf 90' lang='grc' dir='ltr'>πε-</span> 
     </span>
     <span class='ocr_line' id='line_1_58' title="bbox 173 2081 1192 2135; baseline 0.002 -16"><span class='ocrx_word' id='word_1_428' title='bbox 173 2082 401 2132; x_wconf 81' lang='grc' dir='ltr'>πλανημένην</span> <span class='ocrx_word' id='word_1_429' title='bbox 416 2081 580 2121; x_wconf 79' lang='grc' dir='ltr'>ὑπόνοιαν</span> <span class='ocrx_word' id='word_1_430' title='bbox 593 2086 656 2128; x_wconf 77' lang='grc' dir='ltr'>τῆς</span> <span class='ocrx_word' id='word_1_431' title='bbox 670 2082 799 2121; x_wconf 83' lang='grc' dir='ltr'>ἐκείνου</span> <span class='ocrx_word' id='word_1_432' title='bbox 814 2085 947 2135; x_wconf 67' lang='grc' dir='ltr'>ψυχῆς,</span> <span class='ocrx_word' id='word_1_433' title='bbox 966 2083 1112 2135; x_wconf 82' lang='grc' dir='ltr'>ἠρώτων</span> <span class='ocrx_word' id='word_1_434' title='bbox 1131 2084 1192 2131; x_wconf 78' lang='grc' dir='ltr'>τὴν</span> 
     </span>
    </p>
   </div>
   <div class='ocr_carea' id='block_1_13' title="bbox 944 2143 1194 2183">
    <p class='ocr_par' dir='ltr' id='par_1_14' title="bbox 944 2143 1194 2183">
     <span class='ocr_line' id='line_1_59' title="bbox 944 2143 1194 2183; baseline 0 -1"><span class='ocrx_word' id='word_1_435' title='bbox 944 2143 1027 2183; x_wconf 58' lang='grc' dir='ltr'>ἀέπὶ</span> <span class='ocrx_word' id='word_1_436' title='bbox 1049 2144 1093 2182; x_wconf 76' lang='grc' dir='ltr'>τὰ</span> <span class='ocrx_word' id='word_1_437' title='bbox 1125 2149 1194 2183; x_wconf 86' lang='grc' dir='ltr'>τῶν</span> 
     </span>
    </p>
   </div>
   <div class='ocr_carea' id='block_1_14' title="bbox 170 2142 1195 3232">
    <p class='ocr_par' dir='ltr' id='par_1_15' title="bbox 170 2142 1195 3232">
     <span class='ocr_line' id='line_1_60' title="bbox 174 2142 923 2195; baseline 0 -14"><span class='ocrx_word' id='word_1_438' title='bbox 174 2143 314 2190; x_wconf 78' lang='grc' dir='ltr'>αἰτίαν,</span> <span class='ocrx_word' id='word_1_439' title='bbox 338 2144 380 2181; x_wconf 82' lang='grc' dir='ltr'>δι’</span> <span class='ocrx_word' id='word_1_440' title='bbox 400 2142 442 2188; x_wconf 79' lang='grc' dir='ltr'>ἣν</span> <span class='ocrx_word' id='word_1_441' title='bbox 475 2143 539 2190; x_wconf 79' lang='grc' dir='ltr'>τὴν</span> <span class='ocrx_word' id='word_1_442' title='bbox 556 2143 774 2190; x_wconf 83' lang='grc' dir='ltr'>Ἐκκλησίαν</span> <span class='ocrx_word' id='word_1_443' title='bbox 805 2144 923 2195; x_wconf 74' lang='grc' dir='ltr'>ἀφεὶς,</span> 
     </span>
     <span class='ocr_line' id='line_1_61' title="bbox 172 2199 1195 2258; baseline 0.001 -15"><span class='ocrx_word' id='word_1_444' title='bbox 172 2203 351 2258; x_wconf 72' lang='grc' dir='ltr'>Ἑὸραίων</span> <span class='ocrx_word' id='word_1_445' title='bbox 382 2199 474 2243; x_wconf 71' lang='grc' dir='ltr'>εἷλκε</span> <span class='ocrx_word' id='word_1_446' title='bbox 504 2204 676 2256; x_wconf 84' lang='grc' dir='ltr'>συνέδρια.</span> <span class='ocrx_word' id='word_1_447' title='bbox 697 2205 742 2243; x_wconf 86' lang='grc' dir='ltr'>Ὁ</span> <span class='ocrx_word' id='word_1_448' title='bbox 770 2205 806 2242; x_wconf 80' lang='grc' dir='ltr'>δὲ</span> <span class='ocrx_word' id='word_1_449' title='bbox 836 2205 984 2249; x_wconf 79' lang='grc' dir='ltr'>πολλοὺς</span> <span class='ocrx_word' id='word_1_450' title='bbox 1011 2206 1076 2258; x_wconf 63' lang='grc' dir='ltr'>ἔφη</span> <span class='ocrx_word' id='word_1_451' title='bbox 1110 2208 1195 2258; x_wconf 85' lang='grc' dir='ltr'>πρὸς</span> 
     </span>
     <span class='ocr_line' id='line_1_62' title="bbox 174 2267 1195 2319; baseline 0.001 -14"><span class='ocrx_word' id='word_1_452' title='bbox 174 2268 273 2306; x_wconf 79' lang='grc' dir='ltr'>αὐτὸν</span> <span class='ocrx_word' id='word_1_453' title='bbox 296 2267 492 2319; x_wconf 83' lang='grc' dir='ltr'>εἰρηκέναι,</span> <span class='ocrx_word' id='word_1_454' title='bbox 513 2267 770 2319; x_wconf 68' lang='grc' dir='ltr'>φοίῗερωτέρους</span> <span class='ocrx_word' id='word_1_455' title='bbox 788 2267 866 2310; x_wconf 73' lang='grc' dir='ltr'>τοὺς</span> <span class='ocrx_word' id='word_1_456' title='bbox 893 2269 966 2306; x_wconf 80' lang='grc' dir='ltr'>ἐκεῖ</span> <span class='ocrx_word' id='word_1_457' title='bbox 996 2269 1195 2318; x_wconf 80' lang='grc' dir='ltr'>γινομένους</span> 
     </span>
     <span class='ocr_line' id='line_1_63' title="bbox 171 2322 1193 2380; baseline 0 -14"><span class='ocrx_word' id='word_1_458' title='bbox 171 2328 294 2379; x_wconf 78' lang='grc' dir='ltr'>ὅρκους</span> <span class='ocrx_word' id='word_1_459' title='bbox 313 2322 411 2366; x_wconf 63' lang='grc' dir='ltr'>εἶναι.</span> <span class='ocrx_word' id='word_1_460' title='bbox 429 2327 513 2365; x_wconf 84' lang='grc' dir='ltr'>Ἐπὶ</span> <span class='ocrx_word' id='word_1_461' title='bbox 533 2326 666 2370; x_wconf 87' lang='grc' dir='ltr'>τούτοις</span> <span class='ocrx_word' id='word_1_462' title='bbox 683 2327 848 2371; x_wconf 82' lang='grc' dir='ltr'>ἐστέναξα</span> <span class='ocrx_word' id='word_1_463' title='bbox 863 2357 872 2374; x_wconf 89' lang='grc'>,</span> <span class='ocrx_word' id='word_1_464' title='bbox 900 2328 960 2366; x_wconf 87' lang='grc' dir='ltr'>καὶ</span> <span class='ocrx_word' id='word_1_465' title='bbox 977 2329 1193 2380; x_wconf 74' lang='grc' dir='ltr'>ἐνεπρήσθην</span> 
     </span>
     <span class='ocr_line' id='line_1_64' title="bbox 172 2386 1194 2438; baseline 0.001 -14"><span class='ocrx_word' id='word_1_466' title='bbox 172 2387 241 2426; x_wconf 79' lang='grc' dir='ltr'>ὑπὸ</span> <span class='ocrx_word' id='word_1_467' title='bbox 256 2391 382 2437; x_wconf 81' lang='grc' dir='ltr'>θυμοῦ,</span> <span class='ocrx_word' id='word_1_468' title='bbox 403 2386 462 2424; x_wconf 74' lang='grc' dir='ltr'>καὶ</span> <span class='ocrx_word' id='word_1_469' title='bbox 482 2386 571 2436; x_wconf 83' lang='grc' dir='ltr'>μετὰ</span> <span class='ocrx_word' id='word_1_470' title='bbox 592 2392 702 2425; x_wconf 80' lang='grc' dir='ltr'>ταῦτα</span> <span class='ocrx_word' id='word_1_471' title='bbox 734 2387 864 2437; x_wconf 85' lang='grc' dir='ltr'>ἐγέλων</span> <span class='ocrx_word' id='word_1_472' title='bbox 896 2387 1014 2425; x_wconf 88' lang='grc' dir='ltr'>πάλιν.</span> <span class='ocrx_word' id='word_1_473' title='bbox 1035 2388 1113 2435; x_wconf 76' lang='grc' dir='ltr'>Τὴν</span> <span class='ocrx_word' id='word_1_474' title='bbox 1131 2389 1194 2438; x_wconf 82' lang='grc' dir='ltr'>μὲν</span> 
     </span>
     <span class='ocr_line' id='line_1_65' title="bbox 172 2444 1192 2501; baseline 0.001 -14"><span class='ocrx_word' id='word_1_475' title='bbox 172 2449 238 2501; x_wconf 80' lang='grc' dir='ltr'>γὰρ</span> <span class='ocrx_word' id='word_1_476' title='bbox 260 2453 320 2487; x_wconf 82' lang='grc' dir='ltr'>τοῦ</span> <span class='ocrx_word' id='word_1_477' title='bbox 348 2447 510 2486; x_wconf 66' lang='grc' dir='ltr'>διαίόλου</span> <span class='ocrx_word' id='word_1_478' title='bbox 542 2447 754 2500; x_wconf 84' lang='grc' dir='ltr'>κακουργίαν</span> <span class='ocrx_word' id='word_1_479' title='bbox 784 2451 891 2500; x_wconf 79' lang='grc' dir='ltr'>ὁρῶν,</span> <span class='ocrx_word' id='word_1_480' title='bbox 915 2449 1116 2495; x_wconf 82' lang='grc' dir='ltr'>ἐστέναζον,</span> <span class='ocrx_word' id='word_1_481' title='bbox 1137 2444 1192 2488; x_wconf 71' lang='grc' dir='ltr'>οἶα</span> 
     </span>
     <span class='ocr_line' id='line_1_66' title="bbox 170 2507 1190 2563; baseline 0 -15"><span class='ocrx_word' id='word_1_482' title='bbox 170 2510 250 2554; x_wconf 79' lang='grc' dir='ltr'>τοὺς</span> <span class='ocrx_word' id='word_1_483' title='bbox 271 2508 472 2561; x_wconf 81' lang='grc' dir='ltr'>ἀνθρώπους</span> <span class='ocrx_word' id='word_1_484' title='bbox 501 2509 700 2547; x_wconf 84' lang='grc' dir='ltr'>ἀναπείθειν</span> <span class='ocrx_word' id='word_1_485' title='bbox 729 2507 868 2561; x_wconf 76' lang='grc' dir='ltr'>ἴσχυσε·</span> <span class='ocrx_word' id='word_1_486' title='bbox 885 2509 949 2556; x_wconf 81' lang='grc' dir='ltr'>τὴν</span> <span class='ocrx_word' id='word_1_487' title='bbox 964 2509 999 2548; x_wconf 72' lang='grc' dir='ltr'>δὲ</span> <span class='ocrx_word' id='word_1_488' title='bbox 1021 2510 1190 2563; x_wconf 76' lang='grc' dir='ltr'>ῥαθυμίαν</span> 
     </span>
     <span class='ocr_line' id='line_1_67' title="bbox 170 2569 1192 2622; baseline 0.002 -13"><span class='ocrx_word' id='word_1_489' title='bbox 170 2573 240 2610; x_wconf 84' lang='grc' dir='ltr'>τῶν</span> <span class='ocrx_word' id='word_1_490' title='bbox 259 2569 500 2620; x_wconf 86' lang='grc' dir='ltr'>ἀπατωμένων</span> <span class='ocrx_word' id='word_1_491' title='bbox 516 2570 749 2622; x_wconf 86' lang='grc' dir='ltr'>λογιζόμενος,</span> <span class='ocrx_word' id='word_1_492' title='bbox 764 2571 1038 2622; x_wconf 86' lang='grc' dir='ltr'>ἐνεπιμπράμην</span> <span class='ocrx_word' id='word_1_493' title='bbox 1053 2572 1120 2610; x_wconf 79' lang='grc' dir='ltr'>ὑπὸ</span> <span class='ocrx_word' id='word_1_494' title='bbox 1133 2575 1192 2611; x_wconf 75' lang='grc' dir='ltr'>τοῦ</span> 
     </span>
     <span class='ocr_line' id='line_1_68' title="bbox 171 2630 1190 2682; baseline 0.001 -12"><span class='ocrx_word' id='word_1_495' title='bbox 171 2635 299 2682; x_wconf 74' lang='grc' dir='ltr'>θυμοῦ·</span> <span class='ocrx_word' id='word_1_496' title='bbox 322 2631 380 2669; x_wconf 80' lang='grc' dir='ltr'>καὶ</span> <span class='ocrx_word' id='word_1_497' title='bbox 399 2630 462 2677; x_wconf 83' lang='grc' dir='ltr'>τὴν</span> <span class='ocrx_word' id='word_1_498' title='bbox 494 2631 612 2668; x_wconf 82' lang='grc' dir='ltr'>ἄνοιαν</span> <span class='ocrx_word' id='word_1_499' title='bbox 638 2631 744 2669; x_wconf 82' lang='grc' dir='ltr'>πάλιν</span> <span class='ocrx_word' id='word_1_500' title='bbox 763 2635 832 2670; x_wconf 86' lang='grc' dir='ltr'>τῶν</span> <span class='ocrx_word' id='word_1_501' title='bbox 853 2632 1099 2678; x_wconf 82' lang='grc' dir='ltr'>ἀπατηθέντων</span> <span class='ocrx_word' id='word_1_502' title='bbox 1127 2634 1190 2680; x_wconf 79' lang='grc' dir='ltr'>ὅση</span> 
     </span>
     <span class='ocr_line' id='line_1_69' title="bbox 171 2687 1193 2746; baseline 0 -14"><span class='ocrx_word' id='word_1_503' title='bbox 171 2693 231 2733; x_wconf 68' lang='grc' dir='ltr'>καὶ</span> <span class='ocrx_word' id='word_1_504' title='bbox 245 2693 351 2740; x_wconf 88' lang='grc' dir='ltr'>ἡλίκη</span> <span class='ocrx_word' id='word_1_505' title='bbox 366 2709 418 2736; x_wconf 87' lang='grc' dir='ltr'>τις</span> <span class='ocrx_word' id='word_1_506' title='bbox 430 2687 472 2740; x_wconf 70' lang='grc' dir='ltr'>ἦν</span> <span class='ocrx_word' id='word_1_507' title='bbox 487 2694 640 2739; x_wconf 84' lang='grc' dir='ltr'>σκοπῶν,</span> <span class='ocrx_word' id='word_1_508' title='bbox 653 2693 795 2744; x_wconf 86' lang='grc' dir='ltr'>ἐγέλων.</span> <span class='ocrx_word' id='word_1_509' title='bbox 814 2694 938 2732; x_wconf 79' lang='grc' dir='ltr'>Ταῦτα</span> <span class='ocrx_word' id='word_1_510' title='bbox 954 2695 988 2732; x_wconf 81' lang='grc' dir='ltr'>δὲ</span> <span class='ocrx_word' id='word_1_511' title='bbox 1001 2688 1094 2732; x_wconf 76' lang='grc' dir='ltr'>εἷπον</span> <span class='ocrx_word' id='word_1_512' title='bbox 1108 2696 1193 2746; x_wconf 76' lang='grc' dir='ltr'>πρὸς</span> 
     </span>
     <span class='ocr_line' id='line_1_70' title="bbox 171 2753 1191 2805; baseline 0.001 -13"><span class='ocrx_word' id='word_1_513' title='bbox 171 2757 261 2805; x_wconf 79' lang='grc' dir='ltr'>ὑμᾶς</span> <span class='ocrx_word' id='word_1_514' title='bbox 289 2756 347 2791; x_wconf 75' lang='grc' dir='ltr'>καὶ</span> <span class='ocrx_word' id='word_1_515' title='bbox 367 2753 592 2804; x_wconf 84' lang='grc' dir='ltr'>διηγησάμην</span> <span class='ocrx_word' id='word_1_516' title='bbox 605 2784 614 2800; x_wconf 91' lang='grc'>,</span> <span class='ocrx_word' id='word_1_517' title='bbox 636 2753 754 2799; x_wconf 77' lang='grc' dir='ltr'>ἐπειδὴ</span> <span class='ocrx_word' id='word_1_518' title='bbox 785 2754 869 2804; x_wconf 79' lang='grc' dir='ltr'>πρὸς</span> <span class='ocrx_word' id='word_1_519' title='bbox 889 2754 967 2798; x_wconf 75' lang='grc' dir='ltr'>τοὺς</span> <span class='ocrx_word' id='word_1_520' title='bbox 986 2755 1029 2792; x_wconf 80' lang='grc' dir='ltr'>τὰ</span> <span class='ocrx_word' id='word_1_521' title='bbox 1048 2759 1191 2793; x_wconf 78' lang='grc' dir='ltr'>τοιαῦτα</span> 
     </span>
     <span class='ocr_line' id='line_1_71' title="bbox 171 2813 1191 2866; baseline 0 -13"><span class='ocrx_word' id='word_1_522' title='bbox 171 2814 231 2853; x_wconf 74' lang='grc' dir='ltr'>καὶ</span> <span class='ocrx_word' id='word_1_523' title='bbox 246 2817 429 2856; x_wconf 81' lang='grc' dir='ltr'>ποιοῦντας</span> <span class='ocrx_word' id='word_1_524' title='bbox 446 2813 505 2852; x_wconf 78' lang='grc' dir='ltr'>καὶ</span> <span class='ocrx_word' id='word_1_525' title='bbox 525 2813 726 2866; x_wconf 75' lang='grc' dir='ltr'>πάσχοντας</span> <span class='ocrx_word' id='word_1_526' title='bbox 744 2814 986 2866; x_wconf 78' lang='grc' dir='ltr'>ἀπανθρώπως</span> <span class='ocrx_word' id='word_1_527' title='bbox 1003 2816 1063 2853; x_wconf 80' lang='grc' dir='ltr'>καὶ</span> <span class='ocrx_word' id='word_1_528' title='bbox 1083 2817 1191 2854; x_wconf 72' lang='grc' dir='ltr'>ἀναλ-</span> 
     </span>
     <span class='ocr_line' id='line_1_72' title="bbox 172 2875 1191 2929; baseline 0.002 -16"><span class='ocrx_word' id='word_1_529' title='bbox 172 2875 287 2927; x_wconf 83' lang='grc' dir='ltr'>γήτως</span> <span class='ocrx_word' id='word_1_530' title='bbox 306 2875 495 2913; x_wconf 84' lang='grc' dir='ltr'>διάκεισοε”</span> <span class='ocrx_word' id='word_1_531' title='bbox 526 2875 590 2912; x_wconf 82' lang='grc' dir='ltr'>κᾶν</span> <span class='ocrx_word' id='word_1_532' title='bbox 614 2875 708 2922; x_wconf 81' lang='grc' dir='ltr'>ἴδητέ</span> <span class='ocrx_word' id='word_1_533' title='bbox 736 2892 816 2914; x_wconf 85' lang='grc' dir='ltr'>τινα</span> <span class='ocrx_word' id='word_1_534' title='bbox 838 2879 907 2913; x_wconf 81' lang='grc' dir='ltr'>τῶν</span> <span class='ocrx_word' id='word_1_535' title='bbox 940 2877 1097 2929; x_wconf 76' lang='grc' dir='ltr'>ἀδελφῶν</span> <span class='ocrx_word' id='word_1_536' title='bbox 1124 2881 1191 2915; x_wconf 82' lang='grc' dir='ltr'>τῶν</span> 
     </span>
     <span class='ocr_line' id='line_1_73' title="bbox 171 2935 1191 2988; baseline 0.002 -14"><span class='ocrx_word' id='word_1_537' title='bbox 171 2936 349 2987; x_wconf 79' lang='grc' dir='ltr'>ὑμετέρων</span> <span class='ocrx_word' id='word_1_538' title='bbox 366 2937 413 2978; x_wconf 85' lang='grc' dir='ltr'>εἷς</span> <span class='ocrx_word' id='word_1_539' title='bbox 429 2935 648 2988; x_wconf 83' lang='grc' dir='ltr'>παρανομίας</span> <span class='ocrx_word' id='word_1_540' title='bbox 661 2936 824 2980; x_wconf 85' lang='grc' dir='ltr'>τοιαύτας</span> <span class='ocrx_word' id='word_1_541' title='bbox 840 2937 1078 2987; x_wconf 78' lang='grc' dir='ltr'>ἐμπίπτοντα,</span> <span class='ocrx_word' id='word_1_542' title='bbox 1093 2939 1191 2976; x_wconf 84' lang='grc' dir='ltr'>ἀλλο-</span> 
     </span>
     <span class='ocr_line' id='line_1_74' title="bbox 173 2994 1189 3050; baseline 0.002 -16"><span class='ocrx_word' id='word_1_543' title='bbox 173 2996 287 3048; x_wconf 85' lang='grc' dir='ltr'>τρίαν,</span> <span class='ocrx_word' id='word_1_544' title='bbox 307 2997 368 3035; x_wconf 84' lang='grc' dir='ltr'>οὗκ</span> <span class='ocrx_word' id='word_1_545' title='bbox 386 2996 515 3034; x_wconf 80' lang='grc' dir='ltr'>οἰκείαν</span> <span class='ocrx_word' id='word_1_546' title='bbox 545 3000 682 3048; x_wconf 81' lang='grc' dir='ltr'>ἡγεῖσθε</span> <span class='ocrx_word' id='word_1_547' title='bbox 702 2996 767 3044; x_wconf 85' lang='grc' dir='ltr'>τὴν</span> <span class='ocrx_word' id='word_1_548' title='bbox 789 2998 972 3050; x_wconf 74' lang='grc' dir='ltr'>συμφορὰν</span> <span class='ocrx_word' id='word_1_549' title='bbox 1000 2994 1087 3036; x_wconf 71' lang='grc' dir='ltr'>εἶναι</span> <span class='ocrx_word' id='word_1_550' title='bbox 1102 3029 1109 3042; x_wconf 92' lang='grc'>,</span> <span class='ocrx_word' id='word_1_551' title='bbox 1131 3000 1189 3036; x_wconf 80' lang='grc' dir='ltr'>καὶ</span> 
     </span>
     <span class='ocr_line' id='line_1_75' title="bbox 171 3057 1187 3110; baseline 0 -14"><span class='ocrx_word' id='word_1_552' title='bbox 171 3057 257 3110; x_wconf 78' lang='grc' dir='ltr'>πρὸς</span> <span class='ocrx_word' id='word_1_553' title='bbox 274 3057 351 3101; x_wconf 80' lang='grc' dir='ltr'>τοὺς</span> <span class='ocrx_word' id='word_1_554' title='bbox 363 3058 593 3108; x_wconf 76' lang='grc' dir='ltr'>ἐγκαλοῦντας</span> <span class='ocrx_word' id='word_1_555' title='bbox 617 3060 865 3109; x_wconf 84' lang='grc' dir='ltr'>ἀπολογεῖσθαι</span> <span class='ocrx_word' id='word_1_556' title='bbox 879 3059 1034 3109; x_wconf 72' lang='grc' dir='ltr'>νομίζετε</span> <span class='ocrx_word' id='word_1_557' title='bbox 1046 3091 1055 3104; x_wconf 87' lang='lat'>,</span> <span class='ocrx_word' id='word_1_558' title='bbox 1071 3060 1187 3110; x_wconf 82' lang='grc' dir='ltr'>λέγον-</span> 
     </span>
     <span class='ocr_line' id='line_1_76' title="bbox 171 3117 1185 3172; baseline 0.002 -17"><span class='ocrx_word' id='word_1_559' title='bbox 171 3133 241 3166; x_wconf 87' lang='grc' dir='ltr'>τες,</span> <span class='ocrx_word' id='word_1_560' title='bbox 260 3118 338 3169; x_wconf 79' lang='grc' dir='ltr'>ἐμοὶ</span> <span class='ocrx_word' id='word_1_561' title='bbox 358 3117 424 3170; x_wconf 86' lang='grc' dir='ltr'>γὰρ</span> <span class='ocrx_word' id='word_1_562' title='bbox 440 3118 474 3156; x_wconf 87' lang='grc' dir='ltr'>τί</span> <span class='ocrx_word' id='word_1_563' title='bbox 495 3117 612 3168; x_wconf 81' lang='grc' dir='ltr'>μέλει;</span> <span class='ocrx_word' id='word_1_564' title='bbox 631 3119 682 3163; x_wconf 82' lang='grc' dir='ltr'>τίς</span> <span class='ocrx_word' id='word_1_565' title='bbox 694 3119 731 3157; x_wconf 84' lang='grc' dir='ltr'>δέ</span> <span class='ocrx_word' id='word_1_566' title='bbox 753 3135 810 3169; x_wconf 87' lang='grc' dir='ltr'>μοι</span> <span class='ocrx_word' id='word_1_567' title='bbox 830 3120 941 3162; x_wconf 78' lang='grc' dir='ltr'>κοινὸς</span> <span class='ocrx_word' id='word_1_568' title='bbox 957 3120 1041 3172; x_wconf 75' lang='grc' dir='ltr'>πρὸς</span> <span class='ocrx_word' id='word_1_569' title='bbox 1059 3122 1185 3158; x_wconf 82' lang='grc' dir='ltr'>ἐκεῖνόν</span> 
     </span>
     <span class='ocr_line' id='line_1_77' title="bbox 171 3179 1184 3232; baseline 0.002 -16"><span class='ocrx_word' id='word_1_570' title='bbox 171 3180 245 3218; x_wconf 75' lang='grc' dir='ltr'>ἐστι</span> <span class='ocrx_word' id='word_1_571' title='bbox 281 3179 402 3231; x_wconf 83' lang='grc' dir='ltr'>λόγος;</span> <span class='ocrx_word' id='word_1_572' title='bbox 431 3180 583 3232; x_wconf 71' lang='grc' dir='ltr'>ἐσχάτης</span> <span class='ocrx_word' id='word_1_573' title='bbox 616 3180 877 3232; x_wconf 83' lang='grc' dir='ltr'>μισανθρωπίας</span> <span class='ocrx_word' id='word_1_574' title='bbox 908 3181 968 3218; x_wconf 79' lang='grc' dir='ltr'>καὶ</span> <span class='ocrx_word' id='word_1_575' title='bbox 996 3185 1184 3227; x_wconf 67' lang='grc' dir='ltr'>σατανικῆς</span> 
     </span>
    </p>
   </div>
   <div class='ocr_carea' id='block_1_15' title="bbox 1216 2773 1238 2800">
    <p class='ocr_par' dir='ltr' id='par_1_16' title="bbox 1216 2773 1238 2800">
     <span class='ocr_line' id='line_1_78' title="bbox 1216 2773 1238 2800; baseline 0 -4"><span class='ocrx_word' id='word_1_576' title='bbox 1216 2773 1238 2800; x_wconf 80' lang='lat' dir='ltr'>D</span> 
     </span>
    </p>
   </div>
   <div class='ocr_carea' id='block_1_16' title="bbox 1256 1960 2227 3238">
    <p class='ocr_par' dir='ltr' id='par_1_17' title="bbox 1256 1960 2227 3238">
     <span class='ocr_line' id='line_1_79' title="bbox 1265 1960 2227 2019; baseline 0.01 -21"><span class='ocrx_word' id='word_1_577' title='bbox 1265 1960 1407 2000; x_wconf 83' lang='lat' dir='ltr'>fidelem</span> <span class='ocrx_word' id='word_1_578' title='bbox 1427 1971 1460 2000; x_wconf 90' lang='lat' dir='ltr'>et</span> <span class='ocrx_word' id='word_1_579' title='bbox 1480 1963 1656 2001; x_wconf 83' lang='lat' dir='ltr'>initiatam</span> <span class='ocrx_word' id='word_1_580' title='bbox 1670 1995 1678 2009; x_wconf 88' lang='lat'><strong><em>‚</em></strong></span> <span class='ocrx_word' id='word_1_581' title='bbox 1699 1965 1785 2014; x_wconf 90' lang='lat' dir='ltr'>quin</span> <span class='ocrx_word' id='word_1_582' title='bbox 1803 1979 1915 2016; x_wconf 86' lang='lat' dir='ltr'>neque</span> <span class='ocrx_word' id='word_1_583' title='bbox 1933 1981 2016 2005; x_wconf 89' lang='lat' dir='ltr'>eum</span> <span class='ocrx_word' id='word_1_584' title='bbox 2043 1970 2105 2019; x_wconf 89' lang='lat' dir='ltr'>qui</span> <span class='ocrx_word' id='word_1_585' title='bbox 2139 1984 2227 2008; x_wconf 89' lang='lat' dir='ltr'>non-</span> 
     </span>
     <span class='ocr_line' id='line_1_80' title="bbox 1263 2021 2226 2071; baseline 0.009 -11"><span class='ocrx_word' id='word_1_586' title='bbox 1263 2021 1351 2060; x_wconf 89' lang='lat' dir='ltr'>dum</span> <span class='ocrx_word' id='word_1_587' title='bbox 1371 2024 1417 2061; x_wconf 91' lang='lat' dir='ltr'>sit</span> <span class='ocrx_word' id='word_1_588' title='bbox 1436 2023 1610 2071; x_wconf 88' lang='lat' dir='ltr'>initiatus,</span> <span class='ocrx_word' id='word_1_589' title='bbox 1632 2024 1668 2062; x_wconf 93' lang='lat' dir='ltr'>in</span> <span class='ocrx_word' id='word_1_590' title='bbox 1690 2025 1792 2063; x_wconf 89' lang='lat' dir='ltr'>istam</span> <span class='ocrx_word' id='word_1_591' title='bbox 1814 2028 2057 2066; x_wconf 84' lang='lat' dir='ltr'>necessitatem</span> <span class='ocrx_word' id='word_1_592' title='bbox 2075 2030 2226 2069; x_wconf 84' lang='lat' dir='ltr'>trahen-</span> 
     </span>
     <span class='ocr_line' id='line_1_81' title="bbox 1263 2084 2226 2143; baseline 0.008 -21"><span class='ocrx_word' id='word_1_593' title='bbox 1263 2084 1352 2122; x_wconf 88' lang='lat' dir='ltr'>dum</span> <span class='ocrx_word' id='word_1_594' title='bbox 1370 2085 1491 2124; x_wconf 87' lang='lat' dir='ltr'>fuisse.</span> <span class='ocrx_word' id='word_1_595' title='bbox 1515 2086 1707 2136; x_wconf 80' lang='lat' dir='ltr'>Postquam</span> <span class='ocrx_word' id='word_1_596' title='bbox 1729 2087 1793 2124; x_wconf 86' lang='lat' dir='ltr'>diu</span> <span class='ocrx_word' id='word_1_597' title='bbox 1811 2089 2038 2140; x_wconf 89' lang='lat' dir='ltr'>multumque</span> <span class='ocrx_word' id='word_1_598' title='bbox 2053 2091 2226 2143; x_wconf 89' lang='lat' dir='ltr'>loquutus</span> 
     </span>
     <span class='ocr_line' id='line_1_82' title="bbox 1263 2146 2224 2200; baseline 0.009 -17"><span class='ocrx_word' id='word_1_599' title='bbox 1263 2146 1423 2184; x_wconf 88' lang='lat' dir='ltr'>animum</span> <span class='ocrx_word' id='word_1_600' title='bbox 1441 2147 1518 2198; x_wconf 85' lang='lat' dir='ltr'>ejus</span> <span class='ocrx_word' id='word_1_601' title='bbox 1537 2147 1583 2184; x_wconf 84' lang='lat' dir='ltr'>ab</span> <span class='ocrx_word' id='word_1_602' title='bbox 1601 2161 1719 2186; x_wconf 89' lang='lat' dir='ltr'>errore</span> <span class='ocrx_word' id='word_1_603' title='bbox 1746 2149 1924 2200; x_wconf 88' lang='lat' dir='ltr'>opinionis</span> <span class='ocrx_word' id='word_1_604' title='bbox 1944 2151 2115 2196; x_wconf 77' lang='lat' dir='ltr'>liberavi,</span> <span class='ocrx_word' id='word_1_605' title='bbox 2136 2168 2224 2192; x_wconf 84' lang='lat' dir='ltr'>cau-</span> 
     </span>
     <span class='ocr_line' id='line_1_83' title="bbox 1264 2207 2224 2254; baseline 0.01 -11"><span class='ocrx_word' id='word_1_606' title='bbox 1264 2220 1337 2244; x_wconf 87' lang='lat' dir='ltr'>sam</span> <span class='ocrx_word' id='word_1_607' title='bbox 1358 2207 1558 2245; x_wconf 83' lang='lat' dir='ltr'>sciscitatus</span> <span class='ocrx_word' id='word_1_608' title='bbox 1576 2221 1656 2245; x_wconf 91' lang='lat' dir='ltr'>sum</span> <span class='ocrx_word' id='word_1_609' title='bbox 1669 2238 1678 2254; x_wconf 94' lang='lat'>‚</span> <span class='ocrx_word' id='word_1_610' title='bbox 1700 2222 1765 2247; x_wconf 87' lang='lat' dir='ltr'>cur</span> <span class='ocrx_word' id='word_1_611' title='bbox 1784 2210 1941 2249; x_wconf 88' lang='lat' dir='ltr'>Ecclesia</span> <span class='ocrx_word' id='word_1_612' title='bbox 1961 2212 2084 2251; x_wconf 85' lang='lat' dir='ltr'>relicta</span> <span class='ocrx_word' id='word_1_613' title='bbox 2101 2214 2145 2252; x_wconf 83' lang='lat' dir='ltr'>ad</span> <span class='ocrx_word' id='word_1_614' title='bbox 2161 2216 2224 2253; x_wconf 92' lang='lat' dir='ltr'>Ju-</span> 
     </span>
     <span class='ocr_line' id='line_1_84' title="bbox 1263 2267 2223 2318; baseline 0.011 -15"><span class='ocrx_word' id='word_1_615' title='bbox 1263 2267 1425 2305; x_wconf 81' lang='lat' dir='ltr'>daeorum</span> <span class='ocrx_word' id='word_1_616' title='bbox 1455 2268 1604 2318; x_wconf 81' lang='lat' dir='ltr'>collegia</span> <span class='ocrx_word' id='word_1_617' title='bbox 1627 2268 1728 2307; x_wconf 84' lang='lat' dir='ltr'>ittam</span> <span class='ocrx_word' id='word_1_618' title='bbox 1756 2271 1920 2309; x_wconf 80' lang='lat' dir='ltr'>traxerit.</span> <span class='ocrx_word' id='word_1_619' title='bbox 1945 2275 1991 2310; x_wconf 79' lang='lat' dir='ltr'>At</span> <span class='ocrx_word' id='word_1_620' title='bbox 2012 2274 2073 2312; x_wconf 90' lang='lat' dir='ltr'>ille</span> <span class='ocrx_word' id='word_1_621' title='bbox 2093 2276 2223 2314; x_wconf 89' lang='lat' dir='ltr'>multos</span> 
     </span>
     <span class='ocr_line' id='line_1_85' title="bbox 1262 2328 2222 2384; baseline 0.009 -18"><span class='ocrx_word' id='word_1_622' title='bbox 1262 2328 1330 2366; x_wconf 87' lang='lat' dir='ltr'>sibi</span> <span class='ocrx_word' id='word_1_623' title='bbox 1351 2328 1487 2367; x_wconf 82' lang='lat' dir='ltr'>dixisse</span> <span class='ocrx_word' id='word_1_624' title='bbox 1514 2328 1716 2379; x_wconf 85' lang='lat' dir='ltr'>inquiebat,</span> <span class='ocrx_word' id='word_1_625' title='bbox 1743 2331 2020 2382; x_wconf 82' lang='lat' dir='ltr'>jusjurandum,</span> <span class='ocrx_word' id='word_1_626' title='bbox 2049 2335 2143 2384; x_wconf 84' lang='lat' dir='ltr'>quod</span> <span class='ocrx_word' id='word_1_627' title='bbox 2171 2337 2222 2375; x_wconf 84' lang='lat' dir='ltr'>ibi</span> 
     </span>
     <span class='ocr_line' id='line_1_86' title="bbox 1261 2389 2220 2446; baseline 0.007 -19"><span class='ocrx_word' id='word_1_628' title='bbox 1261 2389 1430 2436; x_wconf 86' lang='lat' dir='ltr'>daretur,</span> <span class='ocrx_word' id='word_1_629' title='bbox 1453 2391 1568 2441; x_wconf 80' lang='lat' dir='ltr'>magis</span> <span class='ocrx_word' id='word_1_630' title='bbox 1587 2390 1853 2429; x_wconf 82' lang='lat' dir='ltr'>formidandum</span> <span class='ocrx_word' id='word_1_631' title='bbox 1872 2407 1957 2430; x_wconf 89' lang='lat' dir='ltr'>esse.</span> <span class='ocrx_word' id='word_1_632' title='bbox 1984 2395 2043 2432; x_wconf 87' lang='lat' dir='ltr'>Ob</span> <span class='ocrx_word' id='word_1_633' title='bbox 2067 2410 2142 2446; x_wconf 54' lang='lat' dir='ltr'>qua³</span> <span class='ocrx_word' id='word_1_634' title='bbox 2163 2398 2220 2434; x_wconf 87' lang='lat' dir='ltr'>in·</span> 
     </span>
     <span class='ocr_line' id='line_1_87' title="bbox 1261 2451 2220 2506; baseline 0.006 -18"><span class='ocrx_word' id='word_1_635' title='bbox 1261 2451 1495 2501; x_wconf 76' lang='lat' dir='ltr'>gemiscebam</span> <span class='ocrx_word' id='word_1_636' title='bbox 1509 2482 1517 2493; x_wconf 86' lang='lat'><em>,</em></span> <span class='ocrx_word' id='word_1_637' title='bbox 1533 2451 1655 2500; x_wconf 85' lang='lat' dir='ltr'>iraque</span> <span class='ocrx_word' id='word_1_638' title='bbox 1670 2451 1894 2497; x_wconf 64' lang='lat' dir='ltr'>incendebar„</span> <span class='ocrx_word' id='word_1_639' title='bbox 1915 2453 2081 2506; x_wconf 80' lang='lat' dir='ltr'>deinceps</span> <span class='ocrx_word' id='word_1_640' title='bbox 2097 2470 2220 2495; x_wconf 85' lang='lat' dir='ltr'>rursus</span> 
     </span>
     <span class='ocr_line' id='line_1_88' title="bbox 1259 2512 2217 2568; baseline 0.007 -19"><span class='ocrx_word' id='word_1_641' title='bbox 1259 2512 1433 2551; x_wconf 84' lang='lat' dir='ltr'>ridebam.</span> <span class='ocrx_word' id='word_1_642' title='bbox 1457 2512 1611 2550; x_wconf 82' lang='lat' dir='ltr'>Cernens</span> <span class='ocrx_word' id='word_1_643' title='bbox 1631 2512 1724 2550; x_wconf 85' lang='lat' dir='ltr'>enim</span> <span class='ocrx_word' id='word_1_644' title='bbox 1744 2512 1879 2550; x_wconf 80' lang='lat' dir='ltr'>diaboli</span> <span class='ocrx_word' id='word_1_645' title='bbox 1899 2515 2065 2553; x_wconf 84' lang='lat' dir='ltr'>astutiam</span> <span class='ocrx_word' id='word_1_646' title='bbox 2082 2547 2090 2558; x_wconf 79' lang='lat'><em>.</em></span> <span class='ocrx_word' id='word_1_647' title='bbox 2114 2518 2217 2568; x_wconf 75' lang='lat' dir='ltr'>inge-</span> 
     </span>
     <span class='ocr_line' id='line_1_89' title="bbox 1261 2573 2217 2628; baseline 0.006 -17"><span class='ocrx_word' id='word_1_648' title='bbox 1261 2574 1335 2611; x_wconf 88' lang='lat' dir='ltr'>mui</span> <span class='ocrx_word' id='word_1_649' title='bbox 1348 2604 1358 2619; x_wconf 92' lang='lat'><em>,</em></span> <span class='ocrx_word' id='word_1_650' title='bbox 1377 2573 1470 2624; x_wconf 91' lang='lat' dir='ltr'>quod</span> <span class='ocrx_word' id='word_1_651' title='bbox 1488 2573 1692 2611; x_wconf 83' lang='lat' dir='ltr'>hominibus</span> <span class='ocrx_word' id='word_1_652' title='bbox 1707 2573 1743 2611; x_wconf 87' lang='lat' dir='ltr'>id</span> <span class='ocrx_word' id='word_1_653' title='bbox 1762 2574 1972 2625; x_wconf 80' lang='lat' dir='ltr'>persuadere</span> <span class='ocrx_word' id='word_1_654' title='bbox 1985 2588 2099 2628; x_wconf 80' lang='lat' dir='ltr'>posset</span> <span class='ocrx_word' id='word_1_655' title='bbox 2114 2593 2217 2617; x_wconf 77' lang='lat' dir='ltr'>:con-</span> 
     </span>
     <span class='ocr_line' id='line_1_90' title="bbox 1260 2634 2213 2687; baseline 0.005 -15"><span class='ocrx_word' id='word_1_656' title='bbox 1260 2634 1413 2672; x_wconf 85' lang='lat' dir='ltr'>siderata</span> <span class='ocrx_word' id='word_1_657' title='bbox 1433 2648 1517 2672; x_wconf 86' lang='lat' dir='ltr'>vero</span> <span class='ocrx_word' id='word_1_658' title='bbox 1533 2649 1657 2672; x_wconf 82' lang='lat' dir='ltr'>eorum</span> <span class='ocrx_word' id='word_1_659' title='bbox 1677 2636 1737 2685; x_wconf 89' lang='lat' dir='ltr'>qui</span> <span class='ocrx_word' id='word_1_660' title='bbox 1759 2635 2008 2687; x_wconf 79' lang='lat' dir='ltr'>deciperentur</span> <span class='ocrx_word' id='word_1_661' title='bbox 2029 2639 2187 2677; x_wconf 74' lang='lat' dir='ltr'>socordia</span> <span class='ocrx_word' id='word_1_662' title='bbox 2203 2670 2213 2685; x_wconf 83' lang='lat'><strong>,</strong></span> 
     </span>
     <span class='ocr_line' id='line_1_91' title="bbox 1261 2696 2214 2746; baseline 0.006 -12"><span class='ocrx_word' id='word_1_663' title='bbox 1261 2696 1435 2734; x_wconf 79' lang='lat' dir='ltr'>excandui</span> <span class='ocrx_word' id='word_1_664' title='bbox 1455 2712 1462 2732; x_wconf 91' lang='lat'>:</span> <span class='ocrx_word' id='word_1_665' title='bbox 1480 2705 1513 2734; x_wconf 85' lang='lat' dir='ltr'>et</span> <span class='ocrx_word' id='word_1_666' title='bbox 1540 2697 1744 2734; x_wconf 80' lang='lat' dir='ltr'>eorumdem</span> <span class='ocrx_word' id='word_1_667' title='bbox 1768 2707 1898 2746; x_wconf 81' lang='lat' dir='ltr'>quanta</span> <span class='ocrx_word' id='word_1_668' title='bbox 1927 2708 2014 2736; x_wconf 77' lang='lat' dir='ltr'>esset</span> <span class='ocrx_word' id='word_1_669' title='bbox 2037 2699 2214 2740; x_wconf 82' lang='lat' dir='ltr'>dementia</span> 
     </span>
     <span class='ocr_line' id='line_1_92' title="bbox 1262 2758 2212 2809; baseline 0.006 -14"><span class='ocrx_word' id='word_1_670' title='bbox 1262 2772 1399 2796; x_wconf 87' lang='lat' dir='ltr'>mecum</span> <span class='ocrx_word' id='word_1_671' title='bbox 1421 2767 1610 2809; x_wconf 75' lang='lat' dir='ltr'>reputans.</span> <span class='ocrx_word' id='word_1_672' title='bbox 1633 2758 1707 2795; x_wconf 77' lang='lat' dir='ltr'>risi.</span> <span class='ocrx_word' id='word_1_673' title='bbox 1742 2759 1820 2796; x_wconf 64' lang='lat' dir='ltr'>lise</span> <span class='ocrx_word' id='word_1_674' title='bbox 1851 2760 1950 2796; x_wconf 74' lang='lat' dir='ltr'>vobis</span> <span class='ocrx_word' id='word_1_675' title='bbox 1976 2760 2051 2798; x_wconf 73' lang='lat' dir='ltr'>dixi</span> <span class='ocrx_word' id='word_1_676' title='bbox 2073 2772 2105 2799; x_wconf 82' lang='lat' dir='ltr'>et</span> <span class='ocrx_word' id='word_1_677' title='bbox 2127 2777 2212 2801; x_wconf 74' lang='lat' dir='ltr'>nar-</span> 
     </span>
     <span class='ocr_line' id='line_1_93' title="bbox 1262 2818 2211 2875; baseline 0.007 -21"><span class='ocrx_word' id='word_1_678' title='bbox 1262 2818 1361 2862; x_wconf 80' lang='lat' dir='ltr'>ravi,</span> <span class='ocrx_word' id='word_1_679' title='bbox 1392 2819 1475 2866; x_wconf 82' lang='lat' dir='ltr'>quia</span> <span class='ocrx_word' id='word_1_680' title='bbox 1496 2818 1615 2855; x_wconf 83' lang='lat' dir='ltr'>auimo</span> <span class='ocrx_word' id='word_1_681' title='bbox 1642 2832 1723 2868; x_wconf 68' lang='lat' dir='ltr'>erga</span> <span class='ocrx_word' id='word_1_682' title='bbox 1744 2833 1821 2863; x_wconf 79' lang='lat' dir='ltr'>eos,</span> <span class='ocrx_word' id='word_1_683' title='bbox 1842 2821 1902 2869; x_wconf 83' lang='lat' dir='ltr'>qui</span> <span class='ocrx_word' id='word_1_684' title='bbox 1926 2821 2007 2857; x_wconf 67' lang='lat' dir='ltr'>mli..</span> <span class='ocrx_word' id='word_1_685' title='bbox 2034 2833 2063 2858; x_wconf 82' lang='lat' dir='ltr'>et</span> <span class='ocrx_word' id='word_1_686' title='bbox 2088 2837 2211 2875; x_wconf 69' lang='lat' dir='ltr'>perpe-</span> 
     </span>
     <span class='ocr_line' id='line_1_94' title="bbox 1261 2880 2213 2932; baseline 0.006 -15"><span class='ocrx_word' id='word_1_687' title='bbox 1261 2889 1354 2917; x_wconf 84' lang='lat' dir='ltr'>trant</span> <span class='ocrx_word' id='word_1_688' title='bbox 1371 2888 1402 2916; x_wconf 87' lang='lat' dir='ltr'>et</span> <span class='ocrx_word' id='word_1_689' title='bbox 1422 2880 1672 2931; x_wconf 62' lang='lat' dir='ltr'>experiuntur,</span> <span class='ocrx_word' id='word_1_690' title='bbox 1690 2881 1772 2917; x_wconf 70' lang='lat' dir='ltr'>estis</span> <span class='ocrx_word' id='word_1_691' title='bbox 1793 2881 1896 2932; x_wconf 71' lang='lat' dir='ltr'>plane</span> <span class='ocrx_word' id='word_1_692' title='bbox 1915 2882 2108 2920; x_wconf 75' lang='lat' dir='ltr'>inhumano</span> <span class='ocrx_word' id='word_1_693' title='bbox 2121 2915 2130 2927; x_wconf 80' lang='grc'>,</span> <span class='ocrx_word' id='word_1_694' title='bbox 2152 2899 2213 2923; x_wconf 74' lang='lat' dir='ltr'>nec</span> 
     </span>
     <span class='ocr_line' id='line_1_95' title="bbox 1259 2940 2209 2996; baseline 0.007 -19"><span class='ocrx_word' id='word_1_695' title='bbox 1259 2940 1454 2991; x_wconf 73' lang='lat' dir='ltr'>quidquam</span> <span class='ocrx_word' id='word_1_696' title='bbox 1479 2941 1522 2977; x_wconf 80' lang='lat' dir='ltr'>iis</span> <span class='ocrx_word' id='word_1_697' title='bbox 1555 2941 1744 2978; x_wconf 75' lang='lat' dir='ltr'>movemini</span> <span class='ocrx_word' id='word_1_698' title='bbox 1766 2956 1772 2975; x_wconf 91' lang='lat'>:</span> <span class='ocrx_word' id='word_1_699' title='bbox 1793 2942 1892 2992; x_wconf 74' lang='lat' dir='ltr'>sique</span> <span class='ocrx_word' id='word_1_700' title='bbox 1912 2944 2054 2981; x_wconf 61' lang='lat' dir='ltr'>svau-vm</span> <span class='ocrx_word' id='word_1_701' title='bbox 2086 2961 2209 2996; x_wconf 71' lang='lat' dir='ltr'>quetu-</span> 
     </span>
     <span class='ocr_line' id='line_1_96' title="bbox 1260 3002 2213 3054; baseline 0.01 -18"><span class='ocrx_word' id='word_1_702' title='bbox 1260 3002 1354 3053; x_wconf 71' lang='lat' dir='ltr'>piam</span> <span class='ocrx_word' id='word_1_703' title='bbox 1387 3010 1543 3038; x_wconf 84' lang='lat' dir='ltr'>vestrum</span> <span class='ocrx_word' id='word_1_704' title='bbox 1567 3002 1599 3039; x_wconf 87' lang='lat' dir='ltr'>iu</span> <span class='ocrx_word' id='word_1_705' title='bbox 1623 3002 1828 3052; x_wconf 65' lang='lat' dir='ltr'>huju-modi</span> <span class='ocrx_word' id='word_1_706' title='bbox 1853 3014 2033 3054; x_wconf 64' lang='lat' dir='ltr'>permuutu</span> <span class='ocrx_word' id='word_1_707' title='bbox 2057 3008 2213 3046; x_wconf 64' lang='lat' dir='ltr'>invidere</span> 
     </span>
     <span class='ocr_line' id='line_1_97' title="bbox 1259 3062 2210 3114; baseline 0.008 -16"><span class='ocrx_word' id='word_1_708' title='bbox 1259 3062 1430 3105; x_wconf 70' lang='lat' dir='ltr'>xitleatis,</span> <span class='ocrx_word' id='word_1_709' title='bbox 1460 3062 1612 3099; x_wconf 69' lang='lat' dir='ltr'>alien-un</span> <span class='ocrx_word' id='word_1_710' title='bbox 1630 3092 1638 3104; x_wconf 82' lang='grc'><strong>.</strong></span> <span class='ocrx_word' id='word_1_711' title='bbox 1663 3077 1730 3099; x_wconf 83' lang='lat' dir='ltr'>nou</span> <span class='ocrx_word' id='word_1_712' title='bbox 1760 3064 1941 3114; x_wconf 71' lang='lat' dir='ltr'>propriam</span> <span class='ocrx_word' id='word_1_713' title='bbox 1972 3065 2210 3107; x_wconf 69' lang='lat' dir='ltr'>‹·;·¹.·=11i1.·2‹=111</span> 
     </span>
     <span class='ocr_line' id='line_1_98' title="bbox 1256 3122 2211 3175; baseline 0.007 -16"><span class='ocrx_word' id='word_1_714' title='bbox 1256 3137 1330 3159; x_wconf 74' lang='lat' dir='ltr'>esse</span> <span class='ocrx_word' id='word_1_715' title='bbox 1349 3122 1502 3164; x_wconf 66' lang='lat' dir='ltr'>‹lm-itis:</span> <span class='ocrx_word' id='word_1_716' title='bbox 1523 3137 1655 3172; x_wconf 70' lang='lat' dir='ltr'>vosque</span> <span class='ocrx_word' id='word_1_717' title='bbox 1683 3125 1861 3160; x_wconf 62' lang='lat' dir='ltr'>aecus-uui</span> <span class='ocrx_word' id='word_1_718' title='bbox 1892 3136 2059 3175; x_wconf 56' lang='lat' dir='ltr'>purgatus</span> <span class='ocrx_word' id='word_1_719' title='bbox 2087 3130 2211 3166; x_wconf 66' lang='lat' dir='ltr'>existi-</span> 
     </span>
     <span class='ocr_line' id='line_1_99' title="bbox 1258 3182 2211 3238; baseline 0.009 -19"><span class='ocrx_word' id='word_1_720' title='bbox 1258 3183 1362 3220; x_wconf 77' lang='lat' dir='ltr'>matis</span> <span class='ocrx_word' id='word_1_721' title='bbox 1375 3213 1383 3225; x_wconf 76' lang='lat'>,</span> <span class='ocrx_word' id='word_1_722' title='bbox 1399 3182 1549 3219; x_wconf 76' lang='lat' dir='ltr'>dicendo</span> <span class='ocrx_word' id='word_1_723' title='bbox 1570 3199 1576 3222; x_wconf 89' lang='grc'>;</span> <span class='ocrx_word' id='word_1_724' title='bbox 1598 3182 1695 3229; x_wconf 73' lang='lat' dir='ltr'>Quid</span> <span class='ocrx_word' id='word_1_725' title='bbox 1713 3184 1800 3220; x_wconf 75' lang='lat' dir='ltr'>mihi</span> <span class='ocrx_word' id='word_1_726' title='bbox 1817 3198 1910 3221; x_wconf 59' lang='lat' dir='ltr'>cuine</span> <span class='ocrx_word' id='word_1_727' title='bbox 1927 3187 2007 3222; x_wconf 60' lang='lat' dir='ltr'>est?</span> <span class='ocrx_word' id='word_1_728' title='bbox 2024 3201 2102 3238; x_wconf 69' lang='lat' dir='ltr'>qua·</span> <span class='ocrx_word' id='word_1_729' title='bbox 2122 3190 2211 3228; x_wconf 70' lang='lat' dir='ltr'>ratio</span> 
     </span>
    </p>
   </div>
   <div class='ocr_carea' id='block_1_17' title="bbox 172 3300 2212 3459">
    <p class='ocr_par' dir='ltr' id='par_1_18' title="bbox 172 3300 2212 3459">
     <span class='ocr_line' id='line_1_100' title="bbox 217 3300 2212 3352; baseline 0.006 -20"><span class='ocrx_word' id='word_1_730' title='bbox 217 3311 228 3326; x_wconf 79' lang='lat'>¹·</span> <span class='ocrx_word' id='word_1_731' title='bbox 253 3300 354 3333; x_wconf 78' lang='lat' dir='ltr'>Snv&#39;tl.</span> <span class='ocrx_word' id='word_1_732' title='bbox 372 3308 405 3332; x_wconf 79' lang='lat' dir='ltr'>et</span> <span class='ocrx_word' id='word_1_733' title='bbox 418 3302 561 3344; x_wconf 80' lang='lat' dir='ltr'>quinque</span> <span class='ocrx_word' id='word_1_734' title='bbox 577 3303 653 3337; x_wconf 65' lang='lat' dir='ltr'>ntus.</span> <span class='ocrx_word' id='word_1_735' title='bbox 673 3308 720 3337; x_wconf 71' lang='grc' dir='ltr'>καὶ</span> <span class='ocrx_word' id='word_1_736' title='bbox 742 3310 796 3342; x_wconf 68' lang='grc' dir='ltr'>τὴν</span> <span class='ocrx_word' id='word_1_737' title='bbox 820 3309 931 3346; x_wconf 70' lang='grc' dir='ltr'>ἄνομον</span> <span class='ocrx_word' id='word_1_738' title='bbox 945 3309 1015 3347; x_wconf 73' lang='grc' dir='ltr'>βίαν</span> <span class='ocrx_word' id='word_1_739' title='bbox 1031 3308 1173 3338; x_wconf 62' lang='grc' dir='ltr'>κωλῦσαι.</span> <span class='ocrx_word' id='word_1_740' title='bbox 1210 3305 1284 3338; x_wconf 58' lang='lat' dir='ltr'>Mes,</span> <span class='ocrx_word' id='word_1_741' title='bbox 1304 3309 1335 3337; x_wconf 64' lang='lat'>03</span> <span class='ocrx_word' id='word_1_742' title='bbox 1351 3313 1442 3346; x_wconf 60' lang='grc' dir='ltr'>μύων</span> <span class='ocrx_word' id='word_1_743' title='bbox 1468 3303 1570 3336; x_wconf 71' lang='lat' dir='ltr'>‹le-est.</span> <span class='ocrx_word' id='word_1_744' title='bbox 1591 3304 1654 3335; x_wconf 67' lang='lat' dir='ltr'>snt</span> <span class='ocrx_word' id='word_1_745' title='bbox 1673 3305 1728 3336; x_wconf 77' lang='lat' dir='ltr'>illu</span> <span class='ocrx_word' id='word_1_746' title='bbox 1746 3314 1913 3347; x_wconf 66' lang='lat' dir='ltr'>expuncto</span> <span class='ocrx_word' id='word_1_747' title='bbox 1942 3311 2051 3341; x_wconf 59' lang='lat' dir='ltr'>ornt&#39;vu</span> <span class='ocrx_word' id='word_1_748' title='bbox 2078 3322 2212 3352; x_wconf 72' lang='lat' dir='ltr'>prorsus</span> 
     </span>
     <span class='ocr_line' id='line_1_101' title="bbox 172 3353 2209 3406; baseline 0.003 -22"><span class='ocrx_word' id='word_1_749' title='bbox 172 3353 289 3386; x_wconf 71' lang='lat' dir='ltr'>Mortel.</span> <span class='ocrx_word' id='word_1_750' title='bbox 308 3361 341 3384; x_wconf 77' lang='lat' dir='ltr'>et</span> <span class='ocrx_word' id='word_1_751' title='bbox 355 3353 409 3385; x_wconf 81' lang='lat' dir='ltr'>ulii</span> <span class='ocrx_word' id='word_1_752' title='bbox 427 3359 475 3387; x_wconf 73' lang='grc' dir='ltr'>καὶ</span> <span class='ocrx_word' id='word_1_753' title='bbox 489 3361 542 3394; x_wconf 75' lang='grc' dir='ltr'>τὴν</span> <span class='ocrx_word' id='word_1_754' title='bbox 560 3361 686 3398; x_wconf 61' lang='grc' dir='ltr'>ἀνομίαν</span> <span class='ocrx_word' id='word_1_755' title='bbox 703 3361 841 3390; x_wconf 58' lang='grc' dir='ltr'>κωλῦσαι.</span> <span class='ocrx_word' id='word_1_756' title='bbox 857 3356 970 3398; x_wconf 70' lang='lat' dir='ltr'>{Quod</span> <span class='ocrx_word' id='word_1_757' title='bbox 983 3355 1174 3399; x_wconf 45' lang='lat' dir='ltr'>‹uh-lmine!</span> <span class='ocrx_word' id='word_1_758' title='bbox 1208 3369 1324 3388; x_wconf 73' lang='lat' dir='ltr'>tnuucu</span> <span class='ocrx_word' id='word_1_759' title='bbox 1341 3356 1482 3389; x_wconf 69' lang='grc' dir='ltr'>ιίιΙι-ιιιτ.</span> <span class='ocrx_word' id='word_1_760' title='bbox 1503 3359 1508 3397; x_wconf 76' lang='grc' dir='ltr'>Ι</span> <span class='ocrx_word' id='word_1_761' title='bbox 1528 3359 1628 3388; x_wconf 62' lang='lat' dir='ltr'>ltu-1«-</span> <span class='ocrx_word' id='word_1_762' title='bbox 1647 3357 1744 3389; x_wconf 64' lang='lat' dir='ltr'>tutin-1</span> <span class='ocrx_word' id='word_1_763' title='bbox 1767 3359 2030 3402; x_wconf 65' lang='lat' dir='ltr'>vulgat-uu.t1t&#39;r.</span> <span class='ocrx_word' id='word_1_764' title='bbox 2049 3375 2121 3406; x_wconf 59' lang='lat' dir='ltr'>qim-</span> <span class='ocrx_word' id='word_1_765' title='bbox 2140 3364 2209 3395; x_wconf 53' lang='lat' dir='ltr'>(lix.</span> 
     </span>
     <span class='ocr_line' id='line_1_102' title="bbox 217 3404 2211 3459; baseline 0.006 -24"><span class='ocrx_word' id='word_1_766' title='bbox 217 3407 233 3429; x_wconf 74' lang='grc' dir='ltr'>Ι·</span> <span class='ocrx_word' id='word_1_767' title='bbox 260 3404 322 3436; x_wconf 76' lang='lat' dir='ltr'>Atii</span> <span class='ocrx_word' id='word_1_768' title='bbox 338 3410 458 3442; x_wconf 67' lang='grc' dir='ltr'>ὶιιίνην·</span> <span class='ocrx_word' id='word_1_769' title='bbox 476 3409 545 3438; x_wconf 70' lang='grc' dir='ltr'>ἀλλ’</span> <span class='ocrx_word' id='word_1_770' title='bbox 562 3411 728 3451; x_wconf 48' lang='lat' dir='ltr'>empnam.</span> <span class='ocrx_word' id='word_1_771' title='bbox 754 3407 842 3439; x_wconf 71' lang='lat' dir='ltr'>ltmt.</span> <span class='ocrx_word' id='word_1_772' title='bbox 861 3407 915 3439; x_wconf 74' lang='lat' dir='ltr'>atii</span> <span class='ocrx_word' id='word_1_773' title='bbox 933 3412 978 3442; x_wconf 67' lang='lat' dir='ltr'>eni</span> <span class='ocrx_word' id='word_1_774' title='bbox 997 3411 1168 3442; x_wconf 56' lang='lat' dir='ltr'>stra-2221.</span> <span class='ocrx_word' id='word_1_775' title='bbox 1208 3417 1231 3440; x_wconf 84' lang='lat' dir='ltr'>t.</span> <span class='ocrx_word' id='word_1_776' title='bbox 1252 3411 1304 3440; x_wconf 63' lang='lat'>12¹.</span> <span class='ocrx_word' id='word_1_777' title='bbox 1322 3421 1341 3450; x_wconf 74' lang='lat'>1·</span> <span class='ocrx_word' id='word_1_778' title='bbox 1360 3412 1434 3442; x_wconf 62' lang='grc'>338,</span> <span class='ocrx_word' id='word_1_779' title='bbox 1456 3410 1491 3440; x_wconf 74' lang='lat' dir='ltr'>n</span> <span class='ocrx_word' id='word_1_780' title='bbox 1519 3417 1588 3441; x_wconf 73' lang='lat' dir='ltr'>unt.</span> <span class='ocrx_word' id='word_1_781' title='bbox 1613 3409 1634 3440; x_wconf 74' lang='lat' dir='ltr'>l·</span> <span class='ocrx_word' id='word_1_782' title='bbox 1668 3412 1771 3452; x_wconf 62' lang='lat' dir='ltr'>Igitur</span> <span class='ocrx_word' id='word_1_783' title='bbox 1795 3412 1910 3445; x_wconf 54' lang='lat' dir='ltr'>»vetus-t</span> <span class='ocrx_word' id='word_1_784' title='bbox 1928 3412 2028 3447; x_wconf 69' lang='lat' dir='ltr'>verba</span> <span class='ocrx_word' id='word_1_785' title='bbox 2046 3421 2076 3449; x_wconf 68' lang='lat' dir='ltr'>c:</span> <span class='ocrx_word' id='word_1_786' title='bbox 2093 3433 2165 3459; x_wconf 64' lang='lat'>.‘¹-&#39;*·&#39;</span> <span class='ocrx_word' id='word_1_787' title='bbox 2187 3421 2211 3448; x_wconf 79' lang='lat' dir='ltr'>.t</span> 
     </span>
    </p>
   </div>
   <div class='ocr_carea' id='block_1_18' title="bbox 217 3456 1169 3500">
    <p class='ocr_par' dir='ltr' id='par_1_19' title="bbox 217 3456 1169 3500">
     <span class='ocr_line' id='line_1_103' title="bbox 217 3456 1169 3500; baseline 0.006 -13"><span class='ocrx_word' id='word_1_788' title='bbox 217 3466 229 3482; x_wconf 69' lang='grc' dir='ltr'>ι·</span> <span class='ocrx_word' id='word_1_789' title='bbox 255 3456 310 3487; x_wconf 79' lang='lat' dir='ltr'>Sic</span> <span class='ocrx_word' id='word_1_790' title='bbox 328 3466 411 3488; x_wconf 69' lang='lat' dir='ltr'>ttnttfl</span> <span class='ocrx_word' id='word_1_791' title='bbox 426 3456 511 3488; x_wconf 74' lang='lat' dir='ltr'>cod.</span> <span class='ocrx_word' id='word_1_792' title='bbox 532 3457 570 3489; x_wconf 83' lang='lat' dir='ltr'>ln</span> <span class='ocrx_word' id='word_1_793' title='bbox 588 3457 660 3489; x_wconf 57' lang='lat' dir='ltr'>attis</span> <span class='ocrx_word' id='word_1_794' title='bbox 676 3458 830 3490; x_wconf 71' lang='lat' dir='ltr'>munibus</span> <span class='ocrx_word' id='word_1_795' title='bbox 855 3465 923 3490; x_wconf 81' lang='lat' dir='ltr'>tutu</span> <span class='ocrx_word' id='word_1_796' title='bbox 954 3458 1072 3500; x_wconf 50' lang='lat' dir='ltr'>tutius,</span> <span class='ocrx_word' id='word_1_797' title='bbox 1101 3468 1169 3493; x_wconf 71' lang='lat' dir='ltr'>tuin</span> 
     </span>
    </p>
   </div>
   <div class='ocr_carea' id='block_1_19' title="bbox 385 3531 540 3556">
    <p class='ocr_par' dir='ltr' id='par_1_20' title="bbox 385 3531 540 3556">
     <span class='ocr_line' id='line_1_104' title="bbox 385 3531 540 3556; baseline 0.019 -3"><span class='ocrx_word' id='word_1_798' title='bbox 385 3531 464 3553; x_wconf 81' lang='grc' dir='ltr'>ῚῸΜ</span> <span class='ocrx_word' id='word_1_799' title='bbox 512 3532 540 3556; x_wconf 81' lang='grc' dir='ltr'>Ι.</span> 
     </span>
    </p>
   </div>
   <div class='ocr_carea' id='block_1_20' title="bbox 1251 3460 1922 3499">
    <p class='ocr_par' dir='ltr' id='par_1_21' title="bbox 1251 3460 1922 3499">
     <span class='ocr_line' id='line_1_105' title="bbox 1251 3460 1922 3499; baseline 0.01 -9"><span class='ocrx_word' id='word_1_800' title='bbox 1251 3463 1265 3485; x_wconf 86' lang='grc' dir='ltr'>Ι·</span> <span class='ocrx_word' id='word_1_801' title='bbox 1294 3460 1353 3493; x_wconf 68' lang='lat' dir='ltr'>Atii</span> <span class='ocrx_word' id='word_1_802' title='bbox 1369 3472 1443 3494; x_wconf 80' lang='lat' dir='ltr'>eum</span> <span class='ocrx_word' id='word_1_803' title='bbox 1463 3462 1573 3495; x_wconf 55' lang='lat' dir='ltr'>Staret.</span> <span class='ocrx_word' id='word_1_804' title='bbox 1592 3467 1635 3497; x_wconf 65' lang='lat' dir='ltr'>nt</span> <span class='ocrx_word' id='word_1_805' title='bbox 1656 3469 1691 3497; x_wconf 61' lang='lat' dir='ltr'>rs}</span> <span class='ocrx_word' id='word_1_806' title='bbox 1709 3467 1819 3498; x_wconf 64' lang='grc' dir='ltr'>τούτων</span> <span class='ocrx_word' id='word_1_807' title='bbox 1835 3466 1922 3499; x_wconf 61' lang='lat' dir='ltr'>mu.</span> 
     </span>
    </p>
   </div>
   <div class='ocr_carea' id='block_1_21' title="bbox 1950 3529 1999 3565">
    <p class='ocr_par' dir='ltr' id='par_1_22' title="bbox 1950 3529 1999 3565">
     <span class='ocr_line' id='line_1_106' title="bbox 1950 3529 1999 3565; baseline -0.061 0"><span class='ocrx_word' id='word_1_808' title='bbox 1950 3529 1999 3565; x_wconf 66' lang='grc' dir='ltr'>λιῑ</span> 
     </span>
    </p>
   </div>
  </div>
 </body>
</html>
