<?xml version="1.0" encoding="UTF-8"?>
<!DOCTYPE html PUBLIC "-//W3C//DTD XHTML 1.0 Transitional//EN"
    "http://www.w3.org/TR/xhtml1/DTD/xhtml1-transitional.dtd">
<html xmlns="http://www.w3.org/1999/xhtml" xml:lang="en" lang="en">
 <head>
  <title>
</title>
<meta http-equiv="Content-Type" content="text/html;charset=utf-8" />
  <meta name='ocr-system' content='tesseract 3.04.00' />
  <meta name='ocr-capabilities' content='ocr_page ocr_carea ocr_par ocr_line ocrx_word'/>
</head>
<body>
  <div class='ocr_page' id='page_1' title='image "./operaomniaquaeex01johnuoft/operaomniaquaeex01johnuoft_0993.png"; bbox 0 0 2549 3825; ppageno 0'>
   <div class='ocr_carea' id='block_1_1' title="bbox 4 1305 71 3825">
    <p class='ocr_par' dir='ltr' id='par_1_1' title="bbox 4 1305 71 3825">
     <span class='ocr_line' id='line_1_1' title="bbox 4 1305 71 3825; baseline 0 0"><span class='ocrx_word' id='word_1_1' title='bbox 4 1305 71 3825; x_wconf 95' lang='lat' dir='ltr'> </span> 
     </span>
    </p>
   </div>
   <div class='ocr_carea' id='block_1_2' title="bbox 978 255 1540 285">
    <p class='ocr_par' dir='ltr' id='par_1_2' title="bbox 978 255 1540 285">
     <span class='ocr_line' id='line_1_2' title="bbox 978 255 1540 285; baseline 0.002 -1"><span class='ocrx_word' id='word_1_2' title='bbox 978 256 1034 284; x_wconf 80' lang='lat' dir='ltr'>DF.</span> <span class='ocrx_word' id='word_1_3' title='bbox 1071 255 1246 285; x_wconf 74' lang='lat' dir='ltr'><strong>LAZARO</strong></span> <span class='ocrx_word' id='word_1_4' title='bbox 1282 255 1443 285; x_wconf 84' lang='lat' dir='ltr'>CONClO</span> <span class='ocrx_word' id='word_1_5' title='bbox 1480 256 1540 285; x_wconf 80' lang='lat' dir='ltr'>Vt.</span> 
     </span>
    </p>
   </div>
   <div class='ocr_carea' id='block_1_3' title="bbox 2184 243 2276 303">
    <p class='ocr_par' dir='ltr' id='par_1_3' title="bbox 2184 243 2276 303">
     <span class='ocr_line' id='line_1_3' title="bbox 2184 243 2276 303; baseline 0.033 -19"><span class='ocrx_word' id='word_1_6' title='bbox 2184 243 2276 303; x_wconf 66' lang='lat'>903</span> 
     </span>
    </p>
   </div>
   <div class='ocr_carea' id='block_1_4' title="bbox 221 336 2265 392">
    <p class='ocr_par' dir='ltr' id='par_1_4' title="bbox 221 336 2265 392">
     <span class='ocr_line' id='line_1_4' title="bbox 221 336 2265 392; baseline 0 -14"><span class='ocrx_word' id='word_1_7' title='bbox 221 339 370 392; x_wconf 86' lang='grc' dir='ltr'>πόνηρος</span> <span class='ocrx_word' id='word_1_8' title='bbox 386 339 445 377; x_wconf 82' lang='grc' dir='ltr'>καὶ</span> <span class='ocrx_word' id='word_1_9' title='bbox 470 337 722 391; x_wconf 82' lang='grc' dir='ltr'>ἀπάνθρωπος,</span> <span class='ocrx_word' id='word_1_10' title='bbox 738 339 848 390; x_wconf 73' lang='grc' dir='ltr'>τρυφῇ</span> <span class='ocrx_word' id='word_1_11' title='bbox 864 337 923 375; x_wconf 81' lang='grc' dir='ltr'>καὶ</span> <span class='ocrx_word' id='word_1_12' title='bbox 943 337 1031 389; x_wconf 76' lang='grc' dir='ltr'>μέθῃ</span> <span class='ocrx_word' id='word_1_13' title='bbox 1047 338 1244 390; x_wconf 79' lang='grc' dir='ltr'>προσέχων,</span> <span class='ocrx_word' id='word_1_14' title='bbox 1269 339 1292 369; x_wconf 82' lang='grc' dir='ltr'>Β</span> <span class='ocrx_word' id='word_1_15' title='bbox 1314 336 1393 375; x_wconf 78' lang='lat' dir='ltr'>dixi</span> <span class='ocrx_word' id='word_1_16' title='bbox 1409 351 1490 377; x_wconf 90' lang='lat' dir='ltr'>eum</span> <span class='ocrx_word' id='word_1_17' title='bbox 1509 339 1571 389; x_wconf 87' lang='lat' dir='ltr'>qui</span> <span class='ocrx_word' id='word_1_18' title='bbox 1593 338 1733 391; x_wconf 80' lang='lat' dir='ltr'><strong>recipit,</strong></span> <span class='ocrx_word' id='word_1_19' title='bbox 1750 353 1789 377; x_wconf 89' lang='lat' dir='ltr'>ea</span> <span class='ocrx_word' id='word_1_20' title='bbox 1808 352 1886 390; x_wconf 84' lang='lat' dir='ltr'>quae</span> <span class='ocrx_word' id='word_1_21' title='bbox 1909 338 2030 377; x_wconf 87' lang='lat' dir='ltr'>debita</span> <span class='ocrx_word' id='word_1_22' title='bbox 2055 349 2154 378; x_wconf 83' lang='lat' dir='ltr'>erant</span> <span class='ocrx_word' id='word_1_23' title='bbox 2174 342 2265 379; x_wconf 91' lang='lat' dir='ltr'>reei-</span> 
     </span>
    </p>
   </div>
   <div class='ocr_carea' id='block_1_5' title="bbox 219 398 1244 752">
    <p class='ocr_par' dir='ltr' id='par_1_5' title="bbox 219 398 1244 752">
     <span class='ocr_line' id='line_1_5' title="bbox 222 398 1244 452; baseline -0.001 -14"><span class='ocrx_word' id='word_1_24' title='bbox 222 399 461 452; x_wconf 68' lang='grc' dir='ltr'>Συὸαριτικὴν</span> <span class='ocrx_word' id='word_1_25' title='bbox 479 398 754 451; x_wconf 81' lang='grc' dir='ltr'>παρατιθέμενος</span> <span class='ocrx_word' id='word_1_26' title='bbox 783 398 981 451; x_wconf 78' lang='grc' dir='ltr'>τράπεζαν,</span> <span class='ocrx_word' id='word_1_27' title='bbox 1017 401 1051 436; x_wconf 83' lang='grc' dir='ltr'>ἐν</span> <span class='ocrx_word' id='word_1_28' title='bbox 1079 399 1244 450; x_wconf 79' lang='grc' dir='ltr'>ἀσελγείᾳ</span> 
     </span>
     <span class='ocr_line' id='line_1_6' title="bbox 219 459 1244 513; baseline -0.002 -15"><span class='ocrx_word' id='word_1_29' title='bbox 219 461 372 513; x_wconf 81' lang='grc' dir='ltr'>τοσαύτῃ</span> <span class='ocrx_word' id='word_1_30' title='bbox 405 461 465 499; x_wconf 76' lang='grc' dir='ltr'>καὶ</span> <span class='ocrx_word' id='word_1_31' title='bbox 503 459 676 511; x_wconf 81' lang='grc' dir='ltr'>ἀκολασίᾳ</span> <span class='ocrx_word' id='word_1_32' title='bbox 708 459 959 512; x_wconf 79' lang='grc' dir='ltr'>στρεφόμενος,</span> <span class='ocrx_word' id='word_1_33' title='bbox 997 459 1055 498; x_wconf 76' lang='grc' dir='ltr'>διὰ</span> <span class='ocrx_word' id='word_1_34' title='bbox 1085 459 1120 497; x_wconf 90' lang='grc' dir='ltr'>τί</span> <span class='ocrx_word' id='word_1_35' title='bbox 1150 462 1244 511; x_wconf 79' lang='grc' dir='ltr'>αὐτῷ</span> 
     </span>
     <span class='ocr_line' id='line_1_7' title="bbox 223 520 1240 573; baseline -0.003 -14"><span class='ocrx_word' id='word_1_36' title='bbox 223 521 340 572; x_wconf 85' lang='grc' dir='ltr'>λέγει,</span> <span class='ocrx_word' id='word_1_37' title='bbox 372 521 426 560; x_wconf 80' lang='grc' dir='ltr'>ὅτι</span> <span class='ocrx_word' id='word_1_38' title='bbox 461 520 657 567; x_wconf 72' lang='grc' dir='ltr'>ἀπέλαὸες;</span> <span class='ocrx_word' id='word_1_39' title='bbox 697 521 927 571; x_wconf 76' lang='grc' dir='ltr'>ἐχρεωστεῑτο</span> <span class='ocrx_word' id='word_1_40' title='bbox 962 520 1031 573; x_wconf 86' lang='grc' dir='ltr'>γάρ</span> <span class='ocrx_word' id='word_1_41' title='bbox 1058 537 1092 559; x_wconf 90' lang='grc' dir='ltr'>τι</span> <span class='ocrx_word' id='word_1_42' title='bbox 1122 522 1240 573; x_wconf 78' lang='grc' dir='ltr'>αὐτῷ,</span> 
     </span>
     <span class='ocr_line' id='line_1_8' title="bbox 220 580 1242 634; baseline -0.001 -15"><span class='ocrx_word' id='word_1_43' title='bbox 220 581 396 634; x_wconf 79' lang='grc' dir='ltr'>ἀνθρώπῳ</span> <span class='ocrx_word' id='word_1_44' title='bbox 425 583 658 629; x_wconf 79' lang='grc' dir='ltr'>πλουτοῦντι,</span> <span class='ocrx_word' id='word_1_45' title='bbox 678 581 853 634; x_wconf 79' lang='grc' dir='ltr'>ἀνθρώπῳ</span> <span class='ocrx_word' id='word_1_46' title='bbox 884 580 1010 633; x_wconf 84' lang='grc' dir='ltr'>ἀσώτῳ</span> <span class='ocrx_word' id='word_1_47' title='bbox 1044 582 1105 620; x_wconf 83' lang='grc' dir='ltr'>καὶ</span> <span class='ocrx_word' id='word_1_48' title='bbox 1131 584 1242 620; x_wconf 89' lang='grc' dir='ltr'>ἀπαν-</span> 
     </span>
     <span class='ocr_line' id='line_1_9' title="bbox 221 641 1243 695; baseline 0 -15"><span class='ocrx_word' id='word_1_49' title='bbox 221 644 373 694; x_wconf 80' lang='grc' dir='ltr'>ορώπῳ;</span> <span class='ocrx_word' id='word_1_50' title='bbox 401 642 436 680; x_wconf 88' lang='grc' dir='ltr'>τί</span> <span class='ocrx_word' id='word_1_51' title='bbox 463 642 532 693; x_wconf 83' lang='grc' dir='ltr'>γὰρ</span> <span class='ocrx_word' id='word_1_52' title='bbox 557 643 652 695; x_wconf 77' lang='grc' dir='ltr'>αὐτῷ</span> <span class='ocrx_word' id='word_1_53' title='bbox 669 644 916 694; x_wconf 75' lang='grc' dir='ltr'>ἓχρεωστεῖτο;</span> <span class='ocrx_word' id='word_1_54' title='bbox 938 642 995 680; x_wconf 86' lang='grc' dir='ltr'>διὰ</span> <span class='ocrx_word' id='word_1_55' title='bbox 1027 641 1061 680; x_wconf 85' lang='grc' dir='ltr'>τί</span> <span class='ocrx_word' id='word_1_56' title='bbox 1091 642 1159 694; x_wconf 82' lang='grc' dir='ltr'>γὰρ</span> <span class='ocrx_word' id='word_1_57' title='bbox 1194 641 1243 692; x_wconf 82' lang='grc' dir='ltr'>μὴ</span> 
     </span>
     <span class='ocr_line' id='line_1_10' title="bbox 221 697 846 752; baseline 0.002 -12"><span class='ocrx_word' id='word_1_58' title='bbox 221 697 316 740; x_wconf 72' lang='grc' dir='ltr'>εἶπεν</span> <span class='ocrx_word' id='word_1_59' title='bbox 331 732 340 750; x_wconf 91' lang='grc'>,</span> <span class='ocrx_word' id='word_1_60' title='bbox 361 703 484 746; x_wconf 71' lang='grc' dir='ltr'>ἔλαὸες</span> <span class='ocrx_word' id='word_1_61' title='bbox 499 732 509 752; x_wconf 91' lang='grc'>,</span> <span class='ocrx_word' id='word_1_62' title='bbox 528 703 619 750; x_wconf 86' lang='grc' dir='ltr'>ἀλλ’,</span> <span class='ocrx_word' id='word_1_63' title='bbox 637 702 846 750; x_wconf 70' lang='grc' dir='ltr'>Ἀπέλαὸεςς</span> 
     </span>
    </p>
   </div>
   <div class='ocr_carea' id='block_1_6' title="bbox 222 1010 1263 3507">
    <p class='ocr_par' dir='ltr' id='par_1_6' title="bbox 222 1010 1263 3507">
     <span class='ocr_line' id='line_1_11' title="bbox 275 1010 1245 1064; baseline -0.003 -13"><span class='ocrx_word' id='word_1_64' title='bbox 275 1012 437 1064; x_wconf 83' lang='grc' dir='ltr'>Πρόσεχε</span> <span class='ocrx_word' id='word_1_65' title='bbox 456 1014 506 1063; x_wconf 84' lang='grc' dir='ltr'>τῷ</span> <span class='ocrx_word' id='word_1_66' title='bbox 526 1010 719 1063; x_wconf 82' lang='grc' dir='ltr'>λεγομένῳ·</span> <span class='ocrx_word' id='word_1_67' title='bbox 739 1013 998 1062; x_wconf 74' lang='grc' dir='ltr'>ἐχρεωστοῦντο</span> <span class='ocrx_word' id='word_1_68' title='bbox 1018 1011 1113 1063; x_wconf 82' lang='grc' dir='ltr'>αὐτῷ</span> <span class='ocrx_word' id='word_1_69' title='bbox 1132 1023 1245 1060; x_wconf 85' lang='grc' dir='ltr'>τιμω-</span> 
     </span>
     <span class='ocr_line' id='line_1_12' title="bbox 224 1070 1248 1126; baseline -0.004 -14"><span class='ocrx_word' id='word_1_70' title='bbox 224 1074 322 1126; x_wconf 85' lang='grc' dir='ltr'>ρίαι,</span> <span class='ocrx_word' id='word_1_71' title='bbox 348 1074 605 1124; x_wconf 78' lang='grc' dir='ltr'>ἐχρεωστοῦντο</span> <span class='ocrx_word' id='word_1_72' title='bbox 640 1073 735 1122; x_wconf 80' lang='grc' dir='ltr'>αὐτῷ</span> <span class='ocrx_word' id='word_1_73' title='bbox 765 1070 925 1114; x_wconf 83' lang='grc' dir='ltr'>κολάσεις</span> <span class='ocrx_word' id='word_1_74' title='bbox 942 1100 951 1117; x_wconf 95' lang='grc'>,</span> <span class='ocrx_word' id='word_1_75' title='bbox 989 1073 1248 1122; x_wconf 72' lang='grc' dir='ltr'>ἐχρεωστοῦντο</span> 
     </span>
     <span class='ocr_line' id='line_1_13' title="bbox 224 1127 1248 1186; baseline -0.004 -12"><span class='ocrx_word' id='word_1_76' title='bbox 224 1136 321 1186; x_wconf 77' lang='grc' dir='ltr'>αὐτῷ</span> <span class='ocrx_word' id='word_1_77' title='bbox 335 1133 467 1172; x_wconf 82' lang='grc' dir='ltr'>ὀδύναι.</span> <span class='ocrx_word' id='word_1_78' title='bbox 489 1132 559 1171; x_wconf 81' lang='grc' dir='ltr'>Διὰ</span> <span class='ocrx_word' id='word_1_79' title='bbox 572 1132 606 1171; x_wconf 89' lang='grc' dir='ltr'>τί</span> <span class='ocrx_word' id='word_1_80' title='bbox 626 1133 675 1184; x_wconf 84' lang='grc' dir='ltr'>μὴ</span> <span class='ocrx_word' id='word_1_81' title='bbox 695 1127 788 1171; x_wconf 64' lang='grc' dir='ltr'>εἶπεν</span> <span class='ocrx_word' id='word_1_82' title='bbox 812 1132 866 1171; x_wconf 79' lang='grc' dir='ltr'>ὅτι</span> <span class='ocrx_word' id='word_1_83' title='bbox 883 1133 971 1171; x_wconf 80' lang='grc' dir='ltr'>αὐτὰ</span> <span class='ocrx_word' id='word_1_84' title='bbox 990 1132 1112 1176; x_wconf 61' lang='grc' dir='ltr'>ἔλαέες</span> <span class='ocrx_word' id='word_1_85' title='bbox 1125 1163 1137 1180; x_wconf 88' lang='grc'>,</span> <span class='ocrx_word' id='word_1_86' title='bbox 1158 1133 1248 1171; x_wconf 81' lang='grc' dir='ltr'>ἀλλὰ</span> 
     </span>
     <span class='ocr_line' id='line_1_14' title="bbox 222 1194 1249 1246; baseline -0.001 -13"><span class='ocrx_word' id='word_1_87' title='bbox 222 1194 415 1238; x_wconf 74' lang='grc' dir='ltr'>Ἀπέλαὸες</span> <span class='ocrx_word' id='word_1_88' title='bbox 438 1194 483 1233; x_wconf 82' lang='grc' dir='ltr'>τὰ</span> <span class='ocrx_word' id='word_1_89' title='bbox 503 1194 619 1246; x_wconf 83' lang='grc' dir='ltr'>ἀγαθοί</span> <span class='ocrx_word' id='word_1_90' title='bbox 638 1209 698 1233; x_wconf 91' lang='grc' dir='ltr'>σου</span> <span class='ocrx_word' id='word_1_91' title='bbox 718 1195 854 1241; x_wconf 84' lang='grc' dir='ltr'>ἐκεῖνα,</span> <span class='ocrx_word' id='word_1_92' title='bbox 874 1194 932 1231; x_wconf 84' lang='grc' dir='ltr'>τὸν</span> <span class='ocrx_word' id='word_1_93' title='bbox 953 1195 1028 1245; x_wconf 84' lang='grc' dir='ltr'>βίον</span> <span class='ocrx_word' id='word_1_94' title='bbox 1046 1196 1175 1233; x_wconf 79' lang='grc' dir='ltr'>ἐκεῖνον</span> <span class='ocrx_word' id='word_1_95' title='bbox 1189 1194 1249 1232; x_wconf 84' lang='grc' dir='ltr'>λε’-</span> 
     </span>
     <span class='ocr_line' id='line_1_15' title="bbox 222 1254 1249 1309; baseline -0.003 -14"><span class='ocrx_word' id='word_1_96' title='bbox 222 1272 292 1309; x_wconf 88' lang='grc' dir='ltr'>γων</span> <span class='ocrx_word' id='word_1_97' title='bbox 305 1285 315 1304; x_wconf 88' lang='grc'>,</span> <span class='ocrx_word' id='word_1_98' title='bbox 338 1256 398 1294; x_wconf 80' lang='grc' dir='ltr'>καὶ</span> <span class='ocrx_word' id='word_1_99' title='bbox 417 1254 582 1307; x_wconf 57' lang='grc' dir='ltr'>’Λάζαρος</span> <span class='ocrx_word' id='word_1_100' title='bbox 611 1255 657 1294; x_wconf 82' lang='grc' dir='ltr'>τὰ</span> <span class='ocrx_word' id='word_1_101' title='bbox 686 1255 780 1293; x_wconf 82' lang='grc' dir='ltr'>κακὰ</span> <span class='ocrx_word' id='word_1_102' title='bbox 807 1257 931 1304; x_wconf 61' lang='grc' dir='ltr'>αὐτοῦς</span> <span class='ocrx_word' id='word_1_103' title='bbox 949 1255 1055 1294; x_wconf 79' lang='grc' dir='ltr'>Ἀλλὰ</span> <span class='ocrx_word' id='word_1_104' title='bbox 1075 1255 1249 1294; x_wconf 87' lang='grc' dir='ltr'>σύντεινόν</span> 
     </span>
     <span class='ocr_line' id='line_1_16' title="bbox 224 1316 1250 1369; baseline -0.003 -11"><span class='ocrx_word' id='word_1_105' title='bbox 224 1335 285 1358; x_wconf 90' lang='grc' dir='ltr'>σου</span> <span class='ocrx_word' id='word_1_106' title='bbox 297 1318 360 1364; x_wconf 85' lang='grc' dir='ltr'>τὴν</span> <span class='ocrx_word' id='word_1_107' title='bbox 378 1317 532 1356; x_wconf 86' lang='grc' dir='ltr'>διάνοιαν</span> <span class='ocrx_word' id='word_1_108' title='bbox 544 1331 551 1338; x_wconf 92' lang='grc'><em>·</em></span> <span class='ocrx_word' id='word_1_109' title='bbox 566 1319 612 1360; x_wconf 86' lang='grc' dir='ltr'>εἷς</span> <span class='ocrx_word' id='word_1_110' title='bbox 631 1317 735 1369; x_wconf 82' lang='grc' dir='ltr'>βάθος</span> <span class='ocrx_word' id='word_1_111' title='bbox 753 1317 822 1368; x_wconf 77' lang='grc' dir='ltr'>γὰρ</span> <span class='ocrx_word' id='word_1_112' title='bbox 835 1316 1038 1355; x_wconf 61' lang='grc' dir='ltr'>καταξαίνω</span> <span class='ocrx_word' id='word_1_113' title='bbox 1052 1318 1250 1368; x_wconf 81' lang='grc' dir='ltr'>νοημάτων.</span> 
     </span>
     <span class='ocr_line' id='line_1_17' title="bbox 224 1377 1250 1431; baseline -0.002 -14"><span class='ocrx_word' id='word_1_114' title='bbox 224 1380 308 1417; x_wconf 84' lang='grc' dir='ltr'>Τῶν</span> <span class='ocrx_word' id='word_1_115' title='bbox 329 1377 521 1431; x_wconf 83' lang='grc' dir='ltr'>ἀνθρώπων</span> <span class='ocrx_word' id='word_1_116' title='bbox 557 1378 724 1416; x_wconf 84' lang='grc' dir='ltr'>ἁπάντων</span> <span class='ocrx_word' id='word_1_117' title='bbox 761 1380 831 1416; x_wconf 82' lang='grc' dir='ltr'>τῶν</span> <span class='ocrx_word' id='word_1_118' title='bbox 859 1378 968 1416; x_wconf 86' lang='grc' dir='ltr'>ὄντων</span> <span class='ocrx_word' id='word_1_119' title='bbox 1002 1381 1034 1417; x_wconf 79' lang='grc' dir='ltr'>οἳ</span> <span class='ocrx_word' id='word_1_120' title='bbox 1068 1379 1129 1428; x_wconf 83' lang='grc' dir='ltr'>μέν</span> <span class='ocrx_word' id='word_1_121' title='bbox 1165 1380 1250 1417; x_wconf 86' lang='grc' dir='ltr'>εἰσιν</span> 
     </span>
     <span class='ocr_line' id='line_1_18' title="bbox 224 1437 1252 1492; baseline 0 -14"><span class='ocrx_word' id='word_1_122' title='bbox 224 1439 430 1492; x_wconf 79' lang='grc' dir='ltr'>ἁμαρτωλοὶ</span> <span class='ocrx_word' id='word_1_123' title='bbox 444 1467 453 1483; x_wconf 92' lang='grc'>,</span> <span class='ocrx_word' id='word_1_124' title='bbox 475 1441 506 1477; x_wconf 77' lang='grc' dir='ltr'>οἳ</span> <span class='ocrx_word' id='word_1_125' title='bbox 521 1437 557 1476; x_wconf 82' lang='grc' dir='ltr'>δὲ</span> <span class='ocrx_word' id='word_1_126' title='bbox 577 1438 720 1478; x_wconf 88' lang='grc' dir='ltr'>δίκαιοι.</span> <span class='ocrx_word' id='word_1_127' title='bbox 740 1439 904 1492; x_wconf 74' lang='grc' dir='ltr'>Πρόσεχε</span> <span class='ocrx_word' id='word_1_128' title='bbox 918 1439 1029 1478; x_wconf 83' lang='grc' dir='ltr'>τοίνυν</span> <span class='ocrx_word' id='word_1_129' title='bbox 1049 1439 1109 1477; x_wconf 85' lang='grc' dir='ltr'>καὶ</span> <span class='ocrx_word' id='word_1_130' title='bbox 1130 1442 1163 1478; x_wconf 80' lang='grc' dir='ltr'>ἐν</span> <span class='ocrx_word' id='word_1_131' title='bbox 1182 1447 1252 1484; x_wconf 80' lang='grc' dir='ltr'>τοῖς</span> 
     </span>
     <span class='ocr_line' id='line_1_19' title="bbox 226 1499 1252 1552; baseline 0.001 -14"><span class='ocrx_word' id='word_1_132' title='bbox 226 1500 374 1544; x_wconf 87' lang='grc' dir='ltr'>δικαίοις</span> <span class='ocrx_word' id='word_1_133' title='bbox 390 1499 556 1552; x_wconf 80' lang='grc' dir='ltr'>διαφοράν</span> <span class='ocrx_word' id='word_1_134' title='bbox 570 1516 577 1523; x_wconf 94' lang='grc'>·</span> <span class='ocrx_word' id='word_1_135' title='bbox 589 1503 608 1538; x_wconf 84' lang='grc' dir='ltr'><strong><em>ὃ</em></strong></span> <span class='ocrx_word' id='word_1_136' title='bbox 627 1499 692 1551; x_wconf 84' lang='grc' dir='ltr'>μὲν</span> <span class='ocrx_word' id='word_1_137' title='bbox 709 1500 860 1549; x_wconf 87' lang='grc' dir='ltr'>δίκαιος,</span> <span class='ocrx_word' id='word_1_138' title='bbox 875 1504 893 1539; x_wconf 81' lang='grc' dir='ltr'>ὁ</span> <span class='ocrx_word' id='word_1_139' title='bbox 913 1501 950 1539; x_wconf 83' lang='grc' dir='ltr'>δὲ</span> <span class='ocrx_word' id='word_1_140' title='bbox 968 1503 1087 1539; x_wconf 87' lang='grc' dir='ltr'>πλεῖον</span> <span class='ocrx_word' id='word_1_141' title='bbox 1103 1501 1252 1546; x_wconf 87' lang='grc' dir='ltr'>δίκαιος·</span> 
     </span>
     <span class='ocr_line' id='line_1_20' title="bbox 225 1560 1254 1615; baseline 0 -15"><span class='ocrx_word' id='word_1_142' title='bbox 225 1564 244 1600; x_wconf 85' lang='grc' dir='ltr'><strong><em>ὃ</em></strong></span> <span class='ocrx_word' id='word_1_143' title='bbox 265 1561 327 1612; x_wconf 86' lang='grc' dir='ltr'>μὲν</span> <span class='ocrx_word' id='word_1_144' title='bbox 348 1561 561 1613; x_wconf 77' lang='grc' dir='ltr'>ὑψηλότερος</span> <span class='ocrx_word' id='word_1_145' title='bbox 575 1590 584 1607; x_wconf 91' lang='grc'>,</span> <span class='ocrx_word' id='word_1_146' title='bbox 601 1563 619 1598; x_wconf 83' lang='grc' dir='ltr'>ὁ</span> <span class='ocrx_word' id='word_1_147' title='bbox 638 1560 674 1598; x_wconf 80' lang='grc' dir='ltr'>δὲ</span> <span class='ocrx_word' id='word_1_148' title='bbox 694 1560 837 1610; x_wconf 86' lang='grc' dir='ltr'>μείζων·</span> <span class='ocrx_word' id='word_1_149' title='bbox 854 1561 916 1599; x_wconf 88' lang='grc' dir='ltr'>καὶ</span> <span class='ocrx_word' id='word_1_150' title='bbox 933 1562 1093 1615; x_wconf 83' lang='grc' dir='ltr'>καθάπερ</span> <span class='ocrx_word' id='word_1_151' title='bbox 1112 1563 1254 1614; x_wconf 81' lang='grc' dir='ltr'>ἀστέρες</span> 
     </span>
     <span class='ocr_line' id='line_1_21' title="bbox 227 1621 1254 1675; baseline 0 -14"><span class='ocrx_word' id='word_1_152' title='bbox 227 1623 294 1661; x_wconf 81' lang='grc' dir='ltr'>εἶσὶ</span> <span class='ocrx_word' id='word_1_153' title='bbox 313 1622 436 1661; x_wconf 84' lang='grc' dir='ltr'>πολλοὶ</span> <span class='ocrx_word' id='word_1_154' title='bbox 458 1622 519 1659; x_wconf 85' lang='grc' dir='ltr'>καὶ</span> <span class='ocrx_word' id='word_1_155' title='bbox 537 1621 634 1668; x_wconf 82' lang='grc' dir='ltr'>ἥλιος</span> <span class='ocrx_word' id='word_1_156' title='bbox 653 1622 714 1660; x_wconf 79' lang='grc' dir='ltr'>καὶ</span> <span class='ocrx_word' id='word_1_157' title='bbox 734 1622 865 1669; x_wconf 82' lang='grc' dir='ltr'>σελήνη</span> <span class='ocrx_word' id='word_1_158' title='bbox 880 1651 890 1668; x_wconf 93' lang='grc'>,</span> <span class='ocrx_word' id='word_1_159' title='bbox 908 1622 1000 1660; x_wconf 77' lang='grc' dir='ltr'>οὕτω</span> <span class='ocrx_word' id='word_1_160' title='bbox 1021 1623 1080 1660; x_wconf 86' lang='grc' dir='ltr'>καὶ</span> <span class='ocrx_word' id='word_1_161' title='bbox 1105 1623 1254 1675; x_wconf 68' lang='grc' dir='ltr'>διαφορὰ</span> 
     </span>
     <span class='ocr_line' id='line_1_22' title="bbox 226 1680 1254 1733; baseline 0 -12"><span class='ocrx_word' id='word_1_162' title='bbox 226 1683 383 1722; x_wconf 87' lang='grc' dir='ltr'>δικαίων.</span> <span class='ocrx_word' id='word_1_163' title='bbox 395 1681 504 1729; x_wconf 88' lang='grc' dir='ltr'>Ἄλλη</span> <span class='ocrx_word' id='word_1_164' title='bbox 523 1680 592 1733; x_wconf 79' lang='grc' dir='ltr'>γὰρ</span> <span class='ocrx_word' id='word_1_165' title='bbox 621 1681 703 1726; x_wconf 82' lang='grc' dir='ltr'>δόξα</span> <span class='ocrx_word' id='word_1_166' title='bbox 730 1681 846 1732; x_wconf 82' lang='grc' dir='ltr'>ἡλίου,</span> <span class='ocrx_word' id='word_1_167' title='bbox 877 1683 937 1721; x_wconf 83' lang='grc' dir='ltr'>καὶ</span> <span class='ocrx_word' id='word_1_168' title='bbox 970 1683 1059 1730; x_wconf 82' lang='grc' dir='ltr'>ἄλλη</span> <span class='ocrx_word' id='word_1_169' title='bbox 1091 1684 1254 1730; x_wconf 75' lang='grc' dir='ltr'>σελήνης,</span> 
     </span>
     <span class='ocr_line' id='line_1_23' title="bbox 225 1742 1254 1796; baseline 0.001 -15"><span class='ocrx_word' id='word_1_170' title='bbox 225 1743 285 1781; x_wconf 84' lang='grc' dir='ltr'>καὶ</span> <span class='ocrx_word' id='word_1_171' title='bbox 303 1743 394 1789; x_wconf 84' lang='grc' dir='ltr'>ἄλλη</span> <span class='ocrx_word' id='word_1_172' title='bbox 410 1742 490 1787; x_wconf 81' lang='grc' dir='ltr'>δόξα</span> <span class='ocrx_word' id='word_1_173' title='bbox 505 1742 676 1795; x_wconf 82' lang='grc' dir='ltr'>ἀστέρων.</span> <span class='ocrx_word' id='word_1_174' title='bbox 688 1742 746 1782; x_wconf 84' lang='grc' dir='ltr'>Τὰ</span> <span class='ocrx_word' id='word_1_175' title='bbox 759 1742 822 1794; x_wconf 80' lang='grc' dir='ltr'>μὲν</span> <span class='ocrx_word' id='word_1_176' title='bbox 843 1743 911 1796; x_wconf 79' lang='grc' dir='ltr'>γὰρ</span> <span class='ocrx_word' id='word_1_177' title='bbox 929 1744 1085 1796; x_wconf 75' lang='grc' dir='ltr'>διαφέρει</span> <span class='ocrx_word' id='word_1_178' title='bbox 1105 1745 1140 1782; x_wconf 81' lang='grc' dir='ltr'>ἐν</span> <span class='ocrx_word' id='word_1_179' title='bbox 1158 1743 1254 1795; x_wconf 81' lang='grc' dir='ltr'>δόξῃ,</span> 
     </span>
     <span class='ocr_line' id='line_1_24' title="bbox 224 1804 1256 1858; baseline 0.001 -15"><span class='ocrx_word' id='word_1_180' title='bbox 224 1805 269 1844; x_wconf 82' lang='grc' dir='ltr'>τὰ</span> <span class='ocrx_word' id='word_1_181' title='bbox 297 1804 333 1844; x_wconf 82' lang='grc' dir='ltr'>δὲ</span> <span class='ocrx_word' id='word_1_182' title='bbox 353 1805 577 1844; x_wconf 75' lang='grc' dir='ltr'>ἐλαττοῦται·</span> <span class='ocrx_word' id='word_1_183' title='bbox 597 1804 658 1843; x_wconf 83' lang='grc' dir='ltr'>καὶ</span> <span class='ocrx_word' id='word_1_184' title='bbox 673 1804 833 1858; x_wconf 80' lang='grc' dir='ltr'>καθάπερ</span> <span class='ocrx_word' id='word_1_185' title='bbox 855 1805 921 1843; x_wconf 84' lang='grc' dir='ltr'>εἰσὶ</span> <span class='ocrx_word' id='word_1_186' title='bbox 935 1805 1085 1856; x_wconf 85' lang='grc' dir='ltr'>σώματα</span> <span class='ocrx_word' id='word_1_187' title='bbox 1106 1806 1256 1857; x_wconf 80' lang='grc' dir='ltr'>ἐπουρά-</span> 
     </span>
     <span class='ocr_line' id='line_1_25' title="bbox 225 1865 1256 1919; baseline -0.002 -13"><span class='ocrx_word' id='word_1_188' title='bbox 225 1866 409 1913; x_wconf 77' lang='grc' dir='ltr'>νια,οὕτω</span> <span class='ocrx_word' id='word_1_189' title='bbox 435 1865 496 1904; x_wconf 78' lang='grc' dir='ltr'>καὶ</span> <span class='ocrx_word' id='word_1_190' title='bbox 524 1865 675 1917; x_wconf 84' lang='grc' dir='ltr'>σώματα</span> <span class='ocrx_word' id='word_1_191' title='bbox 707 1865 864 1918; x_wconf 82' lang='grc' dir='ltr'>ἐπίγεια·</span> <span class='ocrx_word' id='word_1_192' title='bbox 886 1867 946 1905; x_wconf 86' lang='grc' dir='ltr'>καὶ</span> <span class='ocrx_word' id='word_1_193' title='bbox 976 1866 1097 1919; x_wconf 84' lang='grc' dir='ltr'>ὥσπερ</span> <span class='ocrx_word' id='word_1_194' title='bbox 1126 1869 1158 1905; x_wconf 80' lang='grc' dir='ltr'>ἐν</span> <span class='ocrx_word' id='word_1_195' title='bbox 1186 1873 1256 1909; x_wconf 83' lang='grc' dir='ltr'>τοῖς</span> 
     </span>
     <span class='ocr_line' id='line_1_26' title="bbox 228 1927 1256 1979; baseline -0.001 -12"><span class='ocrx_word' id='word_1_196' title='bbox 228 1929 391 1979; x_wconf 83' lang='grc' dir='ltr'>σώμασιν</span> <span class='ocrx_word' id='word_1_197' title='bbox 405 1931 423 1966; x_wconf 82' lang='grc' dir='ltr'><em>ὃ</em></span> <span class='ocrx_word' id='word_1_198' title='bbox 443 1927 505 1978; x_wconf 81' lang='grc' dir='ltr'>μὲν</span> <span class='ocrx_word' id='word_1_199' title='bbox 535 1927 681 1979; x_wconf 84' lang='grc' dir='ltr'>ἔλαφος,</span> <span class='ocrx_word' id='word_1_200' title='bbox 696 1929 715 1965; x_wconf 84' lang='grc' dir='ltr'><em>ὃ</em></span> <span class='ocrx_word' id='word_1_201' title='bbox 744 1927 780 1965; x_wconf 82' lang='grc' dir='ltr'>δὲ</span> <span class='ocrx_word' id='word_1_202' title='bbox 810 1927 904 1966; x_wconf 90' lang='grc' dir='ltr'>κύων</span> <span class='ocrx_word' id='word_1_203' title='bbox 918 1956 928 1974; x_wconf 86' lang='grc'>,</span> <span class='ocrx_word' id='word_1_204' title='bbox 946 1931 964 1966; x_wconf 86' lang='grc' dir='ltr'>ὁ</span> <span class='ocrx_word' id='word_1_205' title='bbox 987 1927 1024 1966; x_wconf 83' lang='grc' dir='ltr'>δὲ</span> <span class='ocrx_word' id='word_1_206' title='bbox 1043 1929 1131 1967; x_wconf 85' lang='grc' dir='ltr'>λέων</span> <span class='ocrx_word' id='word_1_207' title='bbox 1145 1957 1156 1976; x_wconf 90' lang='grc'>,</span> <span class='ocrx_word' id='word_1_208' title='bbox 1173 1930 1191 1965; x_wconf 88' lang='grc' dir='ltr'>ὃ</span> <span class='ocrx_word' id='word_1_209' title='bbox 1220 1928 1256 1966; x_wconf 83' lang='grc' dir='ltr'>δὲ</span> 
     </span>
     <span class='ocr_line' id='line_1_27' title="bbox 226 1988 1254 2041; baseline -0.002 -13"><span class='ocrx_word' id='word_1_210' title='bbox 226 1990 314 2028; x_wconf 84' lang='grc' dir='ltr'>ἄλλο</span> <span class='ocrx_word' id='word_1_211' title='bbox 333 1988 450 2041; x_wconf 89' lang='grc' dir='ltr'>Οηρίον</span> <span class='ocrx_word' id='word_1_212' title='bbox 465 2019 474 2036; x_wconf 87' lang='grc'>,</span> <span class='ocrx_word' id='word_1_213' title='bbox 496 1992 513 2027; x_wconf 80' lang='grc' dir='ltr'>ὁ</span> <span class='ocrx_word' id='word_1_214' title='bbox 534 1988 570 2028; x_wconf 80' lang='grc' dir='ltr'>δὲ</span> <span class='ocrx_word' id='word_1_215' title='bbox 589 1989 714 2036; x_wconf 84' lang='grc' dir='ltr'>ἀσπὶς,</span> <span class='ocrx_word' id='word_1_216' title='bbox 730 1991 747 2027; x_wconf 80' lang='grc' dir='ltr'>ὁ</span> <span class='ocrx_word' id='word_1_217' title='bbox 763 1988 798 2027; x_wconf 82' lang='grc' dir='ltr'>δὲ</span> <span class='ocrx_word' id='word_1_218' title='bbox 819 1989 906 2028; x_wconf 85' lang='grc' dir='ltr'>ἄλλο</span> <span class='ocrx_word' id='word_1_219' title='bbox 921 2006 956 2027; x_wconf 89' lang='grc' dir='ltr'>τι</span> <span class='ocrx_word' id='word_1_220' title='bbox 982 1992 1050 2028; x_wconf 84' lang='grc' dir='ltr'>τῶν</span> <span class='ocrx_word' id='word_1_221' title='bbox 1069 1988 1235 2028; x_wconf 85' lang='grc' dir='ltr'>τοιούτων</span> <span class='ocrx_word' id='word_1_222' title='bbox 1247 2002 1254 2009; x_wconf 92' lang='grc'><strong><em>·</em></strong></span> 
     </span>
     <span class='ocr_line' id='line_1_28' title="bbox 227 2050 1258 2104; baseline -0.002 -14"><span class='ocrx_word' id='word_1_223' title='bbox 227 2051 318 2090; x_wconf 79' lang='grc' dir='ltr'>οὕτω</span> <span class='ocrx_word' id='word_1_224' title='bbox 345 2051 405 2089; x_wconf 84' lang='grc' dir='ltr'>καὶ</span> <span class='ocrx_word' id='word_1_225' title='bbox 424 2053 458 2089; x_wconf 83' lang='grc' dir='ltr'>ἐν</span> <span class='ocrx_word' id='word_1_226' title='bbox 479 2057 550 2093; x_wconf 91' lang='grc' dir='ltr'>τοῖς</span> <span class='ocrx_word' id='word_1_227' title='bbox 567 2050 801 2102; x_wconf 80' lang='grc' dir='ltr'>ἁμαρτήμασι</span> <span class='ocrx_word' id='word_1_228' title='bbox 818 2051 995 2104; x_wconf 80' lang='grc' dir='ltr'>διαφοραί.</span> <span class='ocrx_word' id='word_1_229' title='bbox 1016 2053 1098 2090; x_wconf 82' lang='grc' dir='ltr'>Τῶν</span> <span class='ocrx_word' id='word_1_230' title='bbox 1119 2051 1258 2103; x_wconf 87' lang='grc' dir='ltr'>ἀνθρώ-</span> 
     </span>
     <span class='ocr_line' id='line_1_29' title="bbox 229 2112 1257 2164; baseline -0.001 -12"><span class='ocrx_word' id='word_1_231' title='bbox 229 2130 304 2152; x_wconf 87' lang='grc' dir='ltr'>πων</span> <span class='ocrx_word' id='word_1_232' title='bbox 323 2113 436 2151; x_wconf 84' lang='grc' dir='ltr'>τοίνυν</span> <span class='ocrx_word' id='word_1_233' title='bbox 454 2115 485 2151; x_wconf 68' lang='lat' dir='ltr'>ot</span> <span class='ocrx_word' id='word_1_234' title='bbox 501 2113 562 2163; x_wconf 85' lang='grc' dir='ltr'>μέν</span> <span class='ocrx_word' id='word_1_235' title='bbox 579 2115 647 2150; x_wconf 82' lang='grc' dir='ltr'>εἰσι</span> <span class='ocrx_word' id='word_1_236' title='bbox 661 2112 804 2159; x_wconf 83' lang='grc' dir='ltr'>δίκαιοι,</span> <span class='ocrx_word' id='word_1_237' title='bbox 826 2115 856 2151; x_wconf 88' lang='grc' dir='ltr'>οἱ</span> <span class='ocrx_word' id='word_1_238' title='bbox 871 2113 907 2152; x_wconf 83' lang='grc' dir='ltr'>δὲ</span> <span class='ocrx_word' id='word_1_239' title='bbox 923 2113 1128 2164; x_wconf 82' lang='grc' dir='ltr'>ἁμαρτωλοί</span> <span class='ocrx_word' id='word_1_240' title='bbox 1141 2126 1148 2134; x_wconf 93' lang='grc'><em>·</em></span> <span class='ocrx_word' id='word_1_241' title='bbox 1166 2112 1257 2151; x_wconf 76' lang='grc' dir='ltr'>ἀλλὰ</span> 
     </span>
     <span class='ocr_line' id='line_1_30' title="bbox 227 2173 1257 2225; baseline -0.001 -13"><span class='ocrx_word' id='word_1_242' title='bbox 227 2174 286 2212; x_wconf 80' lang='grc' dir='ltr'>καὶ</span> <span class='ocrx_word' id='word_1_243' title='bbox 307 2177 343 2213; x_wconf 84' lang='grc' dir='ltr'>ἐν</span> <span class='ocrx_word' id='word_1_244' title='bbox 360 2180 431 2216; x_wconf 84' lang='grc' dir='ltr'>τοῖς</span> <span class='ocrx_word' id='word_1_245' title='bbox 449 2173 596 2216; x_wconf 87' lang='grc' dir='ltr'>δικαίοις</span> <span class='ocrx_word' id='word_1_246' title='bbox 611 2173 725 2220; x_wconf 75' lang='grc' dir='ltr'>πολλὴ</span> <span class='ocrx_word' id='word_1_247' title='bbox 746 2173 908 2225; x_wconf 82' lang='grc' dir='ltr'>διαφορὰ,</span> <span class='ocrx_word' id='word_1_248' title='bbox 928 2174 988 2212; x_wconf 79' lang='grc' dir='ltr'>καὶ</span> <span class='ocrx_word' id='word_1_249' title='bbox 1003 2175 1038 2211; x_wconf 81' lang='grc' dir='ltr'>ἐν</span> <span class='ocrx_word' id='word_1_250' title='bbox 1059 2180 1131 2217; x_wconf 87' lang='grc' dir='ltr'>τοῖς</span> <span class='ocrx_word' id='word_1_251' title='bbox 1144 2174 1257 2225; x_wconf 84' lang='grc' dir='ltr'>ἁμαρ-</span> 
     </span>
     <span class='ocr_line' id='line_1_31' title="bbox 226 2233 1257 2286; baseline 0 -14"><span class='ocrx_word' id='word_1_252' title='bbox 226 2235 351 2277; x_wconf 84' lang='grc' dir='ltr'>τωλοῖς</span> <span class='ocrx_word' id='word_1_253' title='bbox 377 2233 491 2279; x_wconf 83' lang='grc' dir='ltr'>πολλὴ</span> <span class='ocrx_word' id='word_1_254' title='bbox 517 2233 578 2271; x_wconf 81' lang='grc' dir='ltr'>καὶ</span> <span class='ocrx_word' id='word_1_255' title='bbox 608 2233 763 2286; x_wconf 86' lang='grc' dir='ltr'>ἄπειρος.</span> <span class='ocrx_word' id='word_1_256' title='bbox 793 2234 898 2272; x_wconf 81' lang='grc' dir='ltr'>Ἀλλὰ</span> <span class='ocrx_word' id='word_1_257' title='bbox 936 2234 1089 2286; x_wconf 76' lang='grc' dir='ltr'>πρόσεχε</span> <span class='ocrx_word' id='word_1_258' title='bbox 1107 2249 1115 2257; x_wconf 95' lang='grc'><em>·</em></span> <span class='ocrx_word' id='word_1_259' title='bbox 1139 2236 1169 2272; x_wconf 87' lang='grc' dir='ltr'>εἷ</span> <span class='ocrx_word' id='word_1_260' title='bbox 1198 2234 1257 2272; x_wconf 83' lang='grc' dir='ltr'>καὶ</span> 
     </span>
     <span class='ocr_line' id='line_1_32' title="bbox 229 2288 1258 2346; baseline -0.002 -13"><span class='ocrx_word' id='word_1_261' title='bbox 229 2295 363 2337; x_wconf 84' lang='grc' dir='ltr'>δίκαιος</span> <span class='ocrx_word' id='word_1_262' title='bbox 385 2289 408 2346; x_wconf 64' lang='grc' dir='ltr'>ἦ</span> <span class='ocrx_word' id='word_1_263' title='bbox 437 2310 509 2342; x_wconf 88' lang='grc' dir='ltr'>τις,</span> <span class='ocrx_word' id='word_1_264' title='bbox 543 2294 607 2332; x_wconf 76' lang='grc' dir='ltr'>κᾶν</span> <span class='ocrx_word' id='word_1_265' title='bbox 644 2294 807 2345; x_wconf 78' lang='grc' dir='ltr'>μυριάκις</span> <span class='ocrx_word' id='word_1_266' title='bbox 834 2288 858 2346; x_wconf 69' lang='grc' dir='ltr'>ἦ</span> <span class='ocrx_word' id='word_1_267' title='bbox 894 2294 1048 2342; x_wconf 86' lang='grc' dir='ltr'>δίκαιος,</span> <span class='ocrx_word' id='word_1_268' title='bbox 1080 2294 1139 2332; x_wconf 80' lang='grc' dir='ltr'>καὶ</span> <span class='ocrx_word' id='word_1_269' title='bbox 1172 2295 1258 2346; x_wconf 80' lang='grc' dir='ltr'>πρὸς</span> 
     </span>
     <span class='ocr_line' id='line_1_33' title="bbox 230 2355 1256 2408; baseline 0 -15"><span class='ocrx_word' id='word_1_270' title='bbox 230 2355 339 2402; x_wconf 82' lang='grc' dir='ltr'>αὐτὴν</span> <span class='ocrx_word' id='word_1_271' title='bbox 362 2356 477 2407; x_wconf 66' lang='grc' dir='ltr'>ἀναῧῇ</span> <span class='ocrx_word' id='word_1_272' title='bbox 503 2355 566 2401; x_wconf 85' lang='grc' dir='ltr'>τὴν</span> <span class='ocrx_word' id='word_1_273' title='bbox 587 2355 756 2408; x_wconf 73' lang='grc' dir='ltr'>κορυφὴν,</span> <span class='ocrx_word' id='word_1_274' title='bbox 776 2355 867 2395; x_wconf 85' lang='grc' dir='ltr'>ὥστε</span> <span class='ocrx_word' id='word_1_275' title='bbox 890 2356 1119 2408; x_wconf 70' lang='grc' dir='ltr'>ἀπηλλάχθαι</span> <span class='ocrx_word' id='word_1_276' title='bbox 1141 2357 1256 2407; x_wconf 86' lang='grc' dir='ltr'>ἁμαρ-</span> 
     </span>
     <span class='ocr_line' id='line_1_34' title="bbox 231 2412 1256 2468; baseline -0.003 -13"><span class='ocrx_word' id='word_1_277' title='bbox 231 2416 424 2467; x_wconf 87' lang='grc' dir='ltr'>τημάτων,</span> <span class='ocrx_word' id='word_1_278' title='bbox 454 2417 492 2455; x_wconf 81' lang='grc' dir='ltr'>οὗ</span> <span class='ocrx_word' id='word_1_279' title='bbox 521 2416 662 2454; x_wconf 86' lang='grc' dir='ltr'>δύναται</span> <span class='ocrx_word' id='word_1_280' title='bbox 695 2417 846 2468; x_wconf 79' lang='grc' dir='ltr'>καθαρὸς</span> <span class='ocrx_word' id='word_1_281' title='bbox 885 2412 973 2454; x_wconf 72' lang='grc' dir='ltr'>εἶναι</span> <span class='ocrx_word' id='word_1_282' title='bbox 1009 2418 1171 2464; x_wconf 81' lang='grc' dir='ltr'>κηλῖδος,</span> <span class='ocrx_word' id='word_1_283' title='bbox 1192 2418 1256 2454; x_wconf 82' lang='grc' dir='ltr'>κᾶν</span> 
     </span>
     <span class='ocr_line' id='line_1_35' title="bbox 229 2473 1257 2530; baseline 0 -14"><span class='ocrx_word' id='word_1_284' title='bbox 229 2478 393 2530; x_wconf 82' lang='grc' dir='ltr'>μυριάκις</span> <span class='ocrx_word' id='word_1_285' title='bbox 421 2473 443 2530; x_wconf 70' lang='grc' dir='ltr'>ᾗ</span> <span class='ocrx_word' id='word_1_286' title='bbox 475 2477 608 2520; x_wconf 81' lang='grc' dir='ltr'>δίκαιος</span> <span class='ocrx_word' id='word_1_287' title='bbox 625 2507 635 2526; x_wconf 85' lang='grc'>,</span> <span class='ocrx_word' id='word_1_288' title='bbox 671 2479 749 2515; x_wconf 88' lang='grc' dir='ltr'>ἀλλ’</span> <span class='ocrx_word' id='word_1_289' title='bbox 782 2478 962 2530; x_wconf 74' lang='grc' dir='ltr'>ἅνθρωπός</span> <span class='ocrx_word' id='word_1_290' title='bbox 988 2481 1075 2517; x_wconf 83' lang='grc' dir='ltr'>ἐστι.</span> <span class='ocrx_word' id='word_1_291' title='bbox 1104 2478 1169 2521; x_wconf 85' lang='grc' dir='ltr'>Τίς</span> <span class='ocrx_word' id='word_1_292' title='bbox 1188 2478 1257 2530; x_wconf 80' lang='grc' dir='ltr'>γὰρ</span> 
     </span>
     <span class='ocr_line' id='line_1_36' title="bbox 228 2538 1257 2593; baseline -0.001 -15"><span class='ocrx_word' id='word_1_293' title='bbox 228 2540 445 2592; x_wconf 74' lang='grc' dir='ltr'>καυχήσεται</span> <span class='ocrx_word' id='word_1_294' title='bbox 465 2538 572 2591; x_wconf 79' lang='grc' dir='ltr'>ἁγνὴν</span> <span class='ocrx_word' id='word_1_295' title='bbox 594 2539 686 2591; x_wconf 72' lang='grc' dir='ltr'>ἔχειν</span> <span class='ocrx_word' id='word_1_296' title='bbox 714 2539 777 2586; x_wconf 80' lang='grc' dir='ltr'>τὴν</span> <span class='ocrx_word' id='word_1_297' title='bbox 807 2539 977 2591; x_wconf 85' lang='grc' dir='ltr'>καρδίαν;</span> <span class='ocrx_word' id='word_1_298' title='bbox 996 2539 1018 2585; x_wconf 81' lang='grc' dir='ltr'>ἢ</span> <span class='ocrx_word' id='word_1_299' title='bbox 1038 2539 1090 2584; x_wconf 87' lang='grc' dir='ltr'>τίς</span> <span class='ocrx_word' id='word_1_300' title='bbox 1120 2543 1257 2593; x_wconf 69' lang='grc' dir='ltr'>παρρη-</span> 
     </span>
     <span class='ocr_line' id='line_1_37' title="bbox 229 2594 1259 2653; baseline 0.001 -15"><span class='ocrx_word' id='word_1_301' title='bbox 229 2601 391 2640; x_wconf 80' lang='grc' dir='ltr'>σιάσεται</span> <span class='ocrx_word' id='word_1_302' title='bbox 420 2599 570 2653; x_wconf 77' lang='grc' dir='ltr'>καθαρὸς</span> <span class='ocrx_word' id='word_1_303' title='bbox 604 2594 692 2638; x_wconf 65' lang='grc' dir='ltr'>εἶναι</span> <span class='ocrx_word' id='word_1_304' title='bbox 724 2600 794 2638; x_wconf 82' lang='grc' dir='ltr'>ἀπὸ</span> <span class='ocrx_word' id='word_1_305' title='bbox 824 2600 1015 2652; x_wconf 83' lang='grc' dir='ltr'>ἁμαρτίας;</span> <span class='ocrx_word' id='word_1_306' title='bbox 1052 2601 1121 2640; x_wconf 82' lang='grc' dir='ltr'>Διὰ</span> <span class='ocrx_word' id='word_1_307' title='bbox 1158 2605 1259 2639; x_wconf 86' lang='grc' dir='ltr'>τοῦτο</span> 
     </span>
     <span class='ocr_line' id='line_1_38' title="bbox 229 2661 1257 2714; baseline 0 -14"><span class='ocrx_word' id='word_1_308' title='bbox 229 2661 440 2712; x_wconf 83' lang='grc' dir='ltr'>κελευόμεΟα</span> <span class='ocrx_word' id='word_1_309' title='bbox 456 2664 502 2705; x_wconf 89' lang='grc' dir='ltr'>εἷς</span> <span class='ocrx_word' id='word_1_310' title='bbox 521 2661 584 2709; x_wconf 86' lang='grc' dir='ltr'>τὴν</span> <span class='ocrx_word' id='word_1_311' title='bbox 607 2661 712 2714; x_wconf 74' lang='grc' dir='ltr'>εὐχὴν</span> <span class='ocrx_word' id='word_1_312' title='bbox 728 2662 841 2713; x_wconf 79' lang='grc' dir='ltr'>λέγειν</span> <span class='ocrx_word' id='word_1_313' title='bbox 856 2678 863 2685; x_wconf 87' lang='grc'><em>·</em></span> <span class='ocrx_word' id='word_1_314' title='bbox 879 2662 980 2714; x_wconf 81' lang='grc' dir='ltr'>Ἄφες</span> <span class='ocrx_word' id='word_1_315' title='bbox 995 2666 1080 2713; x_wconf 76' lang='grc' dir='ltr'>ἡμῖν</span> <span class='ocrx_word' id='word_1_316' title='bbox 1100 2662 1143 2700; x_wconf 88' lang='grc' dir='ltr'>τὰ</span> <span class='ocrx_word' id='word_1_317' title='bbox 1162 2665 1257 2714; x_wconf 45' lang='grc' dir='ltr'>ὀερειἡ</span> 
     </span>
     <span class='ocr_line' id='line_1_39' title="bbox 228 2723 1257 2776; baseline 0 -15"><span class='ocrx_word' id='word_1_318' title='bbox 228 2723 373 2774; x_wconf 86' lang='grc' dir='ltr'>λήματα</span> <span class='ocrx_word' id='word_1_319' title='bbox 392 2726 506 2773; x_wconf 80' lang='grc' dir='ltr'>ἡμῶν,</span> <span class='ocrx_word' id='word_1_320' title='bbox 531 2723 589 2760; x_wconf 87' lang='grc' dir='ltr'>ἵνα</span> <span class='ocrx_word' id='word_1_321' title='bbox 616 2726 660 2775; x_wconf 75' lang='grc' dir='ltr'>τῇ</span> <span class='ocrx_word' id='word_1_322' title='bbox 692 2724 854 2775; x_wconf 77' lang='grc' dir='ltr'>συνηθείᾳ</span> <span class='ocrx_word' id='word_1_323' title='bbox 874 2726 936 2770; x_wconf 86' lang='grc' dir='ltr'>τ’ἧς</span> <span class='ocrx_word' id='word_1_324' title='bbox 966 2725 1070 2776; x_wconf 72' lang='grc' dir='ltr'>εὐχῆς</span> <span class='ocrx_word' id='word_1_325' title='bbox 1093 2727 1257 2775; x_wconf 56' lang='grc' dir='ltr'>ἀναμνηψ</span> 
     </span>
     <span class='ocr_line' id='line_1_40' title="bbox 229 2783 1257 2836; baseline 0.001 -14"><span class='ocrx_word' id='word_1_326' title='bbox 229 2787 367 2835; x_wconf 75' lang='grc' dir='ltr'>σΟῶμεν</span> <span class='ocrx_word' id='word_1_327' title='bbox 394 2787 465 2822; x_wconf 82' lang='grc' dir='ltr'>ἐκεῖ</span> <span class='ocrx_word' id='word_1_328' title='bbox 491 2783 545 2822; x_wconf 76' lang='grc' dir='ltr'>ὅτι</span> <span class='ocrx_word' id='word_1_329' title='bbox 569 2783 751 2822; x_wconf 75' lang='grc' dir='ltr'>ὑπεύθυνοί</span> <span class='ocrx_word' id='word_1_330' title='bbox 772 2788 876 2835; x_wconf 83' lang='grc' dir='ltr'>ἐσμεν</span> <span class='ocrx_word' id='word_1_331' title='bbox 897 2785 1074 2824; x_wconf 86' lang='grc' dir='ltr'>κολάσεσι.</span> <span class='ocrx_word' id='word_1_332' title='bbox 1097 2785 1164 2824; x_wconf 69' lang='grc' dir='ltr'>Καὶ</span> <span class='ocrx_word' id='word_1_333' title='bbox 1189 2786 1257 2836; x_wconf 78' lang='grc' dir='ltr'>γὰρ</span> 
     </span>
     <span class='ocr_line' id='line_1_41' title="bbox 229 2845 1257 2898; baseline -0.001 -15"><span class='ocrx_word' id='word_1_334' title='bbox 229 2846 368 2888; x_wconf 77' lang='grc' dir='ltr'>Παῦλος</span> <span class='ocrx_word' id='word_1_335' title='bbox 387 2847 405 2882; x_wconf 82' lang='grc' dir='ltr'>ὁ</span> <span class='ocrx_word' id='word_1_336' title='bbox 420 2845 633 2894; x_wconf 87' lang='grc' dir='ltr'>ἀπόστολος,</span> <span class='ocrx_word' id='word_1_337' title='bbox 654 2846 693 2883; x_wconf 85' lang='grc' dir='ltr'>τὸ</span> <span class='ocrx_word' id='word_1_338' title='bbox 713 2849 833 2888; x_wconf 85' lang='grc' dir='ltr'>σκεῦος</span> <span class='ocrx_word' id='word_1_339' title='bbox 854 2850 916 2893; x_wconf 77' lang='grc' dir='ltr'>τῆς</span> <span class='ocrx_word' id='word_1_340' title='bbox 943 2848 1087 2898; x_wconf 68' lang='grc' dir='ltr'>ἐκλογῆς</span> <span class='ocrx_word' id='word_1_341' title='bbox 1101 2876 1109 2889; x_wconf 78' lang='grc'>,</span> <span class='ocrx_word' id='word_1_342' title='bbox 1130 2849 1148 2882; x_wconf 77' lang='grc' dir='ltr'><em>ὃ</em></span> <span class='ocrx_word' id='word_1_343' title='bbox 1178 2846 1257 2887; x_wconf 75' lang='grc' dir='ltr'>ναὸς</span> 
     </span>
     <span class='ocr_line' id='line_1_42' title="bbox 229 2907 1254 2959; baseline 0 -15"><span class='ocrx_word' id='word_1_344' title='bbox 229 2909 289 2944; x_wconf 85' lang='grc' dir='ltr'>τοῦ</span> <span class='ocrx_word' id='word_1_345' title='bbox 307 2908 421 2954; x_wconf 59' lang='grc' dir='ltr'>(θεοῦ,</span> <span class='ocrx_word' id='word_1_346' title='bbox 440 2907 480 2944; x_wconf 77' lang='grc' dir='ltr'>τὸ</span> <span class='ocrx_word' id='word_1_347' title='bbox 499 2907 613 2958; x_wconf 85' lang='grc' dir='ltr'>στόμα</span> <span class='ocrx_word' id='word_1_348' title='bbox 632 2912 692 2945; x_wconf 84' lang='grc' dir='ltr'>τοῦ</span> <span class='ocrx_word' id='word_1_349' title='bbox 715 2908 864 2959; x_wconf 77' lang='grc' dir='ltr'>Χριστοῦ</span> <span class='ocrx_word' id='word_1_350' title='bbox 878 2936 887 2953; x_wconf 94' lang='grc'>,</span> <span class='ocrx_word' id='word_1_351' title='bbox 907 2911 928 2954; x_wconf 80' lang='grc' dir='ltr'>ἡ</span> <span class='ocrx_word' id='word_1_352' title='bbox 948 2908 1037 2959; x_wconf 84' lang='grc' dir='ltr'>λύρα</span> <span class='ocrx_word' id='word_1_353' title='bbox 1066 2912 1125 2945; x_wconf 89' lang='grc' dir='ltr'>τοῦ</span> <span class='ocrx_word' id='word_1_354' title='bbox 1148 2908 1254 2945; x_wconf 79' lang='grc' dir='ltr'>ΙΙνεό-</span> 
     </span>
     <span class='ocr_line' id='line_1_43' title="bbox 230 2967 1256 3018; baseline -0.001 -13"><span class='ocrx_word' id='word_1_355' title='bbox 230 2983 358 3017; x_wconf 82' lang='grc' dir='ltr'>ματος,</span> <span class='ocrx_word' id='word_1_356' title='bbox 391 2971 408 3004; x_wconf 85' lang='grc' dir='ltr'>ὁ</span> <span class='ocrx_word' id='word_1_357' title='bbox 445 2967 651 3011; x_wconf 81' lang='grc' dir='ltr'>διδάσκαλος</span> <span class='ocrx_word' id='word_1_358' title='bbox 690 2971 753 3014; x_wconf 76' lang='grc' dir='ltr'>τῆς</span> <span class='ocrx_word' id='word_1_359' title='bbox 795 2968 998 3018; x_wconf 82' lang='grc' dir='ltr'>οἰκουμένης</span> <span class='ocrx_word' id='word_1_360' title='bbox 1013 2999 1022 3014; x_wconf 87' lang='grc'>,</span> <span class='ocrx_word' id='word_1_361' title='bbox 1054 2970 1072 3005; x_wconf 83' lang='grc' dir='ltr'><strong>ὁ</strong></span> <span class='ocrx_word' id='word_1_362' title='bbox 1099 2972 1164 3018; x_wconf 80' lang='grc' dir='ltr'>γ’ἧν</span> <span class='ocrx_word' id='word_1_363' title='bbox 1198 2968 1256 3004; x_wconf 75' lang='grc' dir='ltr'>καὶ</span> 
     </span>
     <span class='ocr_line' id='line_1_44' title="bbox 227 3028 1255 3081; baseline -0.001 -15"><span class='ocrx_word' id='word_1_364' title='bbox 227 3028 406 3066; x_wconf 80' lang='grc' dir='ltr'>θάλασσαν</span> <span class='ocrx_word' id='word_1_365' title='bbox 431 3029 646 3079; x_wconf 75' lang='grc' dir='ltr'>περιελθὼν,</span> <span class='ocrx_word' id='word_1_366' title='bbox 674 3031 693 3067; x_wconf 82' lang='grc' dir='ltr'><strong>ὁ</strong></span> <span class='ocrx_word' id='word_1_367' title='bbox 717 3028 777 3072; x_wconf 82' lang='grc' dir='ltr'>τὰς</span> <span class='ocrx_word' id='word_1_368' title='bbox 811 3029 963 3071; x_wconf 74' lang='grc' dir='ltr'>ἀκάνθας</span> <span class='ocrx_word' id='word_1_369' title='bbox 983 3032 1052 3066; x_wconf 74' lang='grc' dir='ltr'>τῶν</span> <span class='ocrx_word' id='word_1_370' title='bbox 1073 3029 1255 3081; x_wconf 69' lang='grc' dir='ltr'>ἁμαρτιῶν</span> 
     </span>
     <span class='ocr_line' id='line_1_45' title="bbox 228 3088 1254 3142; baseline -0.001 -15"><span class='ocrx_word' id='word_1_371' title='bbox 228 3088 454 3135; x_wconf 81' lang='grc' dir='ltr'>ἀνασπάσας,</span> <span class='ocrx_word' id='word_1_372' title='bbox 477 3091 495 3126; x_wconf 80' lang='grc' dir='ltr'><em>ὃ</em></span> <span class='ocrx_word' id='word_1_373' title='bbox 525 3089 570 3127; x_wconf 77' lang='grc' dir='ltr'>τὰ</span> <span class='ocrx_word' id='word_1_374' title='bbox 601 3088 790 3142; x_wconf 85' lang='grc' dir='ltr'>σπέρματα</span> <span class='ocrx_word' id='word_1_375' title='bbox 823 3091 885 3134; x_wconf 48' lang='lat' dir='ltr'>vn:</span> <span class='ocrx_word' id='word_1_376' title='bbox 908 3089 1083 3131; x_wconf 64' lang='lat' dir='ltr'>ebosCeiotc</span> <span class='ocrx_word' id='word_1_377' title='bbox 1099 3091 1254 3127; x_wconf 59' lang='grc' dir='ltr'>καταδα-</span> 
     </span>
     <span class='ocr_line' id='line_1_46' title="bbox 228 3149 1253 3203; baseline -0.002 -15"><span class='ocrx_word' id='word_1_378' title='bbox 228 3149 299 3188; x_wconf 81' lang='grc' dir='ltr'>λὼν</span> <span class='ocrx_word' id='word_1_379' title='bbox 313 3179 322 3197; x_wconf 84' lang='grc'>,</span> <span class='ocrx_word' id='word_1_380' title='bbox 341 3152 359 3186; x_wconf 85' lang='grc' dir='ltr'>ὃ</span> <span class='ocrx_word' id='word_1_381' title='bbox 387 3149 558 3201; x_wconf 82' lang='grc' dir='ltr'>βασιλέων</span> <span class='ocrx_word' id='word_1_382' title='bbox 581 3150 819 3203; x_wconf 74' lang='grc' dir='ltr'>εὐπορώτερος</span> <span class='ocrx_word' id='word_1_383' title='bbox 832 3181 842 3196; x_wconf 84' lang='grc'>,</span> <span class='ocrx_word' id='word_1_384' title='bbox 858 3153 876 3187; x_wconf 80' lang='grc' dir='ltr'>ὁ</span> <span class='ocrx_word' id='word_1_385' title='bbox 904 3150 1079 3188; x_wconf 65' lang='grc' dir='ltr'>πλουσίιιω</span> <span class='ocrx_word' id='word_1_386' title='bbox 1101 3150 1253 3187; x_wconf 74' lang='grc' dir='ltr'>δυνατώ-</span> 
     </span>
     <span class='ocr_line' id='line_1_47' title="bbox 232 3211 1253 3263; baseline 0 -17"><span class='ocrx_word' id='word_1_387' title='bbox 232 3224 352 3260; x_wconf 84' lang='grc' dir='ltr'>τερος,</span> <span class='ocrx_word' id='word_1_388' title='bbox 374 3212 392 3246; x_wconf 83' lang='grc' dir='ltr'><strong><em>ὃ</em></strong></span> <span class='ocrx_word' id='word_1_389' title='bbox 424 3214 649 3261; x_wconf 65' lang='grc' dir='ltr'>στρατη-πῶν</span> <span class='ocrx_word' id='word_1_390' title='bbox 672 3211 910 3263; x_wconf 67' lang='grc' dir='ltr'>ἰσχυρότερος,</span> <span class='ocrx_word' id='word_1_391' title='bbox 929 3215 947 3249; x_wconf 79' lang='grc' dir='ltr'><em>ὃ</em></span> <span class='ocrx_word' id='word_1_392' title='bbox 973 3212 1169 3262; x_wconf 47' lang='grc' dir='ltr'>φιλοσόφον</span> <span class='ocrx_word' id='word_1_393' title='bbox 1199 3226 1253 3261; x_wconf 79' lang='grc' dir='ltr'>φι-</span> 
     </span>
     <span class='ocr_line' id='line_1_48' title="bbox 231 3269 1258 3323; baseline -0.001 -15"><span class='ocrx_word' id='word_1_394' title='bbox 231 3269 468 3322; x_wconf 57' lang='grc' dir='ltr'>λοσοφιῖντερος</span> <span class='ocrx_word' id='word_1_395' title='bbox 481 3301 490 3316; x_wconf 89' lang='grc'>,</span> <span class='ocrx_word' id='word_1_396' title='bbox 523 3274 541 3308; x_wconf 76' lang='grc' dir='ltr'>ὁ</span> <span class='ocrx_word' id='word_1_397' title='bbox 571 3272 729 3322; x_wconf 82' lang='grc' dir='ltr'>ῥητόρων</span> <span class='ocrx_word' id='word_1_398' title='bbox 777 3273 1066 3323; x_wconf 76' lang='grc' dir='ltr'>εὐγλωττότερος.</span> <span class='ocrx_word' id='word_1_399' title='bbox 1099 3276 1116 3309; x_wconf 87' lang='grc' dir='ltr'>ὁ</span> <span class='ocrx_word' id='word_1_400' title='bbox 1151 3272 1258 3322; x_wconf 65' lang='grc' dir='ltr'>μηδὲν</span> 
     </span>
     <span class='ocr_line' id='line_1_49' title="bbox 233 3331 1260 3383; baseline 0 -15"><span class='ocrx_word' id='word_1_401' title='bbox 233 3331 322 3383; x_wconf 59' lang='lat' dir='ltr'>{suiv</span> <span class='ocrx_word' id='word_1_402' title='bbox 355 3331 414 3367; x_wconf 72' lang='grc' dir='ltr'>καὶ</span> <span class='ocrx_word' id='word_1_403' title='bbox 447 3331 563 3369; x_wconf 86' lang='grc' dir='ltr'>πάντα</span> <span class='ocrx_word' id='word_1_404' title='bbox 596 3333 808 3382; x_wconf 82' lang='grc' dir='ltr'>κεκτημένος</span> <span class='ocrx_word' id='word_1_405' title='bbox 821 3362 829 3376; x_wconf 87' lang='grc'>,</span> <span class='ocrx_word' id='word_1_406' title='bbox 864 3337 882 3370; x_wconf 78' lang='grc' dir='ltr'>ὁ</span> <span class='ocrx_word' id='word_1_407' title='bbox 902 3336 934 3371; x_wconf 71' lang='grc' dir='ltr'>ἐν</span> <span class='ocrx_word' id='word_1_408' title='bbox 964 3336 1006 3383; x_wconf 69' lang='grc' dir='ltr'>τῇ</span> <span class='ocrx_word' id='word_1_409' title='bbox 1038 3339 1120 3383; x_wconf 65' lang='grc' dir='ltr'>σκιᾷ</span> <span class='ocrx_word' id='word_1_410' title='bbox 1156 3333 1260 3369; x_wconf 68' lang='grc' dir='ltr'>αὐτοῦ</span> 
     </span>
     <span class='ocr_line' id='line_1_50' title="bbox 236 3391 1260 3443; baseline -0.002 -13"><span class='ocrx_word' id='word_1_411' title='bbox 236 3392 383 3430; x_wconf 74' lang='grc' dir='ltr'>θάνατον</span> <span class='ocrx_word' id='word_1_412' title='bbox 404 3391 495 3429; x_wconf 80' lang='grc' dir='ltr'>λύων</span> <span class='ocrx_word' id='word_1_413' title='bbox 510 3421 520 3440; x_wconf 84' lang='lat'>,</span> <span class='ocrx_word' id='word_1_414' title='bbox 546 3395 564 3428; x_wconf 73' lang='grc' dir='ltr'>ὃ</span> <span class='ocrx_word' id='word_1_415' title='bbox 583 3393 618 3429; x_wconf 81' lang='grc' dir='ltr'>ἐν</span> <span class='ocrx_word' id='word_1_416' title='bbox 634 3399 703 3435; x_wconf 81' lang='grc' dir='ltr'>τοῖς</span> <span class='ocrx_word' id='word_1_417' title='bbox 724 3394 874 3443; x_wconf 74' lang='grc' dir='ltr'>ἱματίοις</span> <span class='ocrx_word' id='word_1_418' title='bbox 894 3397 997 3432; x_wconf 72' lang='grc' dir='ltr'>αὐτοῦ</span> <span class='ocrx_word' id='word_1_419' title='bbox 1017 3394 1059 3431; x_wconf 75' lang='grc' dir='ltr'>τὰ</span> <span class='ocrx_word' id='word_1_420' title='bbox 1078 3393 1260 3443; x_wconf 68' lang='grc' dir='ltr'>νοσήματα</span> 
     </span>
     <span class='ocr_line' id='line_1_51' title="bbox 238 3451 1263 3507; baseline 0 -17"><span class='ocrx_word' id='word_1_421' title='bbox 238 3452 460 3507; x_wconf 59' lang='grc' dir='ltr'>φυγαδεύων,</span> <span class='ocrx_word' id='word_1_422' title='bbox 480 3455 498 3490; x_wconf 76' lang='grc' dir='ltr'><strong>ὁ</strong></span> <span class='ocrx_word' id='word_1_423' title='bbox 523 3455 556 3491; x_wconf 74' lang='grc' dir='ltr'>ἐν</span> <span class='ocrx_word' id='word_1_424' title='bbox 581 3453 738 3505; x_wconf 76' lang='grc' dir='ltr'>Θαλάσσῃ</span> <span class='ocrx_word' id='word_1_425' title='bbox 774 3455 923 3507; x_wconf 76' lang='grc' dir='ltr'>τρόπαια</span> <span class='ocrx_word' id='word_1_426' title='bbox 946 3451 1075 3502; x_wconf 73' lang='grc' dir='ltr'>στήσας</span> <span class='ocrx_word' id='word_1_427' title='bbox 1094 3485 1101 3497; x_wconf 82' lang='lat'>.</span> <span class='ocrx_word' id='word_1_428' title='bbox 1120 3458 1138 3492; x_wconf 73' lang='grc' dir='ltr'>ὸ</span> <span class='ocrx_word' id='word_1_429' title='bbox 1156 3456 1263 3507; x_wconf 55' lang='grc' dir='ltr'>ἁρπα-</span> 
     </span>
    </p>
   </div>
   <div class='ocr_carea' id='block_1_7' title="bbox 1314 399 2483 2100">
    <p class='ocr_par' dir='ltr' id='par_1_7' title="bbox 1314 399 2483 2100">
     <span class='ocr_line' id='line_1_52' title="bbox 1314 399 2266 452; baseline 0.005 -17"><span class='ocrx_word' id='word_1_430' title='bbox 1314 412 1412 449; x_wconf 81' lang='lat' dir='ltr'>pere,</span> <span class='ocrx_word' id='word_1_431' title='bbox 1429 399 1467 437; x_wconf 90' lang='lat' dir='ltr'>Si</span> <span class='ocrx_word' id='word_1_432' title='bbox 1495 413 1579 450; x_wconf 87' lang='lat' dir='ltr'>ergo</span> <span class='ocrx_word' id='word_1_433' title='bbox 1600 400 1719 452; x_wconf 87' lang='lat' dir='ltr'>justus</span> <span class='ocrx_word' id='word_1_434' title='bbox 1743 400 1810 449; x_wconf 74' lang='lat' dir='ltr'>fuit</span> <span class='ocrx_word' id='word_1_435' title='bbox 1830 400 2008 447; x_wconf 81' lang='lat' dir='ltr'>Lazarus,</span> <span class='ocrx_word' id='word_1_436' title='bbox 2034 409 2073 438; x_wconf 91' lang='lat' dir='ltr'>ut</span> <span class='ocrx_word' id='word_1_437' title='bbox 2095 401 2266 440; x_wconf 86' lang='lat' dir='ltr'>nimirum</span> 
     </span>
     <span class='ocr_line' id='line_1_53' title="bbox 1314 459 2266 514; baseline 0.004 -18"><span class='ocrx_word' id='word_1_438' title='bbox 1314 459 1394 506; x_wconf 86' lang='lat' dir='ltr'>fuit,</span> <span class='ocrx_word' id='word_1_439' title='bbox 1410 468 1444 497; x_wconf 88' lang='lat' dir='ltr'>et</span> <span class='ocrx_word' id='word_1_440' title='bbox 1463 460 1616 498; x_wconf 83' lang='lat' dir='ltr'>Abrahae</span> <span class='ocrx_word' id='word_1_441' title='bbox 1631 462 1730 498; x_wconf 89' lang='lat' dir='ltr'>sinus</span> <span class='ocrx_word' id='word_1_442' title='bbox 1743 460 1930 509; x_wconf 84' lang='lat' dir='ltr'>indicavit,</span> <span class='ocrx_word' id='word_1_443' title='bbox 1943 474 2087 509; x_wconf 84' lang='lat' dir='ltr'>corona,</span> <span class='ocrx_word' id='word_1_444' title='bbox 2106 462 2266 514; x_wconf 71' lang='lat' dir='ltr'>praemia,</span> 
     </span>
     <span class='ocr_line' id='line_1_54' title="bbox 1314 519 2266 575; baseline 0.003 -18"><span class='ocrx_word' id='word_1_445' title='bbox 1314 519 1556 570; x_wconf 84' lang='lat' dir='ltr'>refrigerium,</span> <span class='ocrx_word' id='word_1_446' title='bbox 1592 521 1781 559; x_wconf 83' lang='lat' dir='ltr'>delectatio</span> <span class='ocrx_word' id='word_1_447' title='bbox 1793 551 1803 569; x_wconf 86' lang='lat'><strong><em>,</em></strong></span> <span class='ocrx_word' id='word_1_448' title='bbox 1840 522 2045 568; x_wconf 82' lang='lat' dir='ltr'>tolerantia,</span> <span class='ocrx_word' id='word_1_449' title='bbox 2074 522 2266 575; x_wconf 88' lang='lat' dir='ltr'>patientia;</span> 
     </span>
     <span class='ocr_line' id='line_1_55' title="bbox 1314 580 2267 635; baseline 0.004 -18"><span class='ocrx_word' id='word_1_450' title='bbox 1314 580 1380 618; x_wconf 85' lang='lat' dir='ltr'>iste</span> <span class='ocrx_word' id='word_1_451' title='bbox 1399 594 1482 618; x_wconf 88' lang='lat' dir='ltr'>vero</span> <span class='ocrx_word' id='word_1_452' title='bbox 1501 591 1678 633; x_wconf 84' lang='lat' dir='ltr'>peccator,</span> <span class='ocrx_word' id='word_1_453' title='bbox 1700 582 1804 634; x_wconf 88' lang='lat' dir='ltr'>plane</span> <span class='ocrx_word' id='word_1_454' title='bbox 1829 582 2015 635; x_wconf 88' lang='lat' dir='ltr'>improbus</span> <span class='ocrx_word' id='word_1_455' title='bbox 2034 592 2068 621; x_wconf 88' lang='lat' dir='ltr'>ct</span> <span class='ocrx_word' id='word_1_456' title='bbox 2094 583 2267 621; x_wconf 86' lang='lat' dir='ltr'>inhuma-</span> 
     </span>
     <span class='ocr_line' id='line_1_56' title="bbox 1315 641 2267 696; baseline 0.005 -19"><span class='ocrx_word' id='word_1_457' title='bbox 1315 655 1394 687; x_wconf 91' lang='lat' dir='ltr'>nus,</span> <span class='ocrx_word' id='word_1_458' title='bbox 1408 641 1548 680; x_wconf 88' lang='lat' dir='ltr'>deliciis</span> <span class='ocrx_word' id='word_1_459' title='bbox 1558 651 1591 680; x_wconf 87' lang='lat' dir='ltr'>et</span> <span class='ocrx_word' id='word_1_460' title='bbox 1604 643 1768 681; x_wconf 81' lang='lat' dir='ltr'>ebrietati</span> <span class='ocrx_word' id='word_1_461' title='bbox 1779 657 1920 692; x_wconf 82' lang='lat' dir='ltr'>vacans,</span> <span class='ocrx_word' id='word_1_462' title='bbox 1933 644 2135 696; x_wconf 84' lang='lat' dir='ltr'>Sybaritica</span> <span class='ocrx_word' id='word_1_463' title='bbox 2148 659 2267 682; x_wconf 87' lang='lat' dir='ltr'>mensa</span> 
     </span>
     <span class='ocr_line' id='line_1_57' title="bbox 1316 702 2270 757; baseline 0.005 -18"><span class='ocrx_word' id='word_1_464' title='bbox 1316 702 1515 753; x_wconf 85' lang='lat' dir='ltr'>perfruens,</span> <span class='ocrx_word' id='word_1_465' title='bbox 1531 717 1612 742; x_wconf 92' lang='lat' dir='ltr'>cum</span> <span class='ocrx_word' id='word_1_466' title='bbox 1627 704 1664 741; x_wconf 90' lang='lat' dir='ltr'>in</span> <span class='ocrx_word' id='word_1_467' title='bbox 1680 713 1776 742; x_wconf 88' lang='lat' dir='ltr'>tanta</span> <span class='ocrx_word' id='word_1_468' title='bbox 1790 704 1933 742; x_wconf 81' lang='lat' dir='ltr'>lascivia</span> <span class='ocrx_word' id='word_1_469' title='bbox 1949 705 2177 757; x_wconf 81' lang='lat' dir='ltr'>luxuriaeque</span> <span class='ocrx_word' id='word_1_470' title='bbox 2192 720 2270 744; x_wconf 80' lang='lat' dir='ltr'>ver-</span> 
     </span>
     <span class='ocr_line' id='line_1_58' title="bbox 1316 765 2268 816; baseline 0.006 -18"><span class='ocrx_word' id='word_1_471' title='bbox 1316 771 1453 800; x_wconf 85' lang='lat' dir='ltr'>saretur</span> <span class='ocrx_word' id='word_1_472' title='bbox 1469 778 1476 799; x_wconf 90' lang='lat'>:</span> <span class='ocrx_word' id='word_1_473' title='bbox 1492 778 1555 801; x_wconf 87' lang='lat' dir='ltr'>cur</span> <span class='ocrx_word' id='word_1_474' title='bbox 1574 765 1625 801; x_wconf 89' lang='lat' dir='ltr'>ait</span> <span class='ocrx_word' id='word_1_475' title='bbox 1637 765 1706 812; x_wconf 87' lang='lat' dir='ltr'>illi,</span> <span class='ocrx_word' id='word_1_476' title='bbox 1725 766 1827 814; x_wconf 83' lang='lat' dir='ltr'>Quia</span> <span class='ocrx_word' id='word_1_477' title='bbox 1843 768 2020 816; x_wconf 73' lang='lat' dir='ltr'>recepisti</span> <span class='ocrx_word' id='word_1_478' title='bbox 2035 771 2052 804; x_wconf 77' lang='lat' dir='ltr'><em>P</em></span> <span class='ocrx_word' id='word_1_479' title='bbox 2070 780 2157 804; x_wconf 90' lang='lat' dir='ltr'>num</span> <span class='ocrx_word' id='word_1_480' title='bbox 2175 767 2268 804; x_wconf 89' lang='lat' dir='ltr'>enim</span> 
     </span>
     <span class='ocr_line' id='line_1_59' title="bbox 1318 821 2267 877; baseline 0.006 -18"><span class='ocrx_word' id='word_1_481' title='bbox 1318 821 1371 859; x_wconf 87' lang='lat' dir='ltr'>illi</span> <span class='ocrx_word' id='word_1_482' title='bbox 1386 822 1584 860; x_wconf 87' lang='lat' dir='ltr'>debebatur</span> <span class='ocrx_word' id='word_1_483' title='bbox 1594 824 1778 875; x_wconf 82' lang='lat' dir='ltr'>quidpiam</span> <span class='ocrx_word' id='word_1_484' title='bbox 1788 824 1928 863; x_wconf 88' lang='lat' dir='ltr'>homini</span> <span class='ocrx_word' id='word_1_485' title='bbox 1939 826 2122 877; x_wconf 86' lang='lat' dir='ltr'>opulento,</span> <span class='ocrx_word' id='word_1_486' title='bbox 2132 827 2267 865; x_wconf 89' lang='lat' dir='ltr'>homini</span> 
     </span>
     <span class='ocr_line' id='line_1_60' title="bbox 1318 882 2270 935; baseline 0.007 -16"><span class='ocrx_word' id='word_1_487' title='bbox 1318 882 1469 934; x_wconf 82' lang='lat' dir='ltr'>prodigo</span> <span class='ocrx_word' id='word_1_488' title='bbox 1482 892 1516 921; x_wconf 88' lang='lat' dir='ltr'>et</span> <span class='ocrx_word' id='word_1_489' title='bbox 1529 884 1745 922; x_wconf 72' lang='lat' dir='ltr'>inhumano?</span> <span class='ocrx_word' id='word_1_490' title='bbox 1759 885 1845 935; x_wconf 89' lang='lat' dir='ltr'>quid</span> <span class='ocrx_word' id='word_1_491' title='bbox 1861 886 1955 923; x_wconf 88' lang='lat' dir='ltr'>enim</span> <span class='ocrx_word' id='word_1_492' title='bbox 1977 887 2029 924; x_wconf 89' lang='lat' dir='ltr'>illi</span> <span class='ocrx_word' id='word_1_493' title='bbox 2049 888 2270 926; x_wconf 56' lang='lat' dir='ltr'>debebatur?</span> 
     </span>
     <span class='ocr_line' id='line_1_61' title="bbox 1320 943 2060 998; baseline 0.005 -18"><span class='ocrx_word' id='word_1_494' title='bbox 1320 957 1383 981; x_wconf 90' lang='lat' dir='ltr'>cur</span> <span class='ocrx_word' id='word_1_495' title='bbox 1398 957 1466 981; x_wconf 90' lang='lat' dir='ltr'>non</span> <span class='ocrx_word' id='word_1_496' title='bbox 1485 943 1594 993; x_wconf 76' lang='lat' dir='ltr'>dixit,</span> <span class='ocrx_word' id='word_1_497' title='bbox 1607 945 1753 997; x_wconf 87' lang='lat' dir='ltr'>Cepisti,</span> <span class='ocrx_word' id='word_1_498' title='bbox 1763 946 1825 983; x_wconf 86' lang='lat' dir='ltr'>sed</span> <span class='ocrx_word' id='word_1_499' title='bbox 1838 948 2033 998; x_wconf 80' lang='lat' dir='ltr'>Recepisti</span> <span class='ocrx_word' id='word_1_500' title='bbox 2044 952 2060 984; x_wconf 79' lang='lat' dir='ltr'><em>P</em></span> 
     </span>
     <span class='ocr_line' id='line_1_62' title="bbox 1371 1005 2274 1057; baseline 0.007 -15"><span class='ocrx_word' id='word_1_501' title='bbox 1371 1007 1409 1042; x_wconf 82' lang='lat'>9.</span> <span class='ocrx_word' id='word_1_502' title='bbox 1445 1005 1595 1043; x_wconf 84' lang='lat' dir='ltr'>Attende</span> <span class='ocrx_word' id='word_1_503' title='bbox 1625 1006 1720 1057; x_wconf 89' lang='lat' dir='ltr'>quod</span> <span class='ocrx_word' id='word_1_504' title='bbox 1755 1006 1913 1045; x_wconf 88' lang='lat' dir='ltr'>dicimus</span> <span class='ocrx_word' id='word_1_505' title='bbox 1934 1023 1942 1043; x_wconf 76' lang='grc' dir='ltr'><strong><em>ε</em></strong></span> <span class='ocrx_word' id='word_1_506' title='bbox 1975 1007 2199 1047; x_wconf 85' lang='lat' dir='ltr'>debebantur</span> <span class='ocrx_word' id='word_1_507' title='bbox 2220 1010 2274 1048; x_wconf 87' lang='lat' dir='ltr'>illi</span> 
     </span>
     <span class='ocr_line' id='line_1_63' title="bbox 1320 1068 2274 1122; baseline 0.006 -17"><span class='ocrx_word' id='word_1_508' title='bbox 1320 1081 1444 1120; x_wconf 79' lang='lat' dir='ltr'>pcenae,</span> <span class='ocrx_word' id='word_1_509' title='bbox 1459 1068 1685 1107; x_wconf 80' lang='lat' dir='ltr'>debebantur</span> <span class='ocrx_word' id='word_1_510' title='bbox 1703 1069 1756 1106; x_wconf 89' lang='lat' dir='ltr'>illi</span> <span class='ocrx_word' id='word_1_511' title='bbox 1775 1070 1964 1122; x_wconf 87' lang='lat' dir='ltr'>supplicia,</span> <span class='ocrx_word' id='word_1_512' title='bbox 1981 1070 2204 1110; x_wconf 82' lang='lat' dir='ltr'>debebantur</span> <span class='ocrx_word' id='word_1_513' title='bbox 2221 1073 2274 1111; x_wconf 90' lang='lat' dir='ltr'>illi</span> 
     </span>
     <span class='ocr_line' id='line_1_64' title="bbox 1322 1128 2276 1187; baseline 0.006 -21"><span class='ocrx_word' id='word_1_514' title='bbox 1322 1128 1474 1167; x_wconf 85' lang='lat' dir='ltr'>dolores.</span> <span class='ocrx_word' id='word_1_515' title='bbox 1488 1129 1561 1167; x_wconf 85' lang='lat' dir='ltr'>Cur</span> <span class='ocrx_word' id='word_1_516' title='bbox 1575 1143 1644 1167; x_wconf 92' lang='lat' dir='ltr'>non</span> <span class='ocrx_word' id='word_1_517' title='bbox 1660 1129 1767 1178; x_wconf 85' lang='lat' dir='ltr'>dixit,</span> <span class='ocrx_word' id='word_1_518' title='bbox 1778 1130 1847 1168; x_wconf 86' lang='lat' dir='ltr'>Illa</span> <span class='ocrx_word' id='word_1_519' title='bbox 1867 1131 2006 1183; x_wconf 79' lang='lat' dir='ltr'>cepisti,</span> <span class='ocrx_word' id='word_1_520' title='bbox 2021 1131 2081 1170; x_wconf 81' lang='lat' dir='ltr'>sed</span> <span class='ocrx_word' id='word_1_521' title='bbox 2099 1133 2276 1187; x_wconf 86' lang='lat' dir='ltr'>Recepisti</span> 
     </span>
     <span class='ocr_line' id='line_1_65' title="bbox 1322 1190 2276 1246; baseline 0.007 -19"><span class='ocrx_word' id='word_1_522' title='bbox 1322 1190 1413 1228; x_wconf 91' lang='lat' dir='ltr'>hona</span> <span class='ocrx_word' id='word_1_523' title='bbox 1434 1190 1498 1228; x_wconf 89' lang='lat' dir='ltr'>illa</span> <span class='ocrx_word' id='word_1_524' title='bbox 1514 1199 1590 1240; x_wconf 83' lang='lat' dir='ltr'>tua,</span> <span class='ocrx_word' id='word_1_525' title='bbox 1618 1192 1729 1229; x_wconf 88' lang='lat' dir='ltr'>vitam</span> <span class='ocrx_word' id='word_1_526' title='bbox 1747 1192 1847 1230; x_wconf 90' lang='lat' dir='ltr'>illam</span> <span class='ocrx_word' id='word_1_527' title='bbox 1866 1193 1917 1231; x_wconf 88' lang='lat' dir='ltr'>sic</span> <span class='ocrx_word' id='word_1_528' title='bbox 1935 1194 2131 1246; x_wconf 85' lang='lat' dir='ltr'>appellans,</span> <span class='ocrx_word' id='word_1_529' title='bbox 2152 1204 2186 1233; x_wconf 90' lang='lat' dir='ltr'>et</span> <span class='ocrx_word' id='word_1_530' title='bbox 2205 1196 2276 1234; x_wconf 92' lang='lat' dir='ltr'>La-</span> 
     </span>
     <span class='ocr_line' id='line_1_66' title="bbox 1321 1252 2480 1308; baseline 0.009 -20"><span class='ocrx_word' id='word_1_531' title='bbox 1321 1265 1421 1289; x_wconf 85' lang='lat' dir='ltr'>zarus</span> <span class='ocrx_word' id='word_1_532' title='bbox 1440 1252 1534 1289; x_wconf 87' lang='lat' dir='ltr'>mala</span> <span class='ocrx_word' id='word_1_533' title='bbox 1556 1252 1646 1290; x_wconf 74' lang='lat' dir='ltr'>sua?</span> <span class='ocrx_word' id='word_1_534' title='bbox 1665 1252 1735 1291; x_wconf 88' lang='lat' dir='ltr'>Sed</span> <span class='ocrx_word' id='word_1_535' title='bbox 1755 1253 1897 1291; x_wconf 85' lang='lat' dir='ltr'>attende</span> <span class='ocrx_word' id='word_1_536' title='bbox 1916 1255 2101 1303; x_wconf 87' lang='lat' dir='ltr'>animum;</span> <span class='ocrx_word' id='word_1_537' title='bbox 2124 1256 2160 1293; x_wconf 93' lang='lat' dir='ltr'>in</span> <span class='ocrx_word' id='word_1_538' title='bbox 2187 1257 2276 1296; x_wconf 85' lang='lat' dir='ltr'>altas</span> <span class='ocrx_word' id='word_1_539' title='bbox 2317 1270 2389 1308; x_wconf 71' lang='lat' dir='ltr'>Qua:</span> <span class='ocrx_word' id='word_1_540' title='bbox 2406 1270 2480 1297; x_wconf 66' lang='lat' dir='ltr'>bona</span> 
     </span>
     <span class='ocr_line' id='line_1_67' title="bbox 1323 1311 2480 1379; baseline 0.008 -29"><span class='ocrx_word' id='word_1_541' title='bbox 1323 1312 1418 1350; x_wconf 89' lang='lat' dir='ltr'>enim</span> <span class='ocrx_word' id='word_1_542' title='bbox 1436 1326 1631 1364; x_wconf 84' lang='lat' dir='ltr'>gravesque</span> <span class='ocrx_word' id='word_1_543' title='bbox 1644 1315 1834 1353; x_wconf 87' lang='lat' dir='ltr'>sententias</span> <span class='ocrx_word' id='word_1_544' title='bbox 1848 1314 2064 1355; x_wconf 86' lang='lat' dir='ltr'>delabimur.</span> <span class='ocrx_word' id='word_1_545' title='bbox 2079 1317 2276 1357; x_wconf 88' lang='lat' dir='ltr'>Hominum</span> <span class='ocrx_word' id='word_1_546' title='bbox 2292 1311 2374 1379; x_wconf 39' lang='lat'>‘1¹⁸2&#39;</span> <span class='ocrx_word' id='word_1_547' title='bbox 2405 1322 2480 1339; x_wconf 66' lang='lat'>‘²⁶⁸³&#39;</span> 
     </span>
     <span class='ocr_line' id='line_1_68' title="bbox 1323 1363 2380 1431; baseline 0.008 -20"><span class='ocrx_word' id='word_1_548' title='bbox 1323 1373 1385 1423; x_wconf 85' lang='lat' dir='ltr'>qui</span> <span class='ocrx_word' id='word_1_549' title='bbox 1404 1387 1499 1412; x_wconf 90' lang='lat' dir='ltr'>nunc</span> <span class='ocrx_word' id='word_1_550' title='bbox 1522 1373 1657 1426; x_wconf 86' lang='lat' dir='ltr'>degunt</span> <span class='ocrx_word' id='word_1_551' title='bbox 1676 1376 1838 1413; x_wconf 79' lang='lat' dir='ltr'>omnium</span> <span class='ocrx_word' id='word_1_552' title='bbox 1859 1377 1921 1414; x_wconf 80' lang='lat' dir='ltr'>alii</span> <span class='ocrx_word' id='word_1_553' title='bbox 1948 1377 2093 1427; x_wconf 89' lang='lat' dir='ltr'>quidem</span> <span class='ocrx_word' id='word_1_554' title='bbox 2113 1389 2279 1431; x_wconf 85' lang='lat' dir='ltr'>peccato·</span> <span class='ocrx_word' id='word_1_555' title='bbox 2295 1363 2354 1388; x_wconf 58' lang='lat' dir='ltr'>[er.</span> <span class='ocrx_word' id='word_1_556' title='bbox 2375 1374 2380 1379; x_wconf 61' lang='grc'><strong>’</strong></span> 
     </span>
     <span class='ocr_line' id='line_1_69' title="bbox 1324 1436 2280 1492; baseline 0.006 -19"><span class='ocrx_word' id='word_1_557' title='bbox 1324 1449 1380 1473; x_wconf 88' lang='lat' dir='ltr'>res</span> <span class='ocrx_word' id='word_1_558' title='bbox 1409 1444 1507 1483; x_wconf 87' lang='lat' dir='ltr'>sunt,</span> <span class='ocrx_word' id='word_1_559' title='bbox 1538 1436 1600 1474; x_wconf 88' lang='lat' dir='ltr'>alii</span> <span class='ocrx_word' id='word_1_560' title='bbox 1627 1450 1712 1474; x_wconf 85' lang='lat' dir='ltr'>vero</span> <span class='ocrx_word' id='word_1_561' title='bbox 1735 1438 1836 1489; x_wconf 85' lang='lat' dir='ltr'>justi.</span> <span class='ocrx_word' id='word_1_562' title='bbox 1879 1438 2132 1478; x_wconf 79' lang='lat' dir='ltr'>Animadverte</span> <span class='ocrx_word' id='word_1_563' title='bbox 2167 1441 2280 1492; x_wconf 83' lang='lat' dir='ltr'>igitur</span> 
     </span>
     <span class='ocr_line' id='line_1_70' title="bbox 1324 1496 2280 1553; baseline 0.007 -19"><span class='ocrx_word' id='word_1_564' title='bbox 1324 1496 1434 1535; x_wconf 90' lang='lat' dir='ltr'>etiam</span> <span class='ocrx_word' id='word_1_565' title='bbox 1465 1497 1501 1534; x_wconf 89' lang='lat' dir='ltr'>in</span> <span class='ocrx_word' id='word_1_566' title='bbox 1527 1498 1635 1549; x_wconf 89' lang='lat' dir='ltr'>justis</span> <span class='ocrx_word' id='word_1_567' title='bbox 1662 1498 1902 1537; x_wconf 79' lang='lat' dir='ltr'>differentiam</span> <span class='ocrx_word' id='word_1_568' title='bbox 1927 1515 1934 1535; x_wconf 92' lang='lat'>:</span> <span class='ocrx_word' id='word_1_569' title='bbox 1964 1500 2057 1538; x_wconf 83' lang='lat' dir='ltr'>alius</span> <span class='ocrx_word' id='word_1_570' title='bbox 2079 1502 2197 1553; x_wconf 86' lang='lat' dir='ltr'>justus</span> <span class='ocrx_word' id='word_1_571' title='bbox 2216 1513 2280 1551; x_wconf 86' lang='lat' dir='ltr'>est,</span> 
     </span>
     <span class='ocr_line' id='line_1_71' title="bbox 1326 1558 2279 1616; baseline 0.007 -21"><span class='ocrx_word' id='word_1_572' title='bbox 1326 1558 1420 1596; x_wconf 92' lang='lat' dir='ltr'>alius</span> <span class='ocrx_word' id='word_1_573' title='bbox 1438 1558 1553 1609; x_wconf 85' lang='lat' dir='ltr'>magis</span> <span class='ocrx_word' id='word_1_574' title='bbox 1565 1559 1698 1610; x_wconf 86' lang='lat' dir='ltr'>justus,</span> <span class='ocrx_word' id='word_1_575' title='bbox 1714 1559 1807 1597; x_wconf 88' lang='lat' dir='ltr'>alius</span> <span class='ocrx_word' id='word_1_576' title='bbox 1824 1560 2024 1608; x_wconf 84' lang='lat' dir='ltr'>sublimior,</span> <span class='ocrx_word' id='word_1_577' title='bbox 2039 1562 2130 1611; x_wconf 85' lang='lat' dir='ltr'>alius</span> <span class='ocrx_word' id='word_1_578' title='bbox 2146 1564 2279 1616; x_wconf 80' lang='lat' dir='ltr'>major3</span> 
     </span>
     <span class='ocr_line' id='line_1_72' title="bbox 1326 1618 2281 1670; baseline 0.006 -14"><span class='ocrx_word' id='word_1_579' title='bbox 1326 1628 1360 1657; x_wconf 92' lang='lat' dir='ltr'>et</span> <span class='ocrx_word' id='word_1_580' title='bbox 1377 1618 1684 1670; x_wconf 84' lang='lat' dir='ltr'>quemadmodum</span> <span class='ocrx_word' id='word_1_581' title='bbox 1704 1620 1814 1658; x_wconf 82' lang='lat' dir='ltr'>stellae</span> <span class='ocrx_word' id='word_1_582' title='bbox 1839 1630 1921 1659; x_wconf 90' lang='lat' dir='ltr'>sunt</span> <span class='ocrx_word' id='word_1_583' title='bbox 1945 1622 2082 1669; x_wconf 66' lang='lat' dir='ltr'>multae,</span> <span class='ocrx_word' id='word_1_584' title='bbox 2113 1633 2147 1661; x_wconf 87' lang='lat' dir='ltr'>et</span> <span class='ocrx_word' id='word_1_585' title='bbox 2167 1625 2219 1661; x_wconf 90' lang='lat' dir='ltr'>sol</span> <span class='ocrx_word' id='word_1_586' title='bbox 2249 1635 2281 1663; x_wconf 90' lang='lat' dir='ltr'>et</span> 
     </span>
     <span class='ocr_line' id='line_1_73' title="bbox 1325 1679 2483 1735; baseline 0.008 -19"><span class='ocrx_word' id='word_1_587' title='bbox 1325 1679 1423 1728; x_wconf 82' lang='lat' dir='ltr'>luna,</span> <span class='ocrx_word' id='word_1_588' title='bbox 1450 1680 1502 1718; x_wconf 89' lang='lat' dir='ltr'>sic</span> <span class='ocrx_word' id='word_1_589' title='bbox 1529 1689 1562 1718; x_wconf 90' lang='lat' dir='ltr'>et</span> <span class='ocrx_word' id='word_1_590' title='bbox 1589 1680 1790 1719; x_wconf 84' lang='lat' dir='ltr'>differentia</span> <span class='ocrx_word' id='word_1_591' title='bbox 1819 1690 1871 1719; x_wconf 88' lang='lat' dir='ltr'>est</span> <span class='ocrx_word' id='word_1_592' title='bbox 1899 1682 1991 1720; x_wconf 88' lang='lat' dir='ltr'>inter</span> <span class='ocrx_word' id='word_1_593' title='bbox 2016 1684 2158 1735; x_wconf 83' lang='lat' dir='ltr'>justos:</span> <span class='ocrx_word' id='word_1_594' title='bbox 2181 1686 2280 1724; x_wconf 81' lang='lat' dir='ltr'>Alia</span> <span class='ocrx_word' id='word_1_595' title='bbox 2301 1708 2326 1728; x_wconf 75' lang='grc' dir='ltr'>ι,</span> <span class='ocrx_word' id='word_1_596' title='bbox 2345 1700 2416 1728; x_wconf 64' lang='lat' dir='ltr'>cor,</span> <span class='ocrx_word' id='word_1_597' title='bbox 2436 1698 2483 1729; x_wconf 67' lang='lat'>15.</span> 
     </span>
     <span class='ocr_line' id='line_1_74' title="bbox 1327 1742 2348 1792; baseline 0.009 -15"><span class='ocrx_word' id='word_1_598' title='bbox 1327 1743 1468 1792; x_wconf 77' lang='lat' dir='ltr'>quippe</span> <span class='ocrx_word' id='word_1_599' title='bbox 1486 1742 1651 1779; x_wconf 80' lang='lat' dir='ltr'>claritas</span> <span class='ocrx_word' id='word_1_600' title='bbox 1672 1743 1780 1791; x_wconf 80' lang='lat' dir='ltr'>solis,</span> <span class='ocrx_word' id='word_1_601' title='bbox 1799 1752 1835 1781; x_wconf 83' lang='lat' dir='ltr'>et</span> <span class='ocrx_word' id='word_1_602' title='bbox 1865 1745 1948 1782; x_wconf 80' lang='lat' dir='ltr'>alia</span> <span class='ocrx_word' id='word_1_603' title='bbox 1979 1746 2098 1792; x_wconf 74' lang='lat' dir='ltr'>lance,</span> <span class='ocrx_word' id='word_1_604' title='bbox 2133 1755 2170 1784; x_wconf 88' lang='lat' dir='ltr'>et</span> <span class='ocrx_word' id='word_1_605' title='bbox 2199 1746 2348 1786; x_wconf 63' lang='lat' dir='ltr'>atialu-</span> 
     </span>
     <span class='ocr_line' id='line_1_75' title="bbox 1330 1802 2282 1850; baseline 0.008 -12"><span class='ocrx_word' id='word_1_606' title='bbox 1330 1802 1492 1840; x_wconf 81' lang='lat' dir='ltr'>claritas</span> <span class='ocrx_word' id='word_1_607' title='bbox 1522 1803 1744 1846; x_wconf 73' lang='lat' dir='ltr'>stellarum.</span> <span class='ocrx_word' id='word_1_608' title='bbox 1775 1804 1952 1850; x_wconf 87' lang='lat' dir='ltr'>Quaedam</span> <span class='ocrx_word' id='word_1_609' title='bbox 1978 1806 2073 1844; x_wconf 90' lang='lat' dir='ltr'>enim</span> <span class='ocrx_word' id='word_1_610' title='bbox 2101 1808 2282 1846; x_wconf 77' lang='lat' dir='ltr'>excellunt</span> 
     </span>
     <span class='ocr_line' id='line_1_76' title="bbox 1328 1862 2282 1917; baseline 0.007 -16"><span class='ocrx_word' id='word_1_611' title='bbox 1328 1862 1500 1912; x_wconf 87' lang='lat' dir='ltr'>claritate,</span> <span class='ocrx_word' id='word_1_612' title='bbox 1514 1864 1677 1915; x_wconf 81' lang='lat' dir='ltr'>quaedam</span> <span class='ocrx_word' id='word_1_613' title='bbox 1693 1875 1906 1917; x_wconf 83' lang='lat' dir='ltr'>superantur</span> <span class='ocrx_word' id='word_1_614' title='bbox 1916 1881 1925 1914; x_wconf 91' lang='lat'>;</span> <span class='ocrx_word' id='word_1_615' title='bbox 1935 1875 1967 1904; x_wconf 91' lang='lat' dir='ltr'>et</span> <span class='ocrx_word' id='word_1_616' title='bbox 1977 1868 2282 1917; x_wconf 84' lang='lat' dir='ltr'>quemadmodum</span> 
     </span>
     <span class='ocr_line' id='line_1_77' title="bbox 1326 1926 2285 1980; baseline 0.007 -18"><span class='ocrx_word' id='word_1_617' title='bbox 1326 1937 1475 1976; x_wconf 85' lang='lat' dir='ltr'>corpora</span> <span class='ocrx_word' id='word_1_618' title='bbox 1496 1935 1577 1964; x_wconf 89' lang='lat' dir='ltr'>sunt</span> <span class='ocrx_word' id='word_1_619' title='bbox 1596 1926 1764 1976; x_wconf 69' lang='lat' dir='ltr'>caelestia,</span> <span class='ocrx_word' id='word_1_620' title='bbox 1789 1926 1838 1964; x_wconf 89' lang='lat' dir='ltr'>sic</span> <span class='ocrx_word' id='word_1_621' title='bbox 1867 1936 1901 1965; x_wconf 90' lang='lat' dir='ltr'>et</span> <span class='ocrx_word' id='word_1_622' title='bbox 1929 1936 2011 1965; x_wconf 88' lang='lat' dir='ltr'>sunt</span> <span class='ocrx_word' id='word_1_623' title='bbox 2031 1942 2178 1980; x_wconf 85' lang='lat' dir='ltr'>corpora</span> <span class='ocrx_word' id='word_1_624' title='bbox 2208 1940 2285 1969; x_wconf 89' lang='lat' dir='ltr'>ter-</span> 
     </span>
     <span class='ocr_line' id='line_1_78' title="bbox 1326 1987 2284 2042; baseline 0.005 -17"><span class='ocrx_word' id='word_1_625' title='bbox 1326 1988 1468 2038; x_wconf 77' lang='lat' dir='ltr'>restria,</span> <span class='ocrx_word' id='word_1_626' title='bbox 1500 1997 1534 2026; x_wconf 85' lang='lat' dir='ltr'>et</span> <span class='ocrx_word' id='word_1_627' title='bbox 1555 1987 1863 2038; x_wconf 82' lang='lat' dir='ltr'>quemadmodum</span> <span class='ocrx_word' id='word_1_628' title='bbox 1889 1989 1924 2027; x_wconf 89' lang='lat' dir='ltr'>in</span> <span class='ocrx_word' id='word_1_629' title='bbox 1949 1991 2160 2042; x_wconf 83' lang='lat' dir='ltr'>corporibus</span> <span class='ocrx_word' id='word_1_630' title='bbox 2184 1993 2284 2031; x_wconf 87' lang='lat' dir='ltr'>aliud</span> 
     </span>
     <span class='ocr_line' id='line_1_79' title="bbox 1327 2048 2284 2100; baseline 0.001 -10"><span class='ocrx_word' id='word_1_631' title='bbox 1327 2063 1459 2089; x_wconf 88' lang='lat' dir='ltr'>cervus</span> <span class='ocrx_word' id='word_1_632' title='bbox 1473 2058 1536 2096; x_wconf 87' lang='lat' dir='ltr'>est,</span> <span class='ocrx_word' id='word_1_633' title='bbox 1553 2048 1652 2086; x_wconf 87' lang='lat' dir='ltr'>aliud</span> <span class='ocrx_word' id='word_1_634' title='bbox 1666 2049 1774 2096; x_wconf 86' lang='lat' dir='ltr'>canis,</span> <span class='ocrx_word' id='word_1_635' title='bbox 1792 2050 1889 2088; x_wconf 87' lang='lat' dir='ltr'>aliud</span> <span class='ocrx_word' id='word_1_636' title='bbox 1904 2050 1974 2100; x_wconf 90' lang='lat' dir='ltr'>leo,</span> <span class='ocrx_word' id='word_1_637' title='bbox 1992 2051 2092 2090; x_wconf 86' lang='lat' dir='ltr'>aliud</span> <span class='ocrx_word' id='word_1_638' title='bbox 2111 2052 2179 2090; x_wconf 87' lang='lat' dir='ltr'>alia</span> <span class='ocrx_word' id='word_1_639' title='bbox 2199 2053 2284 2097; x_wconf 81' lang='lat' dir='ltr'>sera.</span> 
     </span>
    </p>
   </div>
   <div class='ocr_carea' id='block_1_8' title="bbox 1283 2110 2284 2167">
    <p class='ocr_par' dir='ltr' id='par_1_8' title="bbox 1283 2110 2284 2167">
     <span class='ocr_line' id='line_1_80' title="bbox 1283 2110 2284 2167; baseline 0.003 -18"><span class='ocrx_word' id='word_1_640' title='bbox 1283 2125 1308 2155; x_wconf 86' lang='grc' dir='ltr'>ι)</span> <span class='ocrx_word' id='word_1_641' title='bbox 1329 2111 1428 2150; x_wconf 90' lang='lat' dir='ltr'>aliud</span> <span class='ocrx_word' id='word_1_642' title='bbox 1448 2112 1556 2163; x_wconf 84' lang='lat' dir='ltr'>aspis,</span> <span class='ocrx_word' id='word_1_643' title='bbox 1582 2110 1683 2149; x_wconf 90' lang='lat' dir='ltr'>aliud</span> <span class='ocrx_word' id='word_1_644' title='bbox 1703 2110 1773 2149; x_wconf 89' lang='lat' dir='ltr'>tale</span> <span class='ocrx_word' id='word_1_645' title='bbox 1792 2112 1978 2164; x_wconf 86' lang='lat' dir='ltr'>quippiam</span> <span class='ocrx_word' id='word_1_646' title='bbox 1997 2128 2004 2149; x_wconf 75' lang='grc' dir='ltr'>ε</span> <span class='ocrx_word' id='word_1_647' title='bbox 2026 2113 2076 2150; x_wconf 89' lang='lat' dir='ltr'>sic</span> <span class='ocrx_word' id='word_1_648' title='bbox 2094 2123 2126 2151; x_wconf 90' lang='lat' dir='ltr'>et</span> <span class='ocrx_word' id='word_1_649' title='bbox 2146 2113 2181 2151; x_wconf 89' lang='lat' dir='ltr'>iu</span> <span class='ocrx_word' id='word_1_650' title='bbox 2202 2129 2284 2167; x_wconf 86' lang='lat' dir='ltr'>pec-</span> 
     </span>
    </p>
   </div>
   <div class='ocr_carea' id='block_1_9' title="bbox 1328 2171 2432 2770">
    <p class='ocr_par' dir='ltr' id='par_1_9' title="bbox 1328 2171 2432 2770">
     <span class='ocr_line' id='line_1_81' title="bbox 1329 2171 2284 2226; baseline 0.002 -15"><span class='ocrx_word' id='word_1_651' title='bbox 1329 2172 1416 2211; x_wconf 84' lang='lat' dir='ltr'>catis</span> <span class='ocrx_word' id='word_1_652' title='bbox 1427 2181 1508 2210; x_wconf 86' lang='lat' dir='ltr'>sunt</span> <span class='ocrx_word' id='word_1_653' title='bbox 1521 2171 1747 2209; x_wconf 64' lang='lat' dir='ltr'>differentiae.</span> <span class='ocrx_word' id='word_1_654' title='bbox 1760 2173 1930 2211; x_wconf 84' lang='lat' dir='ltr'>Homines</span> <span class='ocrx_word' id='word_1_655' title='bbox 1944 2174 2053 2225; x_wconf 82' lang='lat' dir='ltr'>igitur</span> <span class='ocrx_word' id='word_1_656' title='bbox 2064 2174 2124 2212; x_wconf 87' lang='lat' dir='ltr'>alii</span> <span class='ocrx_word' id='word_1_657' title='bbox 2139 2175 2284 2226; x_wconf 88' lang='lat' dir='ltr'>quidem</span> 
     </span>
     <span class='ocr_line' id='line_1_82' title="bbox 1329 2232 2283 2286; baseline 0.003 -15"><span class='ocrx_word' id='word_1_658' title='bbox 1329 2243 1412 2271; x_wconf 90' lang='lat' dir='ltr'>sunt</span> <span class='ocrx_word' id='word_1_659' title='bbox 1427 2233 1529 2285; x_wconf 87' lang='lat' dir='ltr'>justi,</span> <span class='ocrx_word' id='word_1_660' title='bbox 1550 2232 1613 2269; x_wconf 89' lang='lat' dir='ltr'>alii</span> <span class='ocrx_word' id='word_1_661' title='bbox 1632 2246 1717 2270; x_wconf 76' lang='lat' dir='ltr'>vero</span> <span class='ocrx_word' id='word_1_662' title='bbox 1739 2243 1936 2284; x_wconf 85' lang='lat' dir='ltr'>peccatores</span> <span class='ocrx_word' id='word_1_663' title='bbox 1962 2251 1969 2270; x_wconf 71' lang='grc' dir='ltr'>ε</span> <span class='ocrx_word' id='word_1_664' title='bbox 1991 2235 2052 2272; x_wconf 88' lang='lat' dir='ltr'>sed</span> <span class='ocrx_word' id='word_1_665' title='bbox 2073 2245 2106 2273; x_wconf 85' lang='lat' dir='ltr'>et</span> <span class='ocrx_word' id='word_1_666' title='bbox 2126 2237 2161 2274; x_wconf 90' lang='lat' dir='ltr'>in</span> <span class='ocrx_word' id='word_1_667' title='bbox 2180 2238 2283 2286; x_wconf 80' lang='lat' dir='ltr'>justis</span> 
     </span>
     <span class='ocr_line' id='line_1_83' title="bbox 1329 2292 2282 2345; baseline 0.003 -13"><span class='ocrx_word' id='word_1_668' title='bbox 1329 2295 1485 2332; x_wconf 84' lang='lat' dir='ltr'>multum</span> <span class='ocrx_word' id='word_1_669' title='bbox 1497 2302 1548 2331; x_wconf 89' lang='lat' dir='ltr'>est</span> <span class='ocrx_word' id='word_1_670' title='bbox 1561 2292 1768 2340; x_wconf 86' lang='lat' dir='ltr'>discrimen,</span> <span class='ocrx_word' id='word_1_671' title='bbox 1779 2294 1859 2331; x_wconf 86' lang='lat' dir='ltr'>etin</span> <span class='ocrx_word' id='word_1_672' title='bbox 1873 2296 2117 2345; x_wconf 76' lang='lat' dir='ltr'>peccatoribus</span> <span class='ocrx_word' id='word_1_673' title='bbox 2129 2298 2282 2335; x_wconf 86' lang='lat' dir='ltr'>multum</span> 
     </span>
     <span class='ocr_line' id='line_1_84' title="bbox 1328 2352 2281 2406; baseline 0.003 -15"><span class='ocrx_word' id='word_1_674' title='bbox 1328 2363 1361 2391; x_wconf 88' lang='lat' dir='ltr'>et</span> <span class='ocrx_word' id='word_1_675' title='bbox 1391 2353 1618 2390; x_wconf 86' lang='lat' dir='ltr'>immensum.</span> <span class='ocrx_word' id='word_1_676' title='bbox 1643 2354 1779 2391; x_wconf 84' lang='lat' dir='ltr'>Verum</span> <span class='ocrx_word' id='word_1_677' title='bbox 1801 2352 1952 2390; x_wconf 84' lang='lat' dir='ltr'>attende.</span> <span class='ocrx_word' id='word_1_678' title='bbox 1978 2354 2077 2392; x_wconf 75' lang='lat' dir='ltr'>Licet</span> <span class='ocrx_word' id='word_1_679' title='bbox 2094 2356 2212 2406; x_wconf 82' lang='lat' dir='ltr'>justus</span> <span class='ocrx_word' id='word_1_680' title='bbox 2237 2358 2281 2394; x_wconf 79' lang='lat' dir='ltr'>sit</span> 
     </span>
     <span class='ocr_line' id='line_1_85' title="bbox 1328 2413 2280 2468; baseline 0.005 -17"><span class='ocrx_word' id='word_1_681' title='bbox 1328 2415 1423 2465; x_wconf 76' lang='lat' dir='ltr'>quis,</span> <span class='ocrx_word' id='word_1_682' title='bbox 1445 2414 1528 2451; x_wconf 87' lang='lat' dir='ltr'>licet</span> <span class='ocrx_word' id='word_1_683' title='bbox 1546 2413 1677 2451; x_wconf 89' lang='lat' dir='ltr'>millies</span> <span class='ocrx_word' id='word_1_684' title='bbox 1689 2413 1878 2464; x_wconf 84' lang='lat' dir='ltr'>sitjustus,</span> <span class='ocrx_word' id='word_1_685' title='bbox 1896 2423 1927 2451; x_wconf 89' lang='lat' dir='ltr'>et</span> <span class='ocrx_word' id='word_1_686' title='bbox 1947 2414 1991 2451; x_wconf 82' lang='lat' dir='ltr'>ad</span> <span class='ocrx_word' id='word_1_687' title='bbox 2009 2415 2147 2453; x_wconf 82' lang='lat' dir='ltr'>culmen</span> <span class='ocrx_word' id='word_1_688' title='bbox 2165 2417 2280 2468; x_wconf 74' lang='lat' dir='ltr'>ipsunt</span> 
     </span>
     <span class='ocr_line' id='line_1_86' title="bbox 1328 2474 2282 2529; baseline 0.004 -16"><span class='ocrx_word' id='word_1_689' title='bbox 1328 2474 1540 2518; x_wconf 75' lang='lat' dir='ltr'>ascenderit,</span> <span class='ocrx_word' id='word_1_690' title='bbox 1562 2475 1625 2521; x_wconf 80' lang='lat' dir='ltr'>ita,</span> <span class='ocrx_word' id='word_1_691' title='bbox 1643 2484 1679 2512; x_wconf 89' lang='lat' dir='ltr'>ut</span> <span class='ocrx_word' id='word_1_692' title='bbox 1695 2488 1822 2525; x_wconf 78' lang='lat' dir='ltr'>expers</span> <span class='ocrx_word' id='word_1_693' title='bbox 1843 2475 1885 2512; x_wconf 80' lang='lat' dir='ltr'>sit</span> <span class='ocrx_word' id='word_1_694' title='bbox 1904 2476 2034 2526; x_wconf 73' lang='lat' dir='ltr'>peccati</span> <span class='ocrx_word' id='word_1_695' title='bbox 2053 2491 2062 2518; x_wconf 85' lang='lat'>;</span> <span class='ocrx_word' id='word_1_696' title='bbox 2083 2490 2150 2514; x_wconf 80' lang='lat' dir='ltr'>nun</span> <span class='ocrx_word' id='word_1_697' title='bbox 2169 2488 2282 2529; x_wconf 71' lang='lat' dir='ltr'>potest</span> 
     </span>
     <span class='ocr_line' id='line_1_87' title="bbox 1329 2534 2279 2588; baseline 0.002 -13"><span class='ocrx_word' id='word_1_698' title='bbox 1329 2551 1402 2575; x_wconf 88' lang='lat' dir='ltr'>csse</span> <span class='ocrx_word' id='word_1_699' title='bbox 1419 2536 1574 2574; x_wconf 81' lang='lat' dir='ltr'>mundus</span> <span class='ocrx_word' id='word_1_700' title='bbox 1593 2550 1611 2573; x_wconf 84' lang='lat' dir='ltr'>a</span> <span class='ocrx_word' id='word_1_701' title='bbox 1633 2534 1758 2573; x_wconf 81' lang='lat' dir='ltr'>sorde:</span> <span class='ocrx_word' id='word_1_702' title='bbox 1782 2536 1860 2572; x_wconf 81' lang='lat' dir='ltr'>lieet</span> <span class='ocrx_word' id='word_1_703' title='bbox 1878 2537 2007 2573; x_wconf 71' lang='lat' dir='ltr'>millies</span> <span class='ocrx_word' id='word_1_704' title='bbox 2020 2538 2139 2588; x_wconf 81' lang='lat' dir='ltr'>justus</span> <span class='ocrx_word' id='word_1_705' title='bbox 2154 2540 2213 2580; x_wconf 78' lang='lat' dir='ltr'>sit.</span> <span class='ocrx_word' id='word_1_706' title='bbox 2231 2550 2279 2577; x_wconf 72' lang='lat' dir='ltr'>est</span> 
     </span>
     <span class='ocr_line' id='line_1_88' title="bbox 1332 2597 2432 2653; baseline 0.005 -18"><span class='ocrx_word' id='word_1_707' title='bbox 1332 2607 1445 2635; x_wconf 88' lang='lat' dir='ltr'>tamen</span> <span class='ocrx_word' id='word_1_708' title='bbox 1461 2597 1580 2635; x_wconf 84' lang='lat' dir='ltr'>homo.</span> <span class='ocrx_word' id='word_1_709' title='bbox 1603 2598 1697 2646; x_wconf 82' lang='lat' dir='ltr'>Quis</span> <span class='ocrx_word' id='word_1_710' title='bbox 1711 2599 1811 2633; x_wconf 76' lang='lat' dir='ltr'>enim</span> <span class='ocrx_word' id='word_1_711' title='bbox 1834 2598 2066 2647; x_wconf 69' lang='lat' dir='ltr'>gloriabitur</span> <span class='ocrx_word' id='word_1_712' title='bbox 2079 2608 2224 2638; x_wconf 68' lang='lat' dir='ltr'>castum</span> <span class='ocrx_word' id='word_1_713' title='bbox 2245 2616 2281 2639; x_wconf 76' lang='lat' dir='ltr'>xe·</span> <span class='ocrx_word' id='word_1_714' title='bbox 2299 2624 2367 2652; x_wconf 46' lang='lat' dir='ltr'>pst„</span> <span class='ocrx_word' id='word_1_715' title='bbox 2382 2635 2432 2653; x_wconf 24' lang='lat' dir='ltr'>*w</span> 
     </span>
     <span class='ocr_line' id='line_1_89' title="bbox 1330 2659 2281 2710; baseline 0.002 -13"><span class='ocrx_word' id='word_1_716' title='bbox 1330 2660 1470 2697; x_wconf 77' lang='lat' dir='ltr'>habere</span> <span class='ocrx_word' id='word_1_717' title='bbox 1500 2672 1584 2703; x_wconf 79' lang='lat' dir='ltr'>cor,</span> <span class='ocrx_word' id='word_1_718' title='bbox 1621 2668 1686 2695; x_wconf 80' lang='lat' dir='ltr'>au!</span> <span class='ocrx_word' id='word_1_719' title='bbox 1716 2660 1798 2710; x_wconf 77' lang='lat' dir='ltr'>quis</span> <span class='ocrx_word' id='word_1_720' title='bbox 1825 2659 1994 2708; x_wconf 67' lang='lat' dir='ltr'>considet</span> <span class='ocrx_word' id='word_1_721' title='bbox 2022 2661 2209 2698; x_wconf 70' lang='lat' dir='ltr'>”nundum</span> <span class='ocrx_word' id='word_1_722' title='bbox 2241 2677 2281 2700; x_wconf 72' lang='lat' dir='ltr'>sc</span> 
     </span>
     <span class='ocr_line' id='line_1_90' title="bbox 1329 2719 2280 2770; baseline 0.002 -12"><span class='ocrx_word' id='word_1_723' title='bbox 1329 2735 1410 2758; x_wconf 79' lang='lat' dir='ltr'>esse</span> <span class='ocrx_word' id='word_1_724' title='bbox 1431 2734 1455 2758; x_wconf 83' lang='lat' dir='ltr'><em>a</em></span> <span class='ocrx_word' id='word_1_725' title='bbox 1479 2723 1667 2770; x_wconf 75' lang='lat' dir='ltr'>peccato?</span> <span class='ocrx_word' id='word_1_726' title='bbox 1697 2721 1883 2769; x_wconf 79' lang='lat' dir='ltr'>Propterea</span> <span class='ocrx_word' id='word_1_727' title='bbox 1911 2719 2030 2756; x_wconf 72' lang='lat' dir='ltr'>dicere</span> <span class='ocrx_word' id='word_1_728' title='bbox 2057 2721 2092 2758; x_wconf 87' lang='lat' dir='ltr'>in</span> <span class='ocrx_word' id='word_1_729' title='bbox 2121 2722 2280 2760; x_wconf 79' lang='lat' dir='ltr'>oratione</span> 
     </span>
    </p>
   </div>
   <div class='ocr_carea' id='block_1_10' title="bbox 2449 2637 2467 2665">
    <p class='ocr_par' dir='ltr' id='par_1_10' title="bbox 2449 2637 2467 2665">
     <span class='ocr_line' id='line_1_91' title="bbox 2449 2637 2467 2665; baseline 0 -4"><span class='ocrx_word' id='word_1_730' title='bbox 2449 2637 2467 2665; x_wconf 73' lang='lat'><strong>9</strong></span> 
     </span>
    </p>
   </div>
   <div class='ocr_carea' id='block_1_11' title="bbox 1327 2781 2445 2883">
    <p class='ocr_par' dir='ltr' id='par_1_11' title="bbox 1327 2781 2445 2883">
     <span class='ocr_line' id='line_1_92' title="bbox 1327 2781 2445 2834; baseline 0.003 -16"><span class='ocrx_word' id='word_1_731' title='bbox 1327 2781 1516 2833; x_wconf 76' lang='lat' dir='ltr'>jubemur:</span> <span class='ocrx_word' id='word_1_732' title='bbox 1552 2783 1716 2818; x_wconf 72' lang='lat' dir='ltr'>Dimitte</span> <span class='ocrx_word' id='word_1_733' title='bbox 1753 2782 1861 2817; x_wconf 75' lang='lat' dir='ltr'>nobis</span> <span class='ocrx_word' id='word_1_734' title='bbox 1895 2782 2025 2818; x_wconf 70' lang='lat' dir='ltr'>debila</span> <span class='ocrx_word' id='word_1_735' title='bbox 2065 2791 2213 2826; x_wconf 56' lang='lat' dir='ltr'>nostra.</span> <span class='ocrx_word' id='word_1_736' title='bbox 2242 2794 2277 2822; x_wconf 86' lang='lat' dir='ltr'>ut</span> <span class='ocrx_word' id='word_1_737' title='bbox 2297 2809 2391 2834; x_wconf 41' lang='lat' dir='ltr'>Mun</span> <span class='ocrx_word' id='word_1_738' title='bbox 2429 2808 2445 2832; x_wconf 57' lang='lat'>0-</span> 
     </span>
     <span class='ocr_line' id='line_1_93' title="bbox 1329 2840 2344 2883; baseline 0.004 -4"><span class='ocrx_word' id='word_1_739' title='bbox 1329 2843 1498 2879; x_wconf 58' lang='lat' dir='ltr'>orationis*</span> <span class='ocrx_word' id='word_1_740' title='bbox 1530 2841 1785 2878; x_wconf 66' lang='lat' dir='ltr'>‹ruiisuetmline</span> <span class='ocrx_word' id='word_1_741' title='bbox 1817 2840 2073 2879; x_wconf 71' lang='lat' dir='ltr'>:tdtttmtv-&#39;unur</span> <span class='ocrx_word' id='word_1_742' title='bbox 2107 2843 2182 2880; x_wconf 74' lang='lat' dir='ltr'>illic</span> <span class='ocrx_word' id='word_1_743' title='bbox 2218 2860 2279 2883; x_wconf 70' lang='lat' dir='ltr'>uos</span> <span class='ocrx_word' id='word_1_744' title='bbox 2299 2859 2344 2878; x_wconf 67' lang='lat'>¹²-</span> 
     </span>
    </p>
   </div>
   <div class='ocr_carea' id='block_1_12' title="bbox 1293 2903 2280 2957">
    <p class='ocr_par' dir='ltr' id='par_1_12' title="bbox 1293 2903 2280 2957">
     <span class='ocr_line' id='line_1_94' title="bbox 1293 2903 2280 2957; baseline -0.001 -17"><span class='ocrx_word' id='word_1_745' title='bbox 1293 2918 1305 2946; x_wconf 63' lang='lat'>³,</span> <span class='ocrx_word' id='word_1_746' title='bbox 1328 2904 1502 2940; x_wconf 76' lang='lat' dir='ltr'>uluioxios·</span> <span class='ocrx_word' id='word_1_747' title='bbox 1522 2918 1595 2940; x_wconf 75' lang='lat' dir='ltr'>esse</span> <span class='ocrx_word' id='word_1_748' title='bbox 1620 2903 1819 2955; x_wconf 69' lang='lat' dir='ltr'>suppliciis.</span> <span class='ocrx_word' id='word_1_749' title='bbox 1835 2903 1973 2940; x_wconf 64' lang='lat' dir='ltr'>tiu-nim</span> <span class='ocrx_word' id='word_1_750' title='bbox 1990 2904 2120 2940; x_wconf 73' lang='lat' dir='ltr'>Paulus</span> <span class='ocrx_word' id='word_1_751' title='bbox 2138 2917 2280 2957; x_wconf 73' lang='lat' dir='ltr'>aposto.</span> 
     </span>
    </p>
   </div>
   <div class='ocr_carea' id='block_1_13' title="bbox 1327 2964 2285 3445">
    <p class='ocr_par' dir='ltr' id='par_1_13' title="bbox 1327 2964 2285 3445">
     <span class='ocr_line' id='line_1_95' title="bbox 1329 2964 2278 3019; baseline 0.004 -17"><span class='ocrx_word' id='word_1_752' title='bbox 1329 2966 1397 3007; x_wconf 82' lang='lat' dir='ltr'>lus.</span> <span class='ocrx_word' id='word_1_753' title='bbox 1417 2979 1477 3002; x_wconf 76' lang='lat' dir='ltr'>vas</span> <span class='ocrx_word' id='word_1_754' title='bbox 1492 2964 1685 3009; x_wconf 73' lang='lat' dir='ltr'>electionis,</span> <span class='ocrx_word' id='word_1_755' title='bbox 1703 2964 1766 3001; x_wconf 59' lang='lat' dir='ltr'>lit-i</span> <span class='ocrx_word' id='word_1_756' title='bbox 1785 2964 1969 3015; x_wconf 77' lang='lat' dir='ltr'>templum,</span> <span class='ocrx_word' id='word_1_757' title='bbox 1983 2980 2021 3000; x_wconf 68' lang='lat' dir='ltr'>os</span> <span class='ocrx_word' id='word_1_758' title='bbox 2037 2965 2186 3008; x_wconf 70' lang='lat' dir='ltr'>(ltu-isti.</span> <span class='ocrx_word' id='word_1_759' title='bbox 2201 2967 2278 3019; x_wconf 74' lang='lat' dir='ltr'>lym</span> 
     </span>
     <span class='ocr_line' id='line_1_96' title="bbox 1327 3026 2279 3077; baseline 0.001 -13"><span class='ocrx_word' id='word_1_760' title='bbox 1327 3026 1500 3077; x_wconf 75' lang='lat' dir='ltr'>Spiritus,</span> <span class='ocrx_word' id='word_1_761' title='bbox 1525 3026 1650 3063; x_wconf 71' lang='lat' dir='ltr'>‹lot-tor</span> <span class='ocrx_word' id='word_1_762' title='bbox 1669 3026 1767 3063; x_wconf 75' lang='lat' dir='ltr'>orbis</span> <span class='ocrx_word' id='word_1_763' title='bbox 1787 3033 1974 3068; x_wconf 62' lang='grc' dir='ltr'>Ιτιϊηιιιιιι,</span> <span class='ocrx_word' id='word_1_764' title='bbox 2004 3027 2064 3074; x_wconf 79' lang='lat' dir='ltr'>qui</span> <span class='ocrx_word' id='word_1_765' title='bbox 2089 3035 2215 3064; x_wconf 71' lang='lat' dir='ltr'>terrani</span> <span class='ocrx_word' id='word_1_766' title='bbox 2247 3038 2279 3066; x_wconf 79' lang='lat' dir='ltr'>et</span> 
     </span>
     <span class='ocr_line' id='line_1_97' title="bbox 1330 3086 2280 3138; baseline 0.004 -15"><span class='ocrx_word' id='word_1_767' title='bbox 1330 3100 1425 3124; x_wconf 73' lang='lat' dir='ltr'>mare</span> <span class='ocrx_word' id='word_1_768' title='bbox 1441 3086 1657 3138; x_wconf 73' lang='lat' dir='ltr'>peragravit,</span> <span class='ocrx_word' id='word_1_769' title='bbox 1668 3086 1728 3135; x_wconf 81' lang='lat' dir='ltr'>qui</span> <span class='ocrx_word' id='word_1_770' title='bbox 1747 3095 1970 3137; x_wconf 69' lang='lat' dir='ltr'>peccatorum</span> <span class='ocrx_word' id='word_1_771' title='bbox 1986 3086 2102 3137; x_wconf 65' lang='lat' dir='ltr'>spinas</span> <span class='ocrx_word' id='word_1_772' title='bbox 2118 3089 2280 3135; x_wconf 66' lang='lat' dir='ltr'>rexulsit,</span> 
     </span>
     <span class='ocr_line' id='line_1_98' title="bbox 1329 3146 2278 3202; baseline 0.004 -19"><span class='ocrx_word' id='word_1_773' title='bbox 1329 3147 1389 3197; x_wconf 84' lang='lat' dir='ltr'>qui</span> <span class='ocrx_word' id='word_1_774' title='bbox 1411 3146 1592 3196; x_wconf 67' lang='lat' dir='ltr'>religionis</span> <span class='ocrx_word' id='word_1_775' title='bbox 1612 3147 1746 3183; x_wconf 71' lang='lat' dir='ltr'>sruuiuu</span> <span class='ocrx_word' id='word_1_776' title='bbox 1761 3147 1929 3196; x_wconf 70' lang='lat' dir='ltr'>jactavit:</span> <span class='ocrx_word' id='word_1_777' title='bbox 1949 3147 2007 3184; x_wconf 80' lang='lat' dir='ltr'>ille</span> <span class='ocrx_word' id='word_1_778' title='bbox 2025 3148 2168 3197; x_wconf 66' lang='lat' dir='ltr'>regilius</span> <span class='ocrx_word' id='word_1_779' title='bbox 2188 3164 2278 3202; x_wconf 77' lang='lat' dir='ltr'>opu-</span> 
     </span>
     <span class='ocr_line' id='line_1_99' title="bbox 1331 3207 2282 3259; baseline 0.005 -14"><span class='ocrx_word' id='word_1_780' title='bbox 1331 3209 1472 3250; x_wconf 74' lang='lat' dir='ltr'>lentior,</span> <span class='ocrx_word' id='word_1_781' title='bbox 1487 3208 1545 3244; x_wconf 83' lang='grc' dir='ltr'>ἰΙΙι·</span> <span class='ocrx_word' id='word_1_782' title='bbox 1560 3207 1738 3245; x_wconf 59' lang='lat' dir='ltr'>divitibus·</span> <span class='ocrx_word' id='word_1_783' title='bbox 1755 3208 1944 3259; x_wconf 68' lang='lat' dir='ltr'>pou-uuor,</span> <span class='ocrx_word' id='word_1_784' title='bbox 1956 3209 2131 3247; x_wconf 63' lang='lat' dir='ltr'>militibus</span> <span class='ocrx_word' id='word_1_785' title='bbox 2147 3212 2282 3255; x_wconf 65' lang='lat' dir='ltr'>furunt.</span> 
     </span>
     <span class='ocr_line' id='line_1_100' title="bbox 1332 3268 2284 3323; baseline -0.001 -17"><span class='ocrx_word' id='word_1_786' title='bbox 1332 3269 1514 3317; x_wconf 59' lang='lat' dir='ltr'>illrum-gis</span> <span class='ocrx_word' id='word_1_787' title='bbox 1529 3268 1764 3320; x_wconf 64' lang='lat' dir='ltr'>philosophus</span> <span class='ocrx_word' id='word_1_788' title='bbox 1780 3283 1885 3318; x_wconf 63' lang='lat' dir='ltr'>quanm</span> <span class='ocrx_word' id='word_1_789' title='bbox 1904 3269 1969 3320; x_wconf 73' lang='lat' dir='ltr'>ipsi</span> <span class='ocrx_word' id='word_1_790' title='bbox 1988 3269 2206 3323; x_wconf 74' lang='lat' dir='ltr'>philosophi,</span> <span class='ocrx_word' id='word_1_791' title='bbox 2225 3274 2284 3310; x_wconf 61' lang='lat' dir='ltr'>illv</span> 
     </span>
     <span class='ocr_line' id='line_1_101' title="bbox 1331 3329 2284 3379; baseline 0.005 -13"><span class='ocrx_word' id='word_1_792' title='bbox 1331 3330 1495 3367; x_wconf 65' lang='lat' dir='ltr'>‹list-rlitu·</span> <span class='ocrx_word' id='word_1_793' title='bbox 1512 3330 1731 3371; x_wconf 55' lang='lat' dir='ltr'>oratoribus,</span> <span class='ocrx_word' id='word_1_794' title='bbox 1746 3330 1806 3379; x_wconf 72' lang='lat' dir='ltr'>qui</span> <span class='ocrx_word' id='word_1_795' title='bbox 1824 3329 1913 3366; x_wconf 77' lang='lat' dir='ltr'>nihil</span> <span class='ocrx_word' id='word_1_796' title='bbox 1933 3329 2100 3374; x_wconf 57' lang='lat' dir='ltr'>tuln-lun,</span> <span class='ocrx_word' id='word_1_797' title='bbox 2120 3341 2151 3369; x_wconf 72' lang='lat' dir='ltr'>et</span> <span class='ocrx_word' id='word_1_798' title='bbox 2167 3335 2284 3371; x_wconf 60' lang='lat' dir='ltr'>numia</span> 
     </span>
     <span class='ocr_line' id='line_1_102' title="bbox 1334 3390 2285 3445; baseline 0.003 -20"><span class='ocrx_word' id='word_1_799' title='bbox 1334 3390 1547 3444; x_wconf 65' lang='lat' dir='ltr'>possuit-luit,</span> <span class='ocrx_word' id='word_1_800' title='bbox 1563 3391 1622 3440; x_wconf 80' lang='lat' dir='ltr'>qui</span> <span class='ocrx_word' id='word_1_801' title='bbox 1643 3400 1790 3427; x_wconf 66' lang='lat' dir='ltr'>&#39;nuru-iu</span> <span class='ocrx_word' id='word_1_802' title='bbox 1811 3390 1939 3427; x_wconf 69' lang='lat' dir='ltr'>umbra</span> <span class='ocrx_word' id='word_1_803' title='bbox 1957 3406 2018 3428; x_wconf 62' lang='lat' dir='ltr'>sua</span> <span class='ocrx_word' id='word_1_804' title='bbox 2037 3393 2285 3445; x_wconf 65' lang='lat' dir='ltr'>solx·t=l=.1t,.p¹i</span> 
     </span>
    </p>
   </div>
   <div class='ocr_carea' id='block_1_14' title="bbox 1336 3451 2290 3542">
    <p class='ocr_par' dir='ltr' id='par_1_14' title="bbox 1336 3451 2290 3542">
     <span class='ocr_line' id='line_1_103' title="bbox 1336 3451 2290 3506; baseline 0 -15"><span class='ocrx_word' id='word_1_805' title='bbox 1336 3453 1477 3491; x_wconf 75' lang='lat' dir='ltr'>umrlws</span> <span class='ocrx_word' id='word_1_806' title='bbox 1515 3452 1588 3489; x_wconf 68' lang='lat' dir='ltr'>suis</span> <span class='ocrx_word' id='word_1_807' title='bbox 1629 3451 1847 3489; x_wconf 52' lang='lat' dir='ltr'>nestum—uiis</span> <span class='ocrx_word' id='word_1_808' title='bbox 1871 3452 2041 3503; x_wconf 68' lang='lat' dir='ltr'>fugabat,</span> <span class='ocrx_word' id='word_1_809' title='bbox 2071 3455 2130 3504; x_wconf 75' lang='lat' dir='ltr'>qui</span> <span class='ocrx_word' id='word_1_810' title='bbox 2160 3466 2290 3506; x_wconf 56' lang='lat' dir='ltr'>{iupa-‚1</span> 
     </span>
     <span class='ocr_line' id='line_1_104' title="bbox 2011 3510 2074 3542; baseline 0 0"><span class='ocrx_word' id='word_1_811' title='bbox 2011 3510 2053 3542; x_wconf 66' lang='lat' dir='ltr'>(il</span> <span class='ocrx_word' id='word_1_812' title='bbox 2072 3539 2074 3542; x_wconf 95' lang='lat'>.</span> 
     </span>
    </p>
   </div>
  </div>
 </body>
</html>
