2513 3871
281 205 344 266 84

279 302 352 342 bus
368 316 450 342 eum
469 301 598 353 aliquis
616 300 784 339 cohibere
801 300 934 354 possit3
961 299 1023 338 sed
1052 307 1093 338 ut
1110 297 1231 350 aquila

281 364 436 403 sublime
450 362 589 410 volans,
613 375 795 414 passerum
819 361 954 413 laqueis
979 373 1049 399 non
1072 359 1230 412 capitur,

282 426 330 464 ita
349 434 382 462 et
400 421 473 462 hic.
497 421 602 461 Unde
621 422 714 460 eniiu
741 436 868 460 nocere
884 422 915 460 ei
936 421 1046 475 possit
1071 419 1232 472 aliquis?

282 484 444 523 Pecuniae
463 496 531 521 non
551 481 694 530 adsunt,
718 492 755 522 ut
777 483 947 521 mulctam
966 481 1203 521 comminetur
1220 495 1229 521 ε

280 545 433 598 patriam
448 557 517 581 non
537 542 656 591 habet,
673 552 713 580 ut
727 543 895 581 exsilium
917 543 1062 591 inferat5
1081 541 1233 594 gloriam

281 618 350 642 non
373 603 607 656 concupiscit,
626 613 664 642 ut
679 603 833 641 dedecus
853 605 984 642 inurat.
1006 604 1130 642 Unum
1149 602 1233 641 reli-

279 677 392 716 quum
409 673 475 708 est,
490 678 585 702 mors
601 664 735 703 scilicet
751 680 758 701 :
776 663 836 703 sed
851 664 917 703 bac
935 664 1091 703 maxime
1106 665 1140 702 in
1156 678 1234 717 par-

280 735 314 764 te
326 740 407 764 eum
420 725 580 777 affligere
591 740 659 765 non
675 725 816 778 poterit,
829 726 1053 778 imojuvabit
1066 726 1233 764 maxime.

281 787 444 838 Namque
463 801 545 825 eum
563 787 610 826 ad
630 787 736 825 aliam
758 787 968 826 transmittit
986 788 1114 834 vitam,
1131 787 1178 825 ab
1196 801 1235 825 se

279 846 532 891 desideratam.
553 849 655 900 cujus
675 861 779 886 causa
800 847 892 886 nihil
913 861 981 886 non
1002 847 1077 899 agit
1096 856 1130 886 et
1151 862 1234 900 ope·

279 918 392 947 ratur.
417 909 541 961 ltaque
568 909 629 947 illa
651 909 815 948 laborum
843 909 912 948 sibi
944 909 1026 947 finis
1049 909 1131 957 erit,
1162 923 1231 947 non
1254 915 1278 947 Ε

279 983 399 1021 poena,
428 969 489 1008 sed
511 969 687 1009 sudorum
715 969 845 1008 solutio
872 978 907 1008 et
937 969 1088 1022 requies.
1123 971 1234 1010 Visne

277 1030 388 1069 alium
403 1031 480 1083 ejus
496 1031 661 1085 potentia:
675 1030 823 1070 modum
837 1030 1006 1077 ediscere,
1021 1031 1056 1069 in
1073 1030 1232 1084 philoso-

274 1091 364 1143 phia
395 1092 502 1144 longe
530 1091 844 1145 praestantiorem?
872 1091 1022 1130 Etiamsi
1047 1092 1129 1143 quis
1149 1106 1229 1131 eum

278 1150 477 1192 innumeris
494 1153 652 1191 affecerit
666 1153 782 1201 malis,
798 1153 937 1191 etiamsi
958 1153 1168 1191 verberibus
1185 1154 1229 1192 ta-

276 1213 443 1262 niaverit,
459 1214 493 1252 in
511 1213 654 1254 vincula
668 1214 867 1265 conjecerit,
881 1227 1011 1266 corpus
1025 1228 1090 1266 pro
1104 1223 1229 1252 natura

274 1288 338 1311 sua
356 1274 512 1322 laeditur,
531 1274 673 1312 animus
693 1288 777 1311 vero
797 1273 1035 1325 philosophice
1050 1273 1229 1321 addictus,

272 1333 406 1372 illaesus
422 1343 561 1373 manet:
576 1334 791 1384 nequeenim
805 1333 988 1371 iracundia
1003 1333 1227 1385 capitur‚non

270 1394 355 1433 odio
374 1395 579 1447 corripitur,
599 1409 667 1433 non
699 1394 907 1432 inimicitias
928 1404 1101 1433 excercet.
1122 1396 1225 1434 Non-

269 1454 357 1493 dum
377 1455 423 1493 ita
446 1469 616 1507 magnum
638 1455 705 1493 lioc
723 1464 788 1502 est,
807 1456 871 1494 sed
891 1455 994 1506 longe
1010 1455 1226 1506 mirabilius,

266 1516 362 1566 quod
378 1531 449 1561 eos,
465 1517 526 1568 qui
546 1531 583 1555 se
602 1517 650 1555 ita
671 1525 818 1566 vexant,
836 1517 888 1555 sic
907 1516 1042 1569 diligit,
1060 1526 1098 1555 ut
1121 1518 1226 1557 bene·

268 1578 368 1623 ticos,
385 1587 425 1616 ut
441 1587 620 1630 patronos,
634 1578 798 1630 bonaque
818 1578 890 1616 illis
910 1588 1037 1617 cuncta
1057 1593 1227 1632 appreca-

267 1648 338 1679 tur.
359 1642 404 1677 At
422 1648 459 1677 tu
480 1639 565 1691 quid
581 1639 612 1677 ei
632 1653 803 1690 umquam
821 1639 892 1677 tale
909 1648 1076 1692 praestare
1089 1641 1228 1693 potuis-

267 1714 334 1746 seS,
355 1700 493 1739 etiamsi
513 1700 645 1739 millies
662 1714 780 1753 ipsum
796 1701 895 1741 orbis
911 1709 1087 1739 terrarum
1108 1716 1224 1754 regem

266 1761 525 1810 constituisses,
547 1770 581 1800 et
602 1763 646 1800 ad
669 1761 791 1800 decem
821 1776 998 1800 annorum
1023 1762 1136 1801 millia
1162 1778 1223 1802 re-

264 1836 375 1874 gnum
391 1822 459 1876 ipsi
480 1823 731 1876 prorogasses?
746 1837 815 1874 qua
834 1837 1008 1876 purpura,
1025 1837 1095 1874 quo
1111 1824 1224 1877 impe-

264 1883 330 1930 rio,
345 1898 415 1935 qua
431 1884 544 1936 gloria
561 1898 630 1922 non
648 1883 890 1937 praestabilius
909 1892 960 1921 est
979 1884 1046 1922 hoe
1061 1884 1223 1923 bonum?

263 1943 352 1996 quid
373 1959 440 1983 non
464 1944 700 1998 impenderes,
724 1954 761 1982 ut
781 1944 957 1997 ejusmodi
977 1945 1139 1984 animum
1159 1961 1222 1984 ac-

263 2005 426 2058 ciperes?
446 2006 610 2045 Arbitror
629 2020 695 2058 ego
713 2006 820 2044 etiam
839 2020 912 2052 eos,
937 2008 1000 2057 qui
1022 2005 1222 2045 studiosius

265 2081 415 2119 corpora
434 2076 571 2114 curant,
598 2067 690 2105 banc
719 2068 830 2106 vitam
850 2076 1112 2120 praeoptaturos
1132 2082 1218 2107 esse.

267 2127 380 2166 Visne
398 2128 546 2167 aliunde
560 2142 702 2180 quoque
717 2128 913 2180 potentiam
930 2128 998 2167 viri
1019 2137 1053 2166 et
1074 2129 1222 2167 mirabi-

266 2187 392 2228 liorem
413 2199 447 2227 et
469 2188 719 2241 jucundiorem
737 2188 871 2237 videre,
892 2203 934 2227 ex
958 2199 1057 2241 parte
1074 2189 1220 2241 quidem

265 2249 451 2288 humiliori
475 2250 635 2303 petitam,
661 2249 725 2288 tibi
747 2258 861 2287 tamen
890 2264 1028 2288 summe
1052 2252 1218 2302 gratam?

266 2311 319 2350 Ea
346 2310 492 2363 quidem
519 2326 599 2362 qute
625 2310 720 2349 dicta
748 2320 846 2359 sunt,
868 2325 948 2349 eum
970 2325 1033 2349 nec
1058 2313 1136 2364 capi
1159 2326 1221 2351 nec

263 2372 395 2410 violari
413 2388 514 2426 posse
528 2372 772 2424 comprobant.
785 2371 892 2419 Quod
909 2381 1027 2410 autem
1044 2373 1133 2411 atios
1149 2387 1223 2411 mo-

265 2431 456 2472 deraturus
470 2434 528 2479 sit,
546 2448 674 2485 cosque
688 2433 883 2471 tutissimos
895 2433 1167 2483 constituturus,
1183 2435 1219 2473 id

267 2494 415 2533 sortasse
432 2495 563 2546 quaeris
582 2494 749 2533 ediscere.
765 2494 841 2532 lloc
861 2508 968 2546 porro
990 2503 1041 2532 est
1062 2495 1218 2547 primum

267 2556 529 2609 magisterium,
544 2565 582 2594 ut
603 2556 692 2594 alios
707 2555 750 2593 ad
770 2554 862 2593 idem
878 2554 1035 2593 studium
1050 2555 1218 2604 adducat,

268 2626 302 2655 et
319 2618 369 2655 sic
388 2617 467 2656 illos
493 2619 615 2656 firmos
632 2617 809 2668 sortesque
825 2617 1036 2664 constituat;
1059 2618 1113 2655 sin
1133 2633 1219 2657 vero

266 2677 321 2716 illi
338 2679 466 2727 nolint,
483 2688 729 2729 terrenamque
743 2678 852 2716 vitam
867 2679 991 2716 sectari
1009 2678 1146 2724 malint,
1161 2678 1220 2717 hic

267 2752 407 2789 quoque
424 2739 562 2778 videbis
576 2739 708 2790 majore
724 2748 756 2776 te
772 2738 941 2791 opulento
958 2738 1112 2791 potentia
1130 2753 1219 2791 prm-

258 2799 383 2837 ·ditum
403 2814 496 2844 eum,
521 2801 580 2850 qui
599 2800 689 2838 nihil
706 2799 827 2850 habet,
847 2809 954 2850 atquc
970 2799 1050 2838 ideo
1064 2801 1220 2839 maxime

266 2861 362 2911 quod
384 2861 473 2898 nituit
495 2861 632 2899 habeat.
653 2861 743 2910 Quis
762 2861 854 2899 enim
877 2861 1010 2912 majore
1024 2875 1105 2899 cum
1124 2860 1219 2899 fidu-

270 2922 322 2959 cia
338 2932 370 2960 et
388 2931 559 2974 potestate
577 2922 829 2974 imperatorem
846 2922 1048 2973 alloquetur
1059 2931 1092 2959 et
1107 2921 1218 2960 incre·

268 2982 395 3034 pabit?
430 2991 514 3020 tunc
540 2983 600 3034 qui
633 2991 727 3020 tanta
755 2983 929 3035 possides,
962 2992 996 3021 et
1031 2991 1216 3035 propterea

267 3042 365 3080 illius
384 3057 523 3095 quoquc
542 3057 620 3081 serv
627 3044 655 3081 is
674 3043 852 3082 obnoxius
872 3058 922 3093 es,
945 3058 1081 3097 proque
1097 3044 1218 3082 omni·-

265 3102 334 3141 bus
355 3104 489 3149 tremis,
514 3118 614 3141 ansas
641 3119 725 3141 vero
752 3104 804 3143 illi
832 3105 1035 3143 innumeras
1061 3104 1216 3157 pra-bes,
1241 3109 1265 3140 C

265 3164 294 3201 si
315 3164 424 3203 iratus
441 3174 472 3201 tc
489 3164 616 3202 lwdcrc
636 3166 741 3208 setin
758 3180 801 3202 an
821 3165 877 3203 hic
894 3166 955 3217 qui
977 3166 1074 3203 illius
1093 3166 1213 3204 mani-

264 3225 333 3264 bus
349 3226 511 3278 superior
530 3226 606 3263 cst?
631 3226 704 3263 llne
727 3226 820 3264 enirn
842 3227 996 3264 maxime
1014 3241 1125 3279 genus
1146 3226 1213 3265 lio-

1243 1681 1276 1707 ⁶9

1247 1719 1272 1749 Λ

303 3377 317 3390 ·
342 3364 456 3398 Morel.
487 3379 540 3403 την
570 3370 745 3408 laomim,
771 3373 803 3397 et
831 3366 878 3397 sic
906 3366 1009 3400 snit.
1039 3367 1073 3399 in
1103 3374 1213 3406 textu,
1233 3365 1265 3399 iu

259 3429 366 3457 mnrss.
385 3428 462 3450 ΗἾὈ
478 3424 493 3456 ἡ
512 3422 651 3459 ίπιθαμῖπ
664 3443 669 3451 .
689 3416 757 3448 (luo
773 3418 846 3449 315⁸.
865 3426 901 3454 τῆ
919 3423 1070 3459 ‘’asquia-

709 220 748 251 S.
787 218 974 250 Josuuts
1007 213 1250 248 CHRYSOST·
1292 214 1501 247 Attentsst’.
1538 215 1899 249 CONSTANTINOP-

1298 311 1351 341 τις
1370 298 1472 337 αὐτὸν
1499 298 1674 352 κατάσχοι
1689 316 1698 325 ·
1717 301 1795 339 ἀλλ’
1818 301 1940 353 ὥσπερ
1963 298 2062 345 ἀετὸς
2078 299 2197 354 ὗψηλὰ
2216 298 2326 340 πετοό

1299 374 1401 410 μενος
1419 354 1542 412 παγίδι
1557 363 1733 412 στρουθῶν
1760 366 1824 401 οὐκ
1849 363 1890 400 ἂν
1910 362 2008 414 ἁλῴη
2030 362 2115 401 ποτὲ
2128 392 2138 409 ,
2158 362 2250 402 οὕτω
2266 362 2326 401 καὶ

1298 414 1407 463 οἶτος.
1425 421 1538 461 Πόθεν
1556 422 1626 475 γὰρ
1647 424 1750 461 αὐτόν
1768 439 1820 466 τις
1837 423 1972 474 βλάψαι
2000 422 2205 471 δυνήσεταις
2227 423 2328 476 Χρήύ

1301 496 1396 531 ματα
1414 483 1476 520 οὐκ
1494 482 1568 521 ἔστι
1584 485 1668 534 παρ’
1689 485 1801 535 αὑτῷ,
1817 483 1875 522 ἵνα
1888 483 2064 534 α’πειλήσῃ
2083 482 2212 533 ζημίαν
2225 497 2234 505 ·
2256 498 2326 521 πα·

1299 542 1400 594 τρίδα
1427 544 1491 582 οὐκ
1520 542 1612 596 ἔχει,
1639 545 1695 582 ἵνα
1723 543 1786 589 τὴν
1811 543 2000 595 ὑπερορίαν
2031 543 2300 590 ἐπανατείνηται
2318 558 2327 566 ·

1300 602 1400 650 δόξης
1412 606 1474 642 οὐκ
1489 604 1622 657 ἐφίεται
1637 634 1647 650 ,
1662 605 1717 642 ἰ’να
1738 607 1785 647 εἰς
1801 604 1944 654 ἀτιμίαν
1966 604 2081 655 ἀγάγῃ
2096 619 2104 627 ·
2129 603 2165 641 ἔν
2193 605 2268 642 ἔστι
2284 604 2327 642 τὸ

1300 665 1527 716 λειπόμενον,
1552 667 1699 707 θάνατος
1713 681 1721 689 ·
1749 667 1824 703 ἀλλ’
1845 667 1992 703 ἐνταῦθα
2013 664 2169 714 μάλιστα
2191 665 2230 702 οὗ
2258 665 2323 702 δυ-

1302 725 1445 770 νήσεται
1471 727 1573 765 αὑτὸν
1589 726 1744 772 λυπῆσαί
1763 741 1848 764 ποτε
1861 756 1870 773 ,
1891 724 1983 763 ἀλλὰ
2008 725 2067 762 καὶ
2086 724 2260 776 ὠφελήσει
2282 724 2328 762 τὰ

1302 786 1464 837 μέγιστα.
1490 787 1584 837 Πρὸς
1601 787 1668 837 γὰρ
1701 786 1821 838 ἑτέραν
1850 785 1954 824 αὐτὸν
1975 785 2108 835 πέμπει
2131 784 2245 833 ζωὴν,
2262 785 2328 831 τὴν

1301 848 1518 897 ποθουμένην
1535 849 1641 898 αὐτῷ,
1658 848 1717 885 καὶ
1735 849 1778 885 δι’
1790 848 1832 894 ἣν
1849 847 1990 885 ἅπαντα
2004 846 2153 898 πράττει
2164 846 2224 884 καὶ
2237 861 2327 899 πρα-

1301 909 1514 957 γματεύεται
1528 924 1536 932 ·
1551 908 1642 948 ὥστε
1656 912 1759 946 τοῦτο
1775 907 1964 959 ἀπαλλαγὴ
1979 907 2093 946 πόνων
2109 906 2202 954 ἐστὶ,
2217 907 2277 945 καὶ
2287 908 2327 945 οὗ

1301 969 1472 1042 τιμωρία,
1490 971 1568 1008 ἀλλ’
1588 969 1744 1022 ἱδρώτων
1769 970 1867 1012 λύσις
1887 970 1946 1007 καὶ
1975 969 2174 1008 ἀνάπαυλα.
2202 968 2327 1007 Βούλει

1300 1031 1360 1068 καὶ
1380 1030 1498 1082 ἕτερον
1510 1031 1642 1083 τρόπον
1661 1033 1724 1077 τῆς
1744 1031 1923 1080 δυνάμεως
1948 1033 2053 1069 αὐτου
2074 1033 2220 1080 μαθεῖν,
2235 1030 2329 1068 πολ-

1299 1093 1350 1129 λῶ
1370 1092 1490 1130 τούτου
1513 1092 1812 1144 φιλοσοφώτεροη
1834 1092 1907 1131 Κᾶν
1933 1092 2001 1144 γὰρ
2022 1092 2130 1143 μυρία
2149 1107 2203 1134 τις
2218 1091 2324 1130 αὐτὸν

1300 1152 1492 1203 ἐργάσηται
1508 1153 1615 1196 δεινὰ
1619 1153 1684 1191 κᾶν
1701 1153 1864 1204 μαστίΞη,
1877 1153 1942 1191 κᾶν
1961 1153 2066 1203 δήσῃ
2080 1151 2119 1190 τὸ
2136 1153 2199 1202 μὲν
2219 1155 2325 1202 σῶμα

1299 1213 1492 1259 πληττεται
1513 1212 1571 1251 διὰ
1587 1213 1650 1259 τὴν
1680 1212 1807 1263 φύσιν,
1832 1217 1854 1259 ἡ
1885 1214 1922 1251 δὲ
1948 1213 2044 1265 ψυχὴ
2065 1213 2244 1260 ἄπληκτος
2269 1212 2327 1251 διὰ

1299 1272 1362 1319 τὴν
1393 1274 1599 1325 φιλοσοφίαν
1629 1273 1746 1323 μένει·
1779 1274 1858 1311 οὐδὲ
1886 1273 1953 1326 γὰρ
1986 1274 2169 1312 ἁλίσκεται
2199 1277 2300 1326 θυμῷ
2314 1304 2324 1321 ,

1298 1336 1337 1372 οὗ
1363 1338 1544 1385 χειροῦται
1580 1334 1697 1383 μίσει,
1725 1336 1789 1373 οὐκ
1817 1335 1991 1388 ἀπεχθείᾳ
2035 1334 2326 1386 καταγωνίζεται.

1299 1397 1370 1434 Καὶ
1388 1395 1486 1433 οὔπω
1507 1398 1611 1434 τοῦτο
1641 1395 1751 1447 μέγα.
1771 1394 1862 1433 ἀλλὰ
1882 1396 1921 1433 τὸ
1947 1396 2067 1448 πολλῷ
2095 1394 2216 1434 τούτου
2240 1398 2329 1433 θαυ-

1299 1456 1512 1508 μαστότερον
1525 1472 1532 1479 ·
1554 1457 1714 1508 καθάπερ
1732 1455 1801 1509 γὰρ
1821 1456 2001 1508 εὐεργέτας
2020 1456 2079 1494 καὶ
2098 1455 2300 1508 προστάτας
2314 1484 2326 1503 ,

1296 1517 1388 1556 οὕτω
1401 1519 1493 1570 φιλεῖ
1506 1516 1584 1561 τοὺς
1603 1516 1647 1556 τὰ
1662 1521 1809 1556 τοιαῦτα
1823 1516 2082 1570 ἐργασαμένους
2096 1546 2105 1561 ,
2127 1516 2236 1561 οὕτως
2263 1516 2326 1556 εὗ-

1297 1591 1400 1628 χεται
1419 1575 1535 1614 πάντα
1553 1576 1667 1619 αὐτοῖς
1682 1576 1841 1627 γενέσθαι
1857 1575 1901 1614 τὰ
1922 1575 2048 1626 ἀγαθά.
2077 1576 2202 1615 Καίτοι
2214 1575 2250 1614 τί
2262 1590 2327 1614 το·

1297 1641 1417 1675 σοῦτον
1441 1636 1574 1680 ἔδωκας
1594 1636 1634 1674 ἂν
1667 1639 1783 1688 αὐτῷ,
1803 1638 1832 1674 εἰ
1862 1636 2024 1689 μυριάκις
2044 1638 2146 1676 αὐτὸν
2177 1636 2325 1688 βασιλέα

1295 1701 1358 1744 τῆς
1385 1697 1589 1748 οἰκουμένης
1609 1697 1798 1745 ἐποίησας,
1818 1698 1876 1735 καὶ
1896 1698 1953 1736 ἐπὶ
1984 1698 2119 1750 μυρίοις
2148 1697 2242 1737 ἔτεσι
2259 1696 2325 1746 τὴν

1298 1758 1479 1810 βασιλείαν
1494 1759 1664 1803 ἐξέτεινας
1679 1775 1689 1806 ;
1703 1758 1815 1804 πόσης
1835 1759 2038 1810 ἁλουργίδος
2057 1758 2212 1798 τοῦτοτὸ
2231 1761 2321 1806 κτῆ-

1297 1835 1369 1871 μα,
1399 1820 1510 1867 πόσης
1531 1822 1666 1873 ἀρχῆς,
1694 1820 1806 1867 πόσης
1835 1819 1935 1866 δόξης
1958 1821 1997 1858 οὗ
2026 1820 2258 1873 τιμιώτερον;
2282 1819 2320 1859 τί

1295 1883 1357 1920 οὐκ
1372 1882 1414 1920 ἄν
1436 1898 1488 1926 τις
1503 1882 1706 1934 προήκατο,
1726 1881 1817 1920 ὥστε
1845 1881 1962 1934 ψυχὴν
1987 1882 2154 1928 τοιαύτην
2177 1879 2340 1929 λαὸεἶν;’

1296 1941 1401 1993 Ἐμοὶ
1431 1944 1524 1981 δοκεῖ
1545 1943 1604 1981 καὶ
1628 1941 1705 1985 τοὺς
1726 1943 1858 1995 σφόδρα
1878 1943 2145 1996 φιλοσωμάτους
2162 1944 2251 1982 ἑλεῖν
2277 1942 2319 1981 ἃν

1294 2003 1425 2050 ταύτης
1444 2008 1506 2051 τῆς
1526 2006 1616 2051 ζωῆς
1634 2009 1649 2024 “
1665 2004 1730 2050 τὴν
1759 2004 1961 2055 ἐπιθυμίαν.
1995 2004 2120 2043 Βούλει
2152 2004 2213 2043 καὶ
2243 2004 2321 2043 ἐτί-

1297 2069 1402 2116 ρωθεν
1422 2066 1485 2112 τὴν
1516 2066 1662 2116 δύναμιν
1691 2067 1774 2104 ἰδεῖν
1794 2069 1854 2103 τοῦ
1885 2065 2005 2117 ἀνδρὸς
2035 2066 2322 2120 θαυμαστοτέραν

1294 2125 1355 2163 καὶ
1374 2127 1541 2173 ἡδίστην,
1569 2128 1639 2165 ἀπὸ
1660 2127 1786 2180 μέρους
1813 2126 2060 2179 ταπεινοτέρου
2088 2126 2172 2176 μὲν,
2196 2127 2250 2165 σοὶ
2283 2127 2320 2166 δὲ

1295 2187 1451 2237 μάλιστα
1466 2187 1610 2234 ἡδίστου
1623 2204 1632 2235 ;
1647 2188 1704 2226 Τὰ
1723 2187 1785 2238 μὲν
1801 2187 1868 2240 γὰρ
1885 2187 2052 2240 εἰρημένα
2072 2188 2246 2226 δείκνυσιν
2262 2190 2322 2227 αὖ·

1292 2249 1352 2287 τὸν
1372 2252 1562 2302 ἂχείρωτον
1582 2249 1666 2287 ὄντα
1685 2249 1744 2287 καὶ
1766 2249 1944 2287 ἀνάλωτον
1957 2264 1964 2272 ·
1982 2248 2036 2286 ὅτι
2053 2248 2088 2286 δὲ
2105 2249 2165 2287 καὶ
2189 2250 2320 2302 ἐτέρων

1293 2311 1554 2363 προστήσεται,
1584 2310 1643 2348 καὶ
1675 2311 1710 2348 ἐν
1740 2309 1914 2361 ἀσφαλείᾳ
1939 2308 2156 2355 καταστήσει
2185 2311 2321 2360 πολλῇ,

1291 2376 1395 2411 τοῦτο
1409 2371 1494 2415 ἴσως
1516 2374 1629 2416 ζητεῖς
1647 2375 1781 2422 μαθεῖν.
1796 2373 1912 2410 Τοῦτο
1928 2370 1990 2420 μὲν
2012 2363 2072 2409 οὖν
2094 2371 2218 2423 πρώτη
2244 2370 2322 2410 leti

1292 2432 1491 2485 προστασία
1503 2462 1512 2479 ,
1531 2432 1570 2470 τὸ
1589 2432 1649 2470 καὶ
1667 2433 1803 2483 ἑτέρους
1822 2433 1871 2476 εἰς
1890 2432 1948 2470 τὸν
1977 2431 2080 2470 αὐτὸν
2100 2433 2204 2478 ζῆλον
2230 2433 2322 2483 ἀγα-

1292 2501 1364 2546 γεῖν
1377 2523 1386 2540 ,
1405 2494 1464 2532 καὶ
1483 2493 1574 2532 οὕτω
1601 2496 1748 2539 ποιῆσαι
1768 2492 1929 2545 ἰσχυρούς
1942 2508 1950 2516 ·
1970 2494 1999 2532 εἶ
2027 2492 2062 2530 δὲ
2097 2492 2147 2543 μὴ
2167 2494 2298 2531 θέλοιεν
2315 2522 2327 2542 ,

1293 2555 1384 2593 ἀλλὰ
1401 2555 1464 2601 τὴν
1486 2554 1798 2607 ἀνθρωπινωτέραν
1818 2553 1949 2600 ταύτην
1965 2553 2026 2591 καὶ
2043 2551 2168 2603 γηίνην
2186 2552 2318 2606 μετέρ-

1291 2631 1410 2667 χοιντο
1430 2614 1521 2661 ζωὴν
1535 2645 1544 2662 ,
1564 2615 1624 2652 καὶ
1641 2616 1675 2652 ἐν
1698 2613 1808 2664 ταύτῃ
1825 2614 1930 2651 πάλιν
1947 2613 2025 2665 ὄψει
2051 2614 2196 2662 δύναμιν
2212 2614 2317 2652 αὐτὸν

1292 2676 1419 2727 ἔχοντα
1433 2679 1492 2714 τοῦ
1509 2676 1736 2718 πλουτοῦντος
1753 2690 1814 2713 σου
1835 2674 1977 2724 μείζονα
1991 2674 2050 2712 τὸν
2065 2674 2174 2724 μηδὲν
2189 2674 2316 2727 ἔχοντα

1294 2736 1338 2773 δι’
1358 2738 1441 2774 αὐτὸ
1461 2741 1562 2774 τοῦτο
1581 2735 1736 2786 μάλιστα
1755 2735 1793 2772 τὸ
1807 2733 1916 2784 μηδὲν
1934 2734 2039 2786 ἔχειν.
2055 2734 2121 2778 Τίς
2139 2735 2208 2786 γὰρ
2223 2736 2316 2785 μετὰ

1291 2798 1448 2841 πλείονος
1468 2796 1621 2841 ἐξουσίας
1641 2795 1833 2840 διαλέξεται
1853 2796 1989 2846 βασιλεῖ
2011 2795 2070 2833 καὶ
2087 2796 2315 2847 ἐπιτιμήσεις

1291 2857 1362 2898 σὺὸ
1379 2862 1530 2897 τοσαῦτα
1547 2856 1772 2907 κεκτημένος,
1789 2856 1848 2893 καὶ
1866 2856 2052 2898 ὑπεύθυνος
2068 2856 2116 2894 ὧν
2132 2856 2189 2896 διὰ
2204 2861 2316 2897 ταῦτα

1290 2920 1350 2958 καὶ
1367 2925 1438 2962 τοῖς
1457 2919 1588 2958 ἰκείνου
1605 2919 1738 2960 δούλοις
1753 2946 1763 2964 ,
1788 2916 1848 2955 καὶ
1863 2917 1952 2968 ὑπὲρ
1977 2917 2140 2956 ἁπάντων
2161 2919 2316 2971 τρέμων,

1289 2981 1348 3020 καὶ
1373 2980 1500 3033 μυρίας
1532 2982 1627 3031 αὐτῷ
1656 2978 1821 3030 παρέχων
1849 2978 1979 3024 λαόὰς,
1997 2981 2025 3016 εἰ
2058 2979 2218 3029 βούλοιτό
2237 2979 2254 3001 ⁸
2273 2995 2314 3020 σι

1288 3058 1330 3082 αο
1317 3044 1401 3081 ικεῖ
1403 3059 1420 3079 ν
1439 3041 1654 3094 ὀργισθεις,ἢ
1675 3035 1772 3084 οὗτος
1789 3042 1808 3078 ὁ
1828 3043 1897 3078 τῶν
1919 3039 2050 3078 ἐκείνου
2069 3044 2198 3092 χιιρῶν
2217 3041 2312 3080 ἀνώ-

1289 3118 1386 3157 τερος
1404 3103 1476 3150 ὤν;
1500 3103 1685 3141 Ιῐασιλιῦσι
1706 3100 1769 3151 μὲν
1798 3100 1867 3151 γὰρ
1892 3096 1986 3139 οὗτοι
2018 3102 2174 3151 μάλιστα
2200 3101 2314 3141 διελί-

1291 3170 1427 3218 χθησαν
1461 3165 1538 3214 μετ’
1557 3162 1712 3207 ἐξουσίας
1733 3162 1885 3209 πολλ’ἦς,
1904 3163 1978 3200 ὅσοι
2008 3177 2149 3200 παντων
2179 3162 2313 3214 (γίνον-

1288 3243 1327 3266 το
1358 3229 1428 3264 τῶν
1465 3226 1638 3276 βιωτικῶν
1672 3224 1780 3266 ἐκτός.
1812 3224 1894 3262 Τίνι
1914 3223 1948 3261 δὲ
1979 3225 2110 3274 μᾶλλον
2139 3223 2220 3268 ‘Qu
2250 3223 2310 3261 καὶ

1345 3367 1362 3394 l·
1388 3365 1492 3397 Snvil.
1514 3373 1545 3397 et
1575 3363 1688 3396 Mon-t.
1725 3379 1753 3397 er
1786 3367 1892 3397 ἀιῗιιιῐν
1916 3368 2075 3406 ‹sp-froom,
2093 3361 2161 3396 ‹luo
2183 3363 2257 3396 Mu.
2277 3379 2307 3398 οι

1300 3422 1428 3450 &ivm
1449 3422 1515 3459 6¹27.
