2549 3825
961 301 1017 330 1)ss
1055 302 1203 331 vttthN
1215 303 1364 332 {TATE

136 388 311 438 λογισμῶν
342 386 408 422 τῶν
440 382 581 435 ἀγιονων
617 382 844 434 ὑστερηκέναι
879 382 1024 430 τούτων,
1048 383 1128 435 φέρε
1144 383 1586 434 ,2791nissis(Animal15
1608 386 1709 421 enim
1728 384 1839 420 homo
1863 396 1940 419 non
1965 384 2070 432 capit
2093 397 2178 434 quae
2203 396 2226 414 ι-
2264 392 2327 413 ⁴⁴¹
2352 393 2382 412 2·

2118 290 2171 343 ,ἧι

136 464 212 491 τους
232 445 374 499 ἐχθρους
394 445 536 496 ἀφέντες
549 444 737 496 (Ψυχικὸς
755 442 823 517 γὰρ
838 442 1019 493 ἄνθρωπος
1038 444 1076 480 οὐ
1099 443 1155 481 δέ-
1180 446 1206 475 Α
1225 444 1388 494 szrttuz
1398 452 1503 491 sunt
1516 447 1654 495 quippe
1667 457 1752 495 quae
1765 447 1842 480 sint
1854 442 2100 493 asculana),
2117 435 2210 493 qui1

136 523 236 559 χεται
266 506 310 545 τὰ
341 509 401 544 τοῦ
433 505 658 556 Πνεύματος,
681 502 797 556 μωρία
821 503 890 555 γὰρ
918 505 1011 555 αὖτῳ
1037 504 1156 549 ἐστιν)

136 569 212 612 τοὺς
240 566 558 619 προσποιουμένους
589 559 678 603 εἶναι
711 565 785 615 μεθ’
813 567 935 614 ἡμῶν,
966 542 1156 613 διδάξωμεν

137 625 340 678 ἀμφότερα,
360 628 406 668 ὡς
432 624 510 662 οὔτε
541 624 581 662 τὸ
609 629 758 675 πρᾶγμα
785 622 968 674 περιττὸν,
989 621 1079 661 ἀλλὰ
1098 621 1158 660 καὶ

136 686 271 738 σφόδρα
296 685 470 738 χρήσιμον
497 684 557 722 καὶ
588 683 777 735 ἀναγκαῖόν
804 685 918 729 ἔστιν,
945 682 1023 721 οὔτε
1045 684 1159 724 αὐτοῖς

138 749 286 798 ἀζήμιος
304 751 326 794 ἡ
350 747 494 794 τοιαύτη
517 745 725 797 κατηγορία,
747 745 838 783 ἀλλὰ
856 747 1021 782 τοσοῦτον
1043 745 1160 787 αὖτοῑς

138 808 225 847 οἴσει
243 808 300 846 τὸν
328 808 484 846 κίνδυνον
499 837 509 855 ,
523 807 603 846 ὅσον
628 812 699 849 τοῖς
720 809 928 856 κατορθοῦσι
946 805 1006 844 τὸν
1037 804 1158 854 μισθὸν

139 869 199 906 καὶ
217 869 275 906 τὸν
292 867 446 906 ἔπαινον.
458 867 606 913 Ἐπειδὴ
631 867 698 918 γὰρ
714 870 732 904 ὁ
746 866 886 917 σύμπας
907 860 1004 908 οἶτος
1032 865 1162 915 κόσμος

141 929 354 982 ἀπήρτιστο,
373 929 433 966 καὶ
451 927 566 966 πάντα
584 928 795 979 ηὐτρέπιστο
821 926 866 964 τὰ
884 926 970 978 πρὸς
997 927 1161 964 ἀνάπαυ-

141 1006 196 1028 σιν
226 990 284 1028 καὶ
311 992 438 1042 χρῆσιν
467 988 530 1035 τὴν
555 988 729 1041 ἡμετέραν
748 1015 758 1033 ,
783 988 914 1025 ἔπλασε
938 987 995 1025 τὸν
1030 987 1164 1038 ἄνθρω-

141 1067 205 1090 πον
220 1054 238 1089 ὃ
256 1051 345 1094 Θεὸς
357 1080 366 1097 ,
382 1051 426 1088 δι’
448 1050 484 1089 ὃν
507 1049 568 1088 καὶ
585 1049 644 1087 τὸν
663 1049 795 1099 κόσμον
814 1049 971 1094 ἐποίησε.
988 1048 1164 1091 Πλασθεὶς

142 1110 217 1149 δὲ’
201 1115 330 1155 εκεῖνος
357 1111 491 1161 ἔμεινεν
521 1111 556 1148 ἐν
580 1109 806 1161 παραδείσῳ,
831 1109 892 1147 καὶ
918 1109 1033 1160 γάμου
1065 1109 1165 1159 λόγος

141 1166 286 1214 οὐδεὶςῗ
263 1186 318 1218 ην·
335 1171 473 1219 ἐδέησεν
494 1172 586 1209 αὐτῶ
606 1170 765 1222 γενέσθαι
781 1187 840 1208 και
859 1171 995 1221 βοηθὸν,
1011 1170 1070 1207 καὶ
1086 1170 1166 1221 ἐγέ-

143 1246 232 1269 νετο·
249 1247 308 1270 και
328 1231 405 1270 οὐδὲ
429 1233 537 1276 οὕτως
555 1235 573 1270 ὃ
591 1231 703 1283 γάμος
722 1232 907 1282 ἀναγκαῖος
932 1234 1019 1269 εἶναι
1038 1230 1162 1268 εδόκει.

143 1292 236 1330 Ἀλλ’
256 1292 334 1331 οὐδὲ
362 1292 520 1345 ἐφαίνετό
533 1297 636 1341 εἴπω,
657 1294 735 1330 ἀλλ’
759 1292 878 1342 ἔμενον
899 1294 1022 1330 ἐκεῖνοι
1043 1291 1165 1329 τούτου

145 1353 253 1405 χωρὶς
271 1353 428 1406 καθάπερ
447 1356 480 1392 ἐν
500 1355 632 1405 οὐρανῷ
646 1355 696 1405 τῷ
716 1352 919 1406 παραδείσῳ
931 1352 1166 1402 διαιτώμενοι,

146 1414 206 1452 καὶ
225 1416 454 1467 ἐντρυφῶντες
472 1417 515 1465 τῇ
535 1413 620 1465 πρὸς
636 1415 725 1452 Θεὸν
742 1413 878 1466 ὁμιλία·
900 1413 1024 1463 μίξεως
1040 1413 1076 1450 δὲ
1092 1415 1167 1451 ε’πι·

147 1475 255 1524 θυμία
279 1475 339 1512 καὶ
373 1475 543 1526 σύλληψις
572 1474 632 1512 καὶ
669 1475 789 1517 ὠδῖνες
808 1475 868 1512 καὶ
897 1474 993 1512 τόκοι
1017 1474 1077 1511 καὶ
1099 1480 1169 1511 πᾶν

149 1528 235 1578 εἶδος
260 1539 388 1588 φθορᾶς
409 1535 573 1588 ἓξώριστο
597 1538 659 1581 τῆς
683 1535 820 1572 ἐκείνων
849 1536 974 1586 ψυχῆς·
994 1533 1114 1585 ὥσπερ
1133 1534 1168 1572 δὲ

150 1598 281 1647 ῥεῖθρον
297 1596 382 1633 διεῦΝ
352 1596 397 1633 ·ὲο
403 1613 418 1639 ς
437 1597 476 1633 ἐκ
495 1599 649 1647 καθάρας
664 1611 713 1642 πη
716 1611 780 1645 γης
794 1595 934 1647 προϊὸν,
949 1594 1056 1638 οὕτως
1080 1590 1168 1641 ἦσαν

149 1659 183 1694 ἐν
214 1657 332 1695 εκείνω
356 1660 406 1694 τῶ
425 1657 547 1709 χωρίω
570 1673 614 1708 τῃ
642 1657 813 1707 παρθενίᾳ
832 1656 1079 1706 κοσμούμενοι.
1100 1656 1170 1694 Καὶ

150 1724 246 1756 πᾶσα
279 1718 357 1756 τότε
375 1721 397 1764 ἡ
419 1734 463 1769 γη
492 1717 621 1769 ἔρημος
646 1734 688 1764 ην
717 1717 928 1770 depo'wvzwv
950 1732 1052 1755 τουτο
1071 1718 1089 1756 ὃ
1112 1733 1170 1754 νυν

150 1777 343 1816 δεδοίκασιν
360 1782 454 1816 ουτοι
475 1781 506 1816 οἱ
524 1780 585 1824 τ’ῆς
607 1778 811 1828 οἰκουμένης
831 1793 1057 1829 μεριμνηται,
1076 1779 1107 1814 οἱ
1127 1777 1172 1816 τὰ

151 1838 212 1889 μὲν
238 1838 363 1890 ἐτέρων
394 1838 591 1882 σπουδαίως
619 1855 879 1892 μεριμνωντες,
910 1838 954 1877 τὰ
981 1839 1016 1878 δε
1039 1841 1170 1876 ἑαυτων

151 1898 225 1937 οὐδὲ
260 1901 386 1938 ἐννοεῖν
417 1899 621 1952 ἀνεχόμενοι
634 1929 644 1948 ,
668 1899 729 1938 καὶ
749 1900 836 1950 ὑπὲρ
866 1899 928 1950 μὲν
959 1903 1019 1937 τοῦ
1058 1902 1172 1936 κοινοῦ

151 1962 219 1997 τῶν
240 1960 430 2011 ἀνθρώπων
449 1960 639 2004 δεδοικότες
658 1961 776 2011 γένους
804 1959 853 2009 μή
880 1974 966 1998 ποτε
989 1959 1171 2012 ἐπιλείπῃ·

151 2024 213 2066 τῆς
232 2021 268 2058 δὲ
287 2021 375 2064 ἰδίας
397 2021 542 2064 ἕκαστος
565 2025 613 2064 ὡς
635 2021 819 2073 ἀλλοτρίας
838 2020 947 2063 οὕτως
967 2022 1174 2070 ἀμελοῦντες

153 2084 279 2133 ψυχῆς,
293 2082 354 2120 καὶ
368 2086 477 2120 ταῦτα
499 2082 681 2133 μέλλοντες
697 2082 784 2134 ὑπὲρ
800 2081 861 2132 μὲν
878 2081 1007 2127 ταύτης
1026 2082 1085 2119 καὶ
1105 2084 1173 2120 τῶν

155 2143 373 2194 μικροτάτων
389 2143 504 2182 ἕνεκεν
523 2143 678 2195 ἀκριὸεῖς
697 2146 921 2181 ἀπαιτεῖσθαι
937 2142 999 2186 τὰς
1018 2142 1174 2190 εὐθύνας,

153 2205 238 2256 ὑπὲρ
251 2204 286 2244 δὲ
299 2208 361 2251 τῆς
371 2208 440 2244 τῶν
452 2204 643 2256 ἀνθρώπων
655 2204 856 2255 ὀλιγότητος
865 2203 942 2242 οὐδὲ
955 2204 1012 2242 τὸν
1024 2204 1175 2256 τυχόντα

153 2266 252 2316 λόγον
264 2266 409 2317 ὑφέξειν.
421 2267 500 2304 Οὔκ
517 2260 606 2312 ἦσαν
621 2265 699 2303 τότε
715 2265 845 2311 πόλεις,
859 2265 934 2302 οὐδὲ
951 2264 1087 2316 τέχναι,
1099 2264 1174 2302 οὐδὲ

153 2325 272 2363 οἰκίαι·
287 2326 345 2364 καὶ
365 2326 432 2378 γὰρ
450 2325 652 2364 καὶτούτων
674 2328 753 2376 ὑμῖν
781 2326 845 2376 οὐχ
868 2328 914 2368 ὡς
940 2325 1041 2376 ἔτυχε
1064 2325 1173 2375 μέλει·

155 2388 232 2423 ἀλλ’
255 2389 317 2425 οὐκ
346 2381 388 2433 ἦν
423 2386 502 2424 τότε
529 2391 662 2434 ταῦτα,
689 2386 750 2424 καὶ
781 2386 878 2436 ὅμως
898 2385 960 2432 τὴν
999 2386 1175 2436 μακαρίαν

156 2447 290 2494 ἐκείνην
320 2447 411 2494 ζωὴν
438 2447 497 2486 καὶ
524 2449 643 2500 πολλῷ
670 2447 799 2492 ταύτης
819 2446 950 2496 ἀμείνω
976 2446 1071 2484 οὐδὲν
1099 2447 1177 2485 οὕτε

156 2508 348 2551 ἐνεπόδιζεν
378 2506 454 2546 οὔτε
482 2507 678 2546 ἐνέκοπτεν.
700 2506 848 2554 Ἐπειδὴ
887 2507 922 2544 δὲ
949 2506 1176 2558 παρήκουσαν

155 2572 215 2606 τοῦ
233 2570 337 2616 Θεοῦ,
350 2568 410 2606 καὶ
424 2568 559 2618 ἐγένετο
574 2571 618 2620 γῆ
636 2568 695 2606 καὶ
716 2568 860 2614 σποδὸς,
882 2567 1067 2606 ἀπώλεσαν
1088 2568 1178 2619 μετὰ

155 2633 217 2676 τῆς
237 2629 411 2683 μακαρίας
427 2630 561 2677 ἐκείνης
581 2631 755 2682 διαγωγῆς
779 2630 838 2668 καὶ
855 2630 894 2668 τὸ
913 2632 976 2675 τῆς
991 2630 1180 2681 παρθενίας

156 2690 172 2711 '¹
185 2691 303 2739 καλὸν,
321 2691 380 2730 καὶ
404 2691 492 2741 μετὰ
519 2696 579 2730 τοῦ
606 2693 698 2730 Θεοῦ
727 2691 786 2729 καὶ
816 2691 902 2738 αὐτὴ
934 2693 1178 2731 καταλιποῦσα

159 2750 282 2796 αὐτοὺς
301 2750 537 2804 ἀνεχώρησεν.
556 2751 653 2795 “1⁴qu
671 2751 732 2802 μὲν
748 2752 815 2803 γὰρ
829 2746 917 2798 ἦσαν
938 2753 1110 2791 ἀνάλωτοι
1129 2755 1179 2806 τῷ

159 2812 325 2863 διαὸόλῳ,
342 2813 401 2851 καὶ
416 2814 472 2851 τὸν
488 2814 670 2859 Δεσπότην
691 2815 835 2864 ᾐδοῦντο
851 2814 909 2851 τὸν
925 2814 1052 2860 αὐτῶν,
1067 2814 1179 2864 παρέ-

161 2888 242 2922 μενε
262 2874 320 2911 καὶ
336 2876 357 2920 ἡ
374 2874 542 2925 παρθενία
561 2877 742 2924 κοσμοῦσα
761 2874 884 2916 αὐτοὺς
903 2876 1034 2924 μᾶλλον
1058 2874 1080 2920 ἢ
1102 2874 1179 2916 τοὺς

161 2934 314 2983 βασιλεῖς
327 2934 367 2972 τὸ
385 2934 553 2984 διάδημα,
569 2935 628 2972 καὶ
647 2935 690 2972 τὰ
707 2935 833 2985 ’ἱμάτια
852 2934 895 2972 τὰ
915 2941 1040 2986 χρυσᾶ·
1058 2934 1177 2980 ἐπειδὴ

161 2992 197 3031 δὲ
212 2993 431 3045 αἰχμάλωτοι
443 2995 618 3046 γενόμενοι
631 2995 694 3042 τὴν
713 2996 899 3047 βασιλικὴν
912 2996 1040 3042 ταύτην
1056 2996 1180 3033 ἀπεδύ-

163 3068 267 3091 σαντο
285 3053 426 3102 στολὴν,
442 3055 501 3093 καὶ
516 3055 575 3094 τὸν
589 3056 744 3109 οὐράνιον
762 3057 928 3095 ἀπέθεντο
950 3057 1092 3106 κόσμον,
1108 3056 1179 3093 ἐδέ-

163 3112 264 3157 ξαντο
282 3113 396 3161 δὲτὴν
412 3115 558 3154 ἀπὸτοῦ
578 3117 726 3155 θανάτου
748 3117 892 3169 φθορὰν,
913 3117 971 3155 καὶ
991 3117 1054 3162 τὴν
1074 3116 1178 3168 ἀρὰν,

163 3175 221 3213 καὶ
242 3174 305 3222 τὴν
322 3175 464 3224 ὀδύνην,
485 3177 544 3214 καὶ
566 3177 624 3215 τὸν
647 3178 810 3216 ἐπίπονον
833 3179 922 3228 βίον,
938 3177 1014 3215 τότε
1035 3179 1052 3214 ὃ
1071 3179 1181 3227 γάμος

165 3235 402 3289 ἐπεισέρχεται
415 3237 502 3287 μετὰ
510 3238 655 3286 τούτων,
663 3239 702 3276 τὸ
713 3240 834 3286 θνητὸν
846 3243 945 3275 τοῦτο
955 3239 1013 3276 καὶ
1027 3238 1181 3276 δουλικὸν

164 3296 364 3362 ἷμάτιονῖῼ
374 3299 442 3349 γὰρ
455 3298 734 3350 γοιμήσας,φησὶ,
745 3306 897 3351 μεριμνᾷ
911 3299 951 3337 τὰ
964 3304 1022 3337 τοῦ
1035 3299 1178 3348 κόσμου.

211 3428 223 3442 ⁴
248 3419 347 3450 Suvili
367 3421 398 3452 in
418 3428 508 3453 textu
524 3429 554 3453 et
573 3423 653 3463 Rvg.
674 3438 737 3456 mu.
755 3422 854 3453 Mori-t
881 3421 1041 3459 ,t'Luitiu¹
1062 3430 1091 3453 ct
1111 3422 1168 3452 Su·

170 3468 386 3512 vtt.;·d1m·rg
406 3486 461 3506 w...
483 3471 571 3505 lusi-n
590 3473 670 3515 Reg-
691 3480 824 3517 moutmſs
846 3479 969 3519 obsum.

1227 518 1263 541 se
1279 512 1378 542 nostr
1381 518 1419 542 os
1438 504 1592 556 fingunt,
1612 513 1803 554 utrumque
1818 502 2024 551 doceamus,
2041 513 2076 541 et
2092 513 2175 542 tan-

1228 573 1304 600 tum
1317 564 1438 602 abesse
1459 574 1498 602 ut
1514 579 1568 603 res
1582 565 1685 603 nauci
1701 565 1763 609 sit,
1780 573 1820 601 ut
1833 564 1943 602 valde
1959 565 2068 602 etiam
2082 566 2181 603 utilis

1227 623 1273 660 sit
1291 637 1331 661 ac
1351 626 1560 672 necessaria,
1581 639 1694 676 neque
1710 625 1973 662 accusationem
1987 639 2063 663 eam
2083 626 2179 678 ipsos

1228 682 1375 734 impune
1392 683 1528 721 laturos
1541 713 1550 731 ‚
1564 683 1627 722 sed
1649 692 1786 721 tantum
1807 682 1853 720 iis
1871 683 2021 734 periculi
2048 685 2180 722 allatu-

1228 756 1320 787 ram,
1343 751 1517 793 quantum
1536 744 1767 795 praemiorum
1786 752 1892 793 atque
1910 743 2026 781 laudis
2044 744 2102 793 iis,
2119 746 2182 795 qui

1228 803 1475 853 virginitatem
1511 803 1698 842 coluerint.
1739 803 1834 841 Nam
1875 803 1944 840 hoc
1982 813 2182 841 constructo

1230 863 1388 911 mundo,
1405 872 1440 901 et
1460 863 1507 900 iis
1526 863 1661 914 paratis
1674 892 1684 911 ,
1699 877 1777 913 quae
1791 863 1837 900 ad
1856 863 2012 913 quietem
2031 872 2064 900 et
2080 878 2184 901 usum

1231 932 1393 961 nostrum
1416 923 1689 973 conducebant,
1715 926 1812 961 Deus
1836 923 2020 962 hominem
2048 924 2154 962 finxit
2174 956 2183 973 ,

1233 985 1334 1036 cujus
1364 983 1471 1021 etiam
1499 997 1604 1021 causa
1630 984 1808 1022 mundum
1842 984 2036 1022 fabricatus
2065 994 2127 1022 est.
2154 987 2185 1023 Is

1233 1059 1318 1082 vero
1333 1045 1506 1082 formatus
1528 1044 1564 1082 in
1589 1043 1760 1097 paradiso
1779 1044 1954 1096 degebat,
1975 1059 2039 1083 nec
2058 1046 2188 1083 matri·

1234 1105 1344 1143 monii
1364 1105 1437 1142 ulla
1456 1104 1609 1153 mentio;
1625 1118 1717 1156 opus
1732 1115 1805 1143 erat
1819 1105 1851 1142 ei
1865 1105 1972 1143 etiam
1988 1104 2186 1157 adju11·ice;

1189 1173 1214 1203 B
1234 1166 1395 1203 adhibita
1414 1174 1465 1203 est
1479 1178 1539 1203 :ne
1551 1165 1602 1203 sic
1616 1165 1764 1216 quidem
1782 1167 2053 1204 matrimonium
2070 1167 2192 1204 visum

1239 1226 1474 1266 necessarium
1501 1235 1565 1267 est.
1590 1228 1642 1265 Ac
1660 1240 1772 1277 neque
1787 1227 1875 1265 dum
1900 1229 2062 1266 exstabat
2078 1259 2088 1273 ‚
2107 1237 2138 1264 et
2156 1227 2192 1264 in

1236 1288 1403 1340 paradiso
1423 1287 1522 1325 velut
1542 1287 1627 1325 caelo
1646 1288 1802 1338 quodam
1818 1291 1894 1340 ejus
1910 1298 2071 1340 expertes
2086 1289 2195 1338 dege-

1236 1349 1336 1394 bant,
1346 1357 1450 1399 atque
1463 1348 1499 1384 in
1510 1348 1578 1384 Dei
1593 1348 1848 1386 consuetudine
1870 1349 2079 1387 suavissime
2091 1349 2192 1399 quic-

1238 1409 1394 1447 scebant.
1420 1407 1598 1445 Miscendi
1629 1417 1748 1445 autem
1779 1410 1937 1461 corporis
1958 1410 2084 1455 ardor,
2105 1424 2195 1448 con-

1238 1468 1372 1520 ceptio,
1387 1468 1550 1516 dolores,
1567 1477 1690 1519 partus
1708 1498 1718 1513 ,
1737 1477 1843 1519 atque
1859 1484 1962 1507 omne
1980 1485 2090 1522 genus
2117 1486 2195 1510 cor-

1239 1529 1387 1580 ruptelae
1419 1543 1464 1566 ex
1496 1543 1618 1566 eorum
1642 1529 1769 1567 animis
1800 1532 1986 1568 exsulabat
2002 1562 2013 1581 ‚
2036 1542 2069 1570 et
2099 1534 2195 1571 velut

1239 1589 1354 1626 amnis
1369 1590 1578 1641 perspicuus
1592 1603 1609 1626 e
1622 1590 1759 1640 liquido
1772 1591 1867 1628 fonte
1877 1605 2034 1639 manans,
2045 1594 2095 1630 sic
2107 1594 2196 1631 inibi

1239 1648 1391 1698 agebant
1413 1648 1622 1699 virginitate
1639 1649 1769 1688 ornati.
1791 1652 1840 1686 Ac
1861 1659 1935 1687 tum
1950 1660 2023 1688 erat
2044 1661 2135 1689 terra
2151 1653 2195 1690 ab

1241 1707 1448 1744 hominibus
1464 1721 1599 1755 vacua3
1621 1707 1658 1744 id
1678 1708 1775 1757 quod
1792 1722 1885 1746 nunc
1902 1719 2069 1748 verentur
2083 1711 2119 1748 hi
2141 1726 2195 1749 or-

1239 1767 1297 1805 bis
1312 1777 1504 1814 curatores,
1519 1769 1580 1819 qui
1605 1782 1687 1806 cum
1703 1768 1748 1806 de
1761 1769 1884 1807 alienis
1903 1771 1993 1808 serio
2007 1772 2196 1810 solliciten-

1196 1848 1220 1878 ς
1241 1837 1314 1876 tur,
1330 1828 1376 1866 de
1394 1829 1467 1867 suis
1491 1843 1533 1866 ne
1548 1829 1704 1879 cogitare
1715 1829 1861 1880 quidem
1873 1833 2047 1870 sustinent
2060 1850 2070 1882 3
2083 1834 2198 1884 deque

1242 1889 1429 1927 hominum
1438 1890 1692 1927 communitate
1703 1890 1900 1928 ueiutereat
1911 1893 2022 1937 auxii,
2038 1894 2198 1932 animuin

1243 1963 1348 1987 suum
1364 1958 1548 2000 tamquam
1568 1950 1726 1987 alienum
1741 1950 1874 2001 singuli
1898 1952 2097 2004 negligunt,
2117 1969 2198 1992 cuin

1243 2010 1288 2047 ad
1305 2024 1385 2048 eum
1399 2010 1495 2061 quod
1510 2010 1648 2058 attinet,
1662 2010 1719 2048 vel
1735 2011 1781 2048 de
1793 2012 1951 2050 minimis
1965 2015 2070 2052 relius
2083 2030 2200 2054 severe

1243 2070 1290 2108 ad
1317 2084 1459 2122 poenam
1485 2070 1637 2108 vocandi
1655 2071 1739 2117 sint,
1760 2080 1793 2109 et
1822 2072 1920 2122 quod
1947 2073 1992 2110 ad
2014 2074 2198 2113 homiuum

1244 2131 1368 2168 attinet
1385 2131 1601 2182 paucitatem
1614 2160 1625 2179 ‚
1643 2145 1706 2169 nec
1729 2131 1911 2170 levissime
1928 2134 2100 2173 rationem
2119 2136 2200 2174 red-

1243 2191 1368 2232 dituri,
1400 2192 1479 2229 Non
1506 2200 1607 2229 erant
1631 2201 1706 2230 tum
1737 2193 1869 2244 oppida
1883 2224 1894 2241 ‚
1916 2207 1985 2232 nou
2005 2205 2109 2239 artes,
2131 2211 2200 2235 uon

1243 2251 1531 2298 domus;etenim
1549 2251 1624 2289 haec
1647 2266 1788 2302 quoque
1806 2267 1876 2291 non
1899 2255 2087 2294 minimum
2099 2272 2199 2294 curu-

1245 2309 1312 2356 tis;
1331 2309 1391 2346 sed
1416 2309 1490 2347 haec
1510 2324 1579 2347 non
1607 2319 1725 2357 erant,
1745 2320 1775 2349 et
1792 2311 1882 2349 nihil
1913 2322 2029 2351 tamen
2060 2315 2199 2353 beatum

1246 2368 1347 2406 itiam
1362 2369 1473 2406 vitam
1493 2378 1598 2420 atque
1618 2370 1684 2407 hac
1701 2371 1806 2422 longe
1825 2373 2012 2410 meliorem
2028 2375 2200 2426 impedie-

1245 2429 1307 2466 bat
1323 2438 1384 2466 aut
1403 2429 1585 2467 turbabat.
1607 2434 1652 2468 At
1672 2440 1862 2482 postquam
1880 2434 1954 2470 Deo
1975 2448 2043 2471 uon
2063 2436 2200 2473 obtem-

1247 2500 1436 2542 perarunt,
1458 2499 1491 2527 et
1512 2499 1604 2528 terra
1625 2500 1730 2541 atque
1748 2492 1838 2529 cinis
1856 2494 1971 2530 effecti
1991 2504 2072 2531 suut
2088 2525 2096 2537 ,
2116 2510 2197 2533 cuin

1248 2550 1350 2588 beata
1373 2564 1413 2587 ea
1441 2550 1514 2588 vita
1533 2551 1751 2599 virginitatis
1771 2553 1876 2589 etiam
1898 2552 2007 2590 decus
2027 2555 2197 2606 pendide-

1249 2620 1348 2658 ruut‚
1361 2620 1466 2661 atquc
1486 2625 1554 2648 una
1569 2624 1650 2648 cum
1667 2612 1740 2649 Deo
1757 2613 1862 2650 etium
1884 2614 1943 2650 itta
1964 2628 2021 2651 cus
2036 2615 2200 2653 dost-rens

1249 2671 1410 2709 abcessit.
1436 2673 1526 2709 Nam
1555 2672 1729 2721 quamdiu
1765 2687 1784 2709 a
1812 2672 1956 2710 diabolo
1977 2675 2100 2712 invicti
2124 2678 2198 2714 Du-

1250 2732 1389 2770 miuum
1408 2746 1512 2769 suum
1534 2733 1795 2776 reiteretmunu·‚
1816 2734 1977 2772 maun-but
1997 2737 2197 2786 virginitas.

1249 2806 1307 2830 cos
1322 2806 1496 2829 exornans
1512 2792 1624 2842 iungis
1638 2807 1744 2842 quain
1758 2807 1854 2842 reges
1871 2795 2033 2833 diadema
2049 2807 2080 2834 et
2096 2812 2202 2835 aurea

1251 2853 1474 2891 vestimenta.
1501 2855 1545 2890 At
1579 2853 1638 2889 ubi
1670 2854 1804 2904 captivi
1818 2884 1826 2899 ,
1848 2856 1944 2904 regio
1971 2857 2036 2894 hoc
2069 2859 2202 2896 :iniit-tu

1255 2923 1387 2964 erepto,
1403 2914 1610 2964 abjectuque
1627 2914 1757 2951 cavit-sti
1778 2924 1920 2958 ornatu.
1941 2918 2065 2955 mortis
2079 2933 2204 2956 mrru·

1264 2974 1408 3025 ptr-laun,
1419 2975 1503 3016 iras,
1517 2974 2195 3030 t·1·11ci;·tuns‚;1trmuninusacceperuut.

1257 3049 1330 3077 tuin
1349 3054 1431 3077 νιϊω
1451 3054 1531 3076 cum
1550 3039 1592 3075 iis
1613 3039 1879 3077 nisui-iuwninm
1903 3042 2010 3079 ,subiit
2025 3073 2032 3084 ,
2058 3044 2205 3080 nun-mh·

1256 3106 1320 3142 hot·
1339 3114 1371 3141 ct
1386 3104 1513 3141 serviit·
1529 3103 1796 3145 xvstiineututu:
1814 3118 1894 3141 naui
1914 3107 2086 3154 Quicum
2101 3122 2200 3144 uro-
2226 3124 2249 3141 ι.
2282 3125 2287 3138 ·
2329 3130 2332 3134 ’
2381 3125 2389 3129 ⁴

1256 3179 1363 3208 reest
1382 3200 1388 3210 ,
1407 3169 1534 3218 iuquit,
1554 3182 1681 3204 eorum
1700 3169 1888 3205 sollicitus
1908 3179 1960 3206 rs!
1981 3199 1989 3210 .
2007 3185 2092 3220 quw
2116 3181 2200 3209 unit
2223 3181 2246 3185 ’·
2266 3182 2269 3184 ·

1259 3233 1402 3268 mmuh.
1425 3229 1553 3268 tuton·
1576 3229 1670 3266 uude
1690 3230 1829 3267 initium
1848 3231 2011 3268 imbuerit
2027 3232 2204 3270 matrimu-

1258 3299 1379 3339 uiuiu,
1402 3297 1493 3333 und«-
1513 3296 1746 3333 iiccessariiuu
1769 3297 1885 3334 visum
1913 3297 1982 3333 siti'
2008 3298 2059 3333 :Ut
2081 3298 2182 3334 ιίιυΙη·

1251 3423 1263 3443 ι·
1291 3421 1367 3460 ιιι-μ,
1392 3422 1495 3455 ωηο,

2230 3159 2257 3181 Η
