2549 3825
936 264 992 296 1)ss
1029 266 1204 297 LAZARO
1241 268 1408 298 CONCIO
1444 267 1508 298 vt.

200 347 442 401 παρεστήκασι
473 349 655 400 νήφοντες,
685 347 775 387 Τίνα
806 348 944 387 καλέσω
981 350 1118 397 δοῦλον,
1155 351 1213 388 τὸν

198 408 370 461 νήφοντα,
401 408 423 456 ἢ
454 408 512 447 τὸν
551 408 742 458 μεθύοντα,
769 409 826 447 τὸν
863 410 980 448 δοῦλον
1014 410 1216 462 ἀνθρώπου,

197 468 219 515 ἢ
253 470 312 508 τὸν
343 469 567 522 αἰχμάλωτον
611 468 759 516 πάθους;
787 470 942 514 Ἐκεῖνος
967 470 1030 518 τὴν
1059 471 1216 510 δουλείαν

195 529 323 574 ἔξωθεν
347 530 438 582 ἔχει,
466 523 562 572 οἶτος
594 528 657 576 τὴν
682 530 928 580 αἰχμαλωσίαν
955 531 1086 570 ἔνδοθεν
1119 547 1219 582 περι-

2142 255 2203 316 9ss
2217 273 2227 300 t

1284 364 1369 388 vero
1394 350 1535 391 adstant
1560 351 1695 389 sobrii?
1717 353 1847 390 Utrum
1875 352 2062 404 appellabo
2081 366 2236 399 servum,

1287 409 1445 446 sobrium
1462 422 1504 446 an
1520 408 1685 446 ebrium?
1700 423 1840 447 servum
1855 409 2027 455 hominis,
2044 423 2088 447 an
2105 412 2235 448 manci-

1284 468 1386 520 pium
1405 468 1512 506 vitii?
1530 469 1596 507 Ille
1621 469 1828 507 servitutem
1847 470 2004 507 exterius
2028 470 2148 518 habet,
2174 471 2235 509 hic

1284 529 1526 581 captivitatem
1543 530 1639 568 intus
1654 530 1868 568 circumfert.
1885 531 1969 569 Haec
1985 545 2049 582 ego
2065 531 2158 579 dico,
2176 547 2235 570 ne-

197 591 304 643 φέρει.
335 592 459 629 Ταῦτα
490 589 604 640 λέγω,
631 590 691 627 καὶ
721 590 832 642 λέγων
863 593 901 629 οὐ
923 590 1126 640 παύσομαι,
1161 591 1218 629 ἵνα
1240 602 1263 631 ι)
1284 604 1352 639 que
1371 589 1488 628 dicere
1515 591 1672 637 cessabo,
1703 600 1743 628 ut
1765 591 1810 629 de
1839 591 1957 639 rebus,
1976 602 2084 644 prout
2111 606 2233 631 earum

196 651 301 704 ἔχητε
340 650 482 703 γνώμην
513 655 528 671 ⁰
543 652 768 689 διακονοῦσαν
803 655 872 690 τῶν
911 652 1131 703 πραγμάτων
1172 655 1216 704 τῇ

195 710 317 761 φύσει,
352 711 412 748 καὶ
441 710 488 761 μὴ
522 711 704 763 ἀπάγησθε
734 714 777 763 τῇ
808 715 876 750 τῶν
916 714 1054 750 πολλῶν
1083 713 1216 764 ἀπάτῃ,

196 772 274 809 ἀλλ’
304 772 435 818 εἰδῆτε,
464 770 500 808 τί
526 772 667 819 δοῦλος,
696 773 730 810 τί
755 772 880 819 πένης,
908 772 944 810 τί
974 772 1160 823 δυσγενὴς,
1182 772 1217 810 τί

196 832 367 884 μακάριος
380 862 389 880 ,
405 833 439 870 τί
458 831 578 876 πάθος.
601 832 688 871 Ἐὰν
706 832 773 884 γὰρ
795 833 929 883 μάθητε
946 837 1057 870 ταῦτα
1082 833 1216 884 διακρί-

195 908 284 941 νειν,
304 893 424 932 οὐδένα
451 892 690 939 ὖποστήσεσθε
708 893 862 945 θόρυόον.
893 893 985 931 Ἀλλ’
1011 892 1068 930 ἵνα
1095 893 1143 943 μὴ
1176 893 1216 931 τὸ

194 954 366 1007 πάρεργον
379 958 440 993 τοῦ
455 954 557 1004 λόγου
570 953 675 991 πλέον
686 953 868 1003 γενόμενον
885 953 1003 1005 ἀπάγῃ
1021 954 1078 992 τὸν
1095 953 1213 1004 λόγον,

194 1015 356 1067 ἐχώμεθα
375 1018 438 1062 τ’ῆς
466 1014 674 1056 ὑποθέσεως.
706 1009 818 1057 Οῧτος
846 1013 959 1052 τοίνυν
986 1017 1004 1052 ὃ
1030 1013 1215 1061 πλούσιος,

193 1076 313 1114 λοιπὸν
331 1074 366 1114 δὲ
385 1075 491 1122 πένης
506 1090 514 1098 ·
532 1076 664 1121 μᾶλλον
682 1074 748 1126 γὰρ
780 1074 886 1121 ἡνίκα
906 1075 1067 1113 ἐπλούτει
1078 1105 1088 1122 ,
1108 1075 1215 1121 πένης

193 1131 247 1184 ἦν.
272 1136 320 1174 Τί
352 1135 419 1188 γὰρ
450 1136 571 1188 ὄφελος
599 1135 770 1188 ἀνθρώπῳ
804 1135 971 1188 ἀλλότρια
998 1136 1133 1188 ἔχοντι,
1155 1137 1214 1174 καὶ

193 1197 237 1236 τὰ
268 1200 389 1236 ἑαυτοῦ
414 1200 476 1235 οὒκ
495 1198 632 1249 ἔχοντι;
652 1197 687 1235 τί
705 1197 825 1249 ὄφελος
853 1197 1025 1250 ἀνθρώπῳ
1044 1198 1213 1249 χρήματα

192 1260 418 1312 κεκτημένῳ,
437 1259 562 1310 ἀρετὴν
581 1258 615 1297 δὲ
637 1259 686 1309 μὴ
705 1259 934 1312 κεκτημένῳ,
955 1259 1003 1296 Τί
1023 1259 1215 1308 λαμὸάνεις

193 1320 237 1359 τὰ
264 1324 332 1359 τῶν
361 1321 496 1368 ἄλλων,
517 1319 576 1358 καὶ
604 1319 647 1357 τὰ
668 1319 713 1358 σὰ
733 1319 938 1367 ἀπολλύεις,
967 1318 1092 1372 Ἔχω,
1110 1320 1213 1372 φησὶ,

194 1380 314 1433 χώραν
351 1381 506 1433 εὔφορον.
552 1380 623 1419 Καὶ
651 1380 687 1418 τί
714 1384 842 1427 τοῦτο;
875 1379 962 1418 ἀλλὰ
992 1380 1110 1431 ψυχὴν
1152 1382 1214 1419 οὐκ

193 1442 286 1495 ἔχεις
319 1442 473 1495 εὔφορον.
502 1441 606 1494 Ἔχω
626 1441 839 1493 ἀνδράποδα.
867 1440 959 1480 Ἀλλ’
991 1441 1118 1493 ἀρετὴν
1154 1444 1215 1480 οὐκ

195 1502 414 1556 ἔχεις-Ἔχω
433 1503 676 1554 ἱμάτια-Ἀλλ’
697 1503 879 1541 εὐλάξειαν
897 1504 935 1542 οὗ
955 1502 1137 1550 κέκτησαι.
1158 1503 1215 1541 Τὰ

196 1563 258 1615 μὲν
293 1565 399 1602 ἄλλου
421 1564 530 1616 ἔχεις,
557 1563 601 1602 τὰ
629 1564 664 1602 δὲ
697 1563 743 1602 σὰ
773 1566 834 1602 οὐκ
861 1565 966 1616 ἔχεις.
987 1563 1072 1602 Ἐάν
1093 1563 1144 1607 τίς
1163 1580 1216 1602 σοι

195 1624 290 1677 δώσῃ
313 1625 626 1677 παρακαταθήκην,
649 1624 697 1675 μὴ
712 1624 866 1675 δύναμαί
889 1640 927 1662 σε
946 1625 1093 1663 καλέσαι
1112 1626 1217 1663 πλού·

195 1701 285 1734 σιον,
305 1687 410 1738 Οὐχί.
433 1685 501 1725 Διὰ
519 1686 574 1734 τί,
592 1685 772 1738 Ἀλλότρια
795 1684 864 1738 γὰρ
887 1685 1068 1732 κέκτησαι.
1102 1687 1217 1724 Τοῦτο

192 1747 260 1799 γὰρ
292 1746 574 1800 παρακαταθήκη
609 1746 719 1785 ἐστίν·
741 1746 811 1784 εἴθε
840 1746 907 1799 γὰρ
935 1747 1215 1798 παρακαταθήκη

196 1807 300 1857 μόνον
321 1803 388 1858 ἦν,
421 1807 481 1846 καὶ
505 1807 553 1858 μὴ
584 1806 769 1859 προσθήκη
791 1822 846 1846 σοι
872 1807 1043 1860 τιμωρίας
1074 1808 1216 1859 ἐγίνετο.

193 1867 292 1907 Ἰδὼν
321 1863 378 1908 οῦν
408 1872 426 1908 ὃ
452 1868 614 1912 πλούσιος
646 1868 704 1907 τὸν
743 1869 922 1922 Λάζαρον,
953 1869 1075 1920 λέγει·
1097 1870 1218 1921 Πάτερ

195 1929 355 1982 Ἂὸραὰμ
369 1960 379 1979 ,
399 1929 540 1977 ἐλέησόν
564 1946 618 1980 με.
644 1929 801 1977 Πένητος
821 1930 984 1982 ῥήματα,
1003 1930 1193 1982 προσαίτου
1206 1962 1216 1979 ,

1226 1976 1274 2001 785

1284 658 1407 687 natura
1422 650 1547 701 exigit,
1563 651 1733 699 sentiatis,
1747 665 1861 701 neque
1873 666 1990 689 errore
2002 652 2104 703 vulgi
2116 652 2235 691 abdu-

1283 710 1427 753 camini,
1443 711 1504 747 sed
1522 710 1609 760 quid
1629 725 1752 749 servus
1772 711 1818 749 sit
1835 712 2020 757 noveritis,
2038 712 2126 762 quid
2143 727 2233 764 pau-

1283 783 1361 820 per,
1389 770 1476 820 quid
1496 770 1678 820 ignobilis,
1700 771 1788 820 quid
1809 771 1945 821 beatus,
1977 772 2065 821 quid
2084 773 2229 813 vitium.

1283 830 1321 868 Si
1349 831 1443 867 enim
1472 830 1538 867 ista
1568 830 1769 881 dijudicare
1798 831 2016 877 didiceritis⁷
2046 833 2141 869 nulla
2169 848 2233 871 vos

1282 891 1504 941 perturbatio
1520 891 1697 941 percellet.
1714 890 1783 930 Sed
1800 905 1842 928 ne
1857 892 1952 941 quod
1966 892 2081 929 obiter
2095 893 2231 930 dictum

1282 959 1333 988 est
1352 951 1507 1002 amplius
1526 951 1590 988 fiat
1608 965 1663 997 eo,
1680 951 1724 988 de
1742 964 1813 1002 quo
1833 952 1965 1001 agitur,
1985 962 2018 990 et
2038 955 2233 991 orationem

1282 1011 1352 1050 alio
1380 1010 1560 1060 traducat,
1589 1012 1635 1049 ab
1661 1021 1870 1062 argumento
1899 1026 1969 1050 non
1995 1012 2232 1052 discedamus.

1283 1073 1351 1111 Hic
1362 1073 1474 1124 igitur
1487 1073 1600 1120 dives,
1613 1073 1780 1124 deinceps
1797 1087 1881 1111 vcro
1897 1088 2052 1126 pauper:
2067 1074 2139 1112 imo
2154 1089 2234 1114 vero

1281 1142 1358 1171 tum
1376 1147 1458 1171 cum
1477 1134 1606 1185 opibus
1626 1134 1846 1183 abundabat,
1873 1149 2009 1186 pauper
2028 1144 2115 1173 erat.
2136 1135 2233 1182 Quid

1281 1195 1373 1232 enim
1390 1193 1535 1246 prodest
1550 1193 1700 1242 homini,
1713 1194 1742 1231 si
1759 1194 1873 1232 aliena
1888 1195 2028 1243 habeat,
2041 1205 2075 1233 et
2088 1210 2150 1234 sua
2164 1210 2233 1234 non

1282 1255 1436 1293 habeat?
1456 1255 1546 1306 quid
1562 1255 1704 1307 prodest
1716 1255 1868 1304 homini,
1885 1256 1915 1293 si
1930 1257 2099 1308 pecunias
2115 1258 2234 1309 possi-

1279 1316 1373 1363 deat,
1393 1317 1564 1354 virtutem
1585 1330 1670 1354 vero
1689 1330 1758 1355 non
1779 1317 1980 1368 possideat?
2005 1318 2077 1354 Cur
2099 1332 2137 1355 ea
2155 1333 2234 1369 qua:

1281 1385 1363 1414 sunt
1381 1376 1534 1414 aliorum
1557 1376 1700 1428 accipis,
1717 1386 1749 1414 et
1765 1386 1823 1414 tua
1841 1378 1985 1429 perdis?
2005 1378 2159 1426 Villam,
2181 1380 2235 1416 in-

1283 1438 1374 1488 quit,
1402 1438 1553 1476 fertilem
1574 1438 1700 1476 habeo.
1721 1438 1818 1485 Quid
1840 1448 1891 1476 est
1910 1439 2005 1477 hoc?
2025 1449 2059 1477 at
2078 1441 2234 1478 animam

1283 1499 1434 1537 fertilem
1454 1512 1523 1544 non
1541 1499 1662 1537 habes.
1682 1499 1802 1537 Habeo
1821 1499 2012 1552 mancipia.
2031 1500 2102 1539 Sed
2117 1502 2233 1539 virtu-

1282 1570 1353 1598 tem
1370 1574 1439 1598 non
1456 1560 1575 1598 habes.
1591 1559 1712 1597 Habeo
1731 1559 1950 1597 indumenta.
1973 1561 2044 1599 Sed
2066 1561 2230 1613 pietatem
2265 1570 2437 1606 Depositum

1283 1636 1351 1660 non
1372 1621 1544 1674 possides.
1562 1620 1670 1668 Quod
1689 1620 1836 1659 alterius
1852 1630 1902 1660 est
1921 1622 2052 1670 habes,
2069 1631 2129 1660 tua
2152 1637 2233 1662 vero
2251 1618 2332 1682 “⁵:2¹¹
2359 1613 2437 1638 ‘mi‘

1284 1697 1352 1721 non
1373 1683 1493 1721 habes.
1522 1683 1560 1721 Si
1587 1683 1668 1733 quis
1695 1682 1898 1734 depositum
1928 1682 1995 1720 tibi
2025 1683 2229 1732 tradiderit,

1284 1757 1369 1781 num
1386 1752 1418 1782 te
1430 1743 1578 1783 divitem
1592 1757 1733 1795 possum
1750 1744 1897 1781 vocare?
1915 1744 2076 1782 Minime.
2092 1746 2234 1794 Quare?

1286 1805 1390 1852 Quod
1407 1805 1587 1858 possideas
1601 1805 1728 1842 aliena.
1748 1805 1823 1842 l‘loc
1837 1807 1932 1843 enim
1947 1814 1997 1843 est
2011 1805 2210 1857 depositum
2225 1823 2232 1843 ε

1285 1875 1389 1918 atque
1418 1866 1553 1904 utinam
1584 1865 1787 1918 depositum
1817 1875 1955 1904 tantum
1987 1877 2089 1915 esset,
2122 1882 2236 1916 neque

1285 1928 1438 1967 accessio
1463 1928 1527 1966 tibi
1557 1928 1724 1980 supplicii
1746 1928 1855 1965 fieret.
1875 1928 1964 1965 Cum
1986 1929 2133 1967 vidisset
2152 1944 2235 1982 ergo

193 1995 349 2043 πτωχοῦ.
384 1991 506 2043 Πάτερ
530 1990 710 2044 Ἀδραὰμ,
743 1991 883 2038 ἐλέησόν
917 2007 973 2042 με.
1009 1991 1058 2030 Τί
1087 1992 1215 2039 θέλεις;
1236 2013 1262 2042 A
1286 1990 1461 2028 Lazarum
1473 1988 2040 2035 dives‚ait:PaterAbraIzam‚
2058 1993 2236 2030 miserere
2252 2002 2312 2029 Lu.-
2335 2000 2435 2039 ιδῃ,

193 2051 340 2104 Πέμψον
360 2052 535 2104 Λάζαρον.
558 2051 626 2091 ιῸν
645 2052 806 2104 μυριάκις
825 2053 1066 2106 παρέδραμες,
1085 2053 1121 2091 ὃν
1139 2054 1217 2091 οὐδὲ

193 2114 276 2152 ἰδεῖν
308 2113 500 2162 ἠθέλησας,
527 2117 647 2152 τοῦτον
690 2117 747 2151 νῦν
784 2115 890 2157 αἰτεῖς
923 2114 1125 2165 πεμφθῆναί
1163 2131 1217 2153 σοι

193 2176 241 2218 εἷς
273 2175 467 2227 σωτηρίαν;
501 2174 649 2226 Πέμψον
676 2175 849 2226 Λάζαρον.
887 2174 957 2212 Καὶ
993 2179 1060 2213 ποῦ
1093 2180 1149 2214 νῦν
1185 2178 1216 2214 οἱ

193 2236 342 2288 οἰνοχόοι
371 2251 450 2283 σου;
478 2240 545 2274 ποῦ
575 2238 606 2273 οἱ
642 2235 814 2283 τάπητες,
848 2239 915 2274 ποῦ
944 2237 975 2274 οἱ
1008 2237 1215 2288 παράσιτοι,

193 2301 259 2335 ποῦ
287 2300 318 2336 οἱ
347 2297 513 2343 κόλακες;
547 2299 648 2335 ποῦὸ
666 2301 787 2348 τῦφος
817 2300 882 2335 ποῦ
908 2300 930 2344 ἦ
963 2297 1127 2345 ἀπόνοια,
1148 2303 1214 2336 ποῦ

192 2357 231 2396 τὸ
251 2358 392 2411 χρυσίον
425 2358 465 2396 τὸ
493 2358 823 2410 κατορωρυγμένον;
842 2363 908 2397 ποῦ
938 2359 982 2397 τὰ
1015 2359 1138 2410 ἱμάτια
1170 2361 1214 2398 τὰ

192 2420 419 2472 σητόὸρωτα,
452 2423 518 2458 ποῦ
545 2423 562 2458 ὁ
593 2421 739 2473 ἄργυρος
758 2423 776 2458 ὃ
795 2420 992 2471 τιμώμενος
1010 2421 1106 2473 παρὰ
1131 2426 1212 2468 σοῦ;

190 2483 257 2518 ποῦ
274 2484 295 2526 ἡ
316 2481 489 2532 φαντασία
510 2481 569 2519 καὶ
583 2485 605 2528 ἧ
621 2481 813 2524 ἀπόλαυσις
823 2496 833 2530 3
853 2481 980 2520 Φύλλα
995 2476 1036 2528 ἦν
1055 2493 1063 2500 ·
1078 2482 1212 2534 χειμὼν

191 2541 384 2589 κατέλαὸε,
420 2542 479 2580 καὶ
509 2542 623 2580 πάντα
653 2542 844 2594 ἐξηράνθη·
877 2542 960 2596 ὄναρ
994 2538 1036 2590 ἦν
1057 2559 1065 2567 ·
1094 2547 1140 2588 ὡς
1177 2545 1212 2582 δὲ

190 2602 306 2654 ἡμέρα
325 2602 480 2654 ἐγένετο,
503 2606 637 2650 ἀπῆλθε
671 2603 711 2642 τὸ
739 2604 847 2655 ὄναρ·
868 2604 952 2642 σκιὰ
983 2599 1044 2651 ἦν·
1060 2600 1162 2652 ἦλθεν
1190 2609 1211 2652 ἡ

190 2665 356 2713 ἀλήθεια,
387 2665 446 2703 καὶ
465 2665 688 2717 παρέδραμεν
707 2669 729 2712 ἡ
757 2665 850 2704 σκιά.
872 2665 1019 2718 Πέμψον
1041 2666 1211 2718 Λάζαρον.

192 2726 261 2764 Καὶ
283 2726 339 2764 διὰ
353 2725 388 2763 τί
407 2726 526 2764 οὐδένα
548 2726 669 2778 βλέπει
688 2725 820 2764 δίκαιον
846 2726 971 2773 ἄλλον,
990 2730 1026 2765 οὐ
1043 2727 1102 2764 τὸν
1122 2729 1212 2774 Νῶε,

191 2788 229 2824 οὗ
250 2786 306 2824 τὸν
328 2786 479 2835 Ἰακὼὸ,
502 2789 539 2826 οὖ
555 2788 612 2826 τὸν
632 2786 714 2825 Λὼτ
728 2817 737 2834 ,
756 2789 792 2826 οὗ
810 2787 866 2825 τὸν
892 2787 1033 2834 Ἰσαὰκ,
1050 2788 1139 2826 ἀλλὰ
1156 2789 1213 2826 τὸν

194 2847 375 2902 Ἀδραάμ,
393 2848 461 2887 Διὰ
482 2849 536 2897 τί;
562 2848 708 2895 Ἐπειδὴ
729 2849 900 2901 φιλόξενος
925 2844 966 2896 ἦν
986 2852 1004 2886 ὁ
1029 2849 1188 2902 Ἀὸραὲιμ
1203 2880 1211 2893 ,

193 2908 251 2947 καὶ
277 2908 355 2952 τοὺς
386 2910 651 2962 ὁδοιποροῦντας
685 2912 730 2952 εἷς
753 2909 815 2955 τὴν
845 2910 976 2957 σκηνὴν
1002 2905 1106 2948 εἷλκε.
1139 2913 1214 2956 Τῆς

190 2969 303 3008 τοίνυν
328 2971 579 3022 ἀπανθρωπίας
605 2971 728 3009 τούτου
747 2975 768 3018 ἦ
791 2971 921 3010 ἐκείνου
946 2972 1117 3022 φιλοξενία
1135 2973 1214 3021 μεί-

191 3034 259 3075 ζων
277 3031 410 3083 γίνεται
433 3032 636 3084 κατήγορος.
657 3032 804 3084 Πέμψον
830 3033 998 3084 Λάζαρον.
1020 3032 1216 3074 Ἀκούοντες

191 3092 398 3145 φοὲηθῶμεν
413 3122 424 3142 ,
448 3094 646 3142 ἀγαπητοὶ,
668 3094 717 3144 μὴ
747 3093 805 3132 καὶ
839 3097 940 3144 ἡμεῖς
963 3094 1091 3144 ἴδωμεν
1113 3094 1217 3140 πένη-

191 3168 273 3201 τας,
292 3154 350 3192 ml
383 3154 692 3207 παραδράμωμεν,
714 3155 762 3206 μὴ
794 3154 869 3192 ἀντὶ
903 3154 1060 3206 Λαζάρου
1092 3154 1213 3191 πολλοὶ

193 3217 276 3264 ἡμῖν
293 3214 370 3253 τότε
389 3215 557 3266 γένωνται
571 3216 771 3268 κατήγοροι.·
790 3215 934 3267 Πέμψον
957 3215 1115 3266 Λάζαρον
1130 3245 1138 3259 ,
1159 3215 1213 3252 ἵνα

194 3274 232 3312 τὸ
252 3274 356 3325 ἄκρον
373 3278 431 3313 τοῦ
454 3275 622 3314 δακτύλου
641 3279 743 3314 αὐτοῦ
763 3277 860 3314 ὕδατι
886 3276 1021 3327 βάψας,
1047 3276 1214 3326 ἑπιστάξη

1285 2056 1372 2090 mei.
1391 2051 1562 2104 Pauperis
1580 2059 1663 2088 sunt
1686 2051 1762 2088 haec
1779 2050 1904 2099 verba,
1918 2049 2087 2099 mendici,
2116 2053 2231 2103 egeni.

1284 2116 1404 2152 Pater
1432 2114 1658 2160 Abraham,
1683 2115 1860 2151 miserere
1893 2115 1981 2150 mei.
2016 2112 2117 2163 Quid
2150 2115 2204 2152 vis
2217 2115 2235 2151 .⁰

1283 2177 1397 2212 Mitte
1434 2176 1640 2212 Lazarum.
1698 2175 1796 2211 hiem
1837 2173 1968 2211 millies
2006 2175 2231 2226 praeteriisti,

1281 2249 1387 2286 quem
1403 2249 1446 2272 ne
1461 2234 1583 2273 videre
1597 2233 1740 2285 quidem
1759 2233 1921 2279 voluisti,
1939 2235 2034 2272 huuc
2055 2235 2121 2273 tibi
2139 2250 2233 2274 nunc

1281 2296 1325 2334 ad
1340 2296 1487 2334 salutem
1503 2295 1595 2332 mitti
1612 2294 1794 2346 postulas?
1811 2297 1926 2332 Mine
1940 2296 2146 2333 Lamrum.
2161 2298 2232 2335 Ubi

1282 2370 1364 2394 vero
1381 2369 1474 2394 nunc
1492 2355 1718 2408 pocillatores
1735 2354 1814 2391 tui?
1834 2355 1896 2392 ubi
1924 2365 2068 2407 tapetes,
2086 2356 2147 2394 ubi
2168 2371 2233 2408 pa—

1282 2418 1405 2457 rasiti?
1423 2417 1485 2455 ubi
1512 2425 1742 2454 assentatores
1757 2416 1773 2455 Ξ*
1793 2416 1853 2453 ubi
1874 2417 2010 2454 fastus?
2027 2417 2088 2455 ubi
2107 2432 2230 2470 supcr-

1282 2480 1369 2517 hia?
1389 2479 1450 2516 ubi
1476 2477 1656 2516 defossum
1683 2477 1839 2514 aurum?
1861 2477 1922 2514 ubi
1947 2492 1966 2514 a
1993 2477 2097 2515 tineis
2127 2492 2230 2517 exesa

1282 2539 1514 2579 vestimenta?
1534 2539 1594 2576 ubi
1611 2547 1798 2589 argeutum
1820 2538 1916 2588 quod
1932 2552 1950 2576 a
1969 2547 2002 2576 te
2021 2539 2230 2578 colebatur?

1281 2602 1342 2640 ubi
1361 2615 1511 2652 maguus
1529 2610 1719 2652 apparatus
1735 2608 1768 2637 et
1787 2599 1990 2651 voluptaria
2008 2601 2108 2638 vita?
2128 2602 2229 2639 Folia

1281 2672 1394 2709 eraut,
1417 2662 1560 2701 advenit
1580 2661 1718 2712 hyems,
1738 2669 1770 2697 et
1791 2660 1964 2698 exsiccata
1984 2671 2064 2698 suut
2084 2662 2202 2700 omnia
2220 2678 2227 2698 :

1280 2724 1458 2762 somnium
1475 2731 1574 2760 eraut
1590 2738 1598 2769 3
1616 2730 1652 2759 ut
1671 2730 1789 2758 autem
1806 2720 1882 2758 «lies
1900 2720 2036 2764 illuxit,
2060 2722 2230 2761 abscessit

1281 2786 1458 2823 somnium
1475 2800 1484 2822 ι
1504 2783 1630 2820 umbra
1644 2791 1762 2823 eraut:
1781 2782 1913 2819 veritas
1929 2782 2036 2828 venit,
2054 2791 2086 2820 et
2102 2783 2228 2822 umbra

1282 2845 1462 2899 pra—teriia
1488 2847 1600 2883 Mim-
1622 2844 1826 2882 Lazarum.
1847 2844 1968 2892 Quare
1988 2857 2071 2880 vero
2091 2843 2229 2884 nullum
2265 2870 2326 2896 οη,
2348 2870 2439 2898 ΗΜ,

1283 2909 1392 2946 alium
1409 2909 1548 2959 justum
1572 2905 1683 2948 iulet,
1710 2918 1776 2942 nun
1798 2906 1882 2945 hue,
1904 2918 1970 2942 uon
2001 2905 2127 2950 Jacob,
2159 2920 2228 2944 nou
2247 2911 2313 2939 hun
2342 2918 2433 2949 101„-

1287 2971 1364 3013 l.ut‚
1379 2982 1445 3006 non
1457 2969 1565 3014 Isaac,
1578 2966 1638 3004 sod
1649 2966 1844 3009 Ahralumu
1863 2965 1950 3014 quid
1966 2966 2010 3002 ita
2021 2966 2037 3002 ζ’
2049 2966 2230 3011 Quoniam
2246 2962 2441 3021 :1¹:¹4'2'Ym22'·

1285 3030 1470 3082 hospitalis
1488 3037 1561 3066 crat
1582 3026 1776 3068 .·&l›r.·1l=.·un,
1795 3035 1827 3063 et
1846 3027 1879 3062 iu
1900 3039 2003 3063 sumu
2024 3026 2231 3066 talu-runcu—

1285 3092 1357 3128 Ιιιιιι
1374 3091 1526 3129 viatores·
1542 3086 1764 3139 pertr.·1lu·b.·u
1781 3101 1788 3123 :
1808 3086 1925 3137 itaque
1942 3086 2048 3137 liujus
2065 3087 2232 3127 inlutum-

1285 3151 1404 3190 uitatis
1422 3150 1534 3201 major
1548 3147 1747 3185 accusatrix
1765 3146 1920 3183 eflicitur
1937 3147 2034 3207 ill-ins
2049 3148 2234 3200 hospitali-

1286 3223 1348 3250 tas.
1373 3213 1486 3248 Miew
1508 3211 1708 3247 Lazarum.
1731 3207 1813 3244 lla-e
1834 3206 2017 3245 audientes
2035 3208 2233 3255 uincamus,

1284 3271 1522 3314 dilectissimi.
1541 3284 1582 3307 ιιι·
1603 3282 1665 3306 uus
1684 3281 1824 3319 quinque·
1841 3283 2011 3320 pauperes
2036 3269 2234 3316 vide-uuus,

235 3423 246 3437 ι’
276 3410 382 3444 vatic.
407 3415 611 3457 διακρίνουσαν
638 3424 694 3448 τῶν
715 3421 902 3459 πραγμάτων
916 3420 968 3454 τὴν
983 3418 1070 3459 φύγεν.
1096 3415 1225 3448 ΑΙιΙιίιιι
1247 3417 1277 3447 in
1296 3414 1412 3445 eodem
1429 3411 1553 3444 (lodice
1569 3410 1679 3443 οιιιιιιιι
1699 3420 1780 3452 pene
1799 3409 1914 3443 vitium
1930 3418 2016 3442 sum.

407 3488 505 3512 Toni.
541 3489 567 3514 Ι.

2004 3474 2048 3508 (ὶί
