2549 3825
994 291 1051 320 DE
1091 289 1396 321 vfflGtNtTATE.

188 377 248 417 καὶ
282 377 496 426 δαιτυμόνων
530 374 652 427 ὄχλον,
673 368 708 413 εὖ
729 374 814 412 ἴστω
848 372 901 411 ὅτι
930 375 999 411 τῶν
1035 373 1210 425 μαγείρων

188 441 300 477 αὐτῶν
328 436 422 475 οὐδὲν
451 437 591 487 ἄμεινον
620 438 653 473 ἐν
672 439 742 477 τοῖς
769 433 936 476 τοιούτοις
961 437 992 472 οἱ
1020 436 1211 473 πλουτοῦν-

186 515 242 542 τες
273 498 478 537 διάκεινται.
495 496 664 548 Καθάπερ
682 495 750 548 γὰρ
771 497 895 534 ἐκεῖνοι
914 494 993 539 τοὺς
1018 495 1187 539 δεσπότας
1200 523 1210 540 ,

186 560 274 598 οὕτω
289 559 368 602 τοὺς
388 559 622 608 κεκλημένους
641 557 738 596 αὐτοὶ
754 557 942 605 δεδοίκασι,
962 557 1011 606 μή
1031 573 1122 601 τινος
1135 558 1210 594 ἐπι-

186 620 366 659 λάὸωνται
385 622 454 658 τῶν
476 619 564 670 μετὰ
581 620 711 657 πολλοῦ
730 617 834 656 πόνου
854 617 914 656 καὶ
925 618 1082 665 δαπάνης
1095 633 1210 669 παρα-

185 681 445 720 σκευασθέντων
467 681 594 724 αὐτοῖς.
610 680 678 719 Καὶ
696 679 808 730 τούτῳ
827 679 891 730 μὲν
913 679 1103 723 ἐξισοῦνται
1118 683 1211 722 ετοῖς

185 742 366 794 μαγείροις
378 773 387 789 ,
403 743 480 780 καθ’
501 740 616 792 ἕτερον
637 742 672 779 δὲ
702 741 762 778 καὶ
789 742 1054 779 πλεονεκτοῦσιν
1070 741 1183 778 αὐτῶν
1200 755 1207 762 ·

184 805 223 841 οὐ
243 804 310 854 γὰρ
333 802 434 852 μόνον
460 801 675 854 κατηγόρους
696 803 832 847 ἐκεῖνοι,
868 800 958 839 ἀλλὰ
988 800 1047 838 καὶ
1077 799 1210 850 βασκά·

185 879 260 907 νους
279 863 469 902 δεδοίκασι.
486 864 635 905 Πολλοῖς
649 861 717 913 γὰρ
736 862 906 904 πολλάκις
925 861 994 899 ἀπὸ
1012 863 1080 898 τῶν
1097 860 1209 898 τοιού-

184 940 253 963 των
270 923 474 975 συμποσίων
495 922 619 974 ἐτέχθη
637 924 769 975 φθόνος,
789 922 848 960 καὶ
869 923 907 960 οὐ
924 922 1091 973 πρότερον
1111 921 1208 969 ἔστη,

184 983 250 1028 ἕως
268 984 440 1028 κινδύνους
456 983 612 1034 ἐπήγαγε
626 983 705 1026 τοὺς
720 983 901 1034 ἐσχάτους.
915 982 1022 1020 Ἀλλὰ
1037 985 1209 1020 σιτεῖσθαι

189 1045 303 1084 πολλὰ
321 1044 489 1088 πολλάκις
509 1044 590 1090 ἡδύ.
614 1042 759 1095 Ἄπαγε·
777 1042 860 1081 ὅταν
887 1043 1123 1095 καρηὸαρίαι,
1150 1043 1211 1081 καὶ

182 1105 331 1158 γαστρὸς
348 1106 517 1152 διάτασις,
533 1105 592 1144 καὶ
605 1105 801 1156 πνεύματος
819 1104 997 1156 ἔμφραξις,
1009 1105 1068 1142 καὶ
1087 1119 1210 1142 σκοτο-

183 1166 301 1215 δινίαι,
315 1166 374 1205 καὶ
394 1167 535 1217 ἴλιγγοι,
561 1166 621 1204 καὶ
639 1165 846 1218 ἀχλύες,καὶ
860 1165 904 1204 τὰ
923 1166 973 1204 ἔτι
988 1165 1117 1204 τούτων
1133 1169 1210 1205 ἀτο-

182 1226 326 1280 πώτερα
346 1227 416 1265 ἀπὸ
436 1230 498 1274 τῆς
520 1230 651 1280 τρυφῆς
669 1226 800 1274 ταύτης
819 1226 1067 1278 ἀναὲλαστάνῃ
1097 1227 1207 1265 δεινά.

183 1288 255 1326 Καὶ
284 1289 353 1327 εἴθε
381 1287 488 1340 μέχρι
520 1291 586 1326 τῶν
618 1287 852 1339 παρ’ἧμέραν
883 1289 1049 1339 λυπηρῶν
1077 1287 1121 1325 τὰ
1148 1290 1212 1334 τῆς

185 1348 432 1402 ἀσχημοσύνης
452 1349 584 1396 ἐκείνης
598 1349 714 1387 καὶτὰ
729 1352 790 1395 τῆς
810 1348 938 1400 ζημίας
956 1348 1079 1387 ἵστατο
1094 1349 1210 1400 μόνον·

184 1411 290 1448 νυνὶ
272 1411 307 1449 οε
324 1413 360 1449 αἱ
377 1410 532 1461 μάλιστα
551 1412 619 1448 τῶν
640 1409 748 1447 νόσων
765 1409 920 1448 δυσίατοι
937 1409 1006 1447 ἀπὸ
1021 1412 1089 1447 τῶν
1107 1409 1214 1448 τοιού-

183 1486 253 1509 των
269 1474 450 1524 τραπεζῶν
470 1471 586 1523 ἔχουσι
607 1487 669 1518 την
692 1470 818 1522 ἀρχήν.
838 1471 908 1509 Καὶ
924 1471 992 1523 γὰρ
1010 1471 1210 1522 ποδαλγίαι,

185 1531 246 1570 καὶ
277 1533 363 1583 φθόη
377 1563 386 1579 ,
403 1532 462 1569 καὶ
481 1532 599 1577 νόσος,
619 1548 678 1569 και
707 1532 924 1582 παράλυσις,
944 1532 1003 1569 καὶ
1028 1531 1142 1570 πολλὰ
1161 1531 1212 1570 ἔτι

184 1592 316 1630 τούτων
341 1591 573 1644 χαλεπώτερα
607 1592 832 1630 ἀπολαὲόντα
865 1594 904 1629 τὸ
933 1595 1037 1641 σῶμα
1071 1594 1211 1646 πολιορ-

186 1659 240 1691 κεῖ
257 1655 304 1696 εἰς
327 1652 476 1705 ἐσχάτας
499 1653 688 1695 ἀναπνοάς.
711 1652 803 1690 Τίνα
825 1647 881 1690 οὖν
903 1652 943 1690 ἅν
964 1668 1015 1695 τις
1035 1651 1108 1704 ἔχοι
1127 1654 1211 1692 τού-

185 1730 255 1753 των
275 1714 480 1767 ἀντίῤῥοπον
501 1716 569 1752 τῶν
598 1716 717 1752 κακῶν
739 1713 865 1761 ἡδονὴν
894 1715 1028 1761 εἷπεῖν;
1048 1713 1151 1752 ποίαν
1175 1714 1211 1754 δὲ

184 1779 247 1815 οὐκ
279 1777 320 1816 ἄν
350 1794 401 1821 τις
431 1775 544 1815 ἕλοιτο
575 1776 844 1828 σκληραγωγίαν
868 1774 955 1828 ὑπὲρ
986 1779 1049 1823 τῆς
1078 1776 1208 1814 τούτων

186 1840 417 1890 ἀπαλλαγῆςς

238 1899 328 1938 Ἀλλ’
344 1902 409 1953 οὐχ
436 1903 457 1948 ἡ
486 1900 639 1940 εὐτέλεια
671 1900 837 1949 τοιαύτη,
857 1901 947 1940 ἀλλὰ
977 1901 1096 1955 πόῤῥω
1125 1901 1209 1939 τού-

183 1976 253 2000 των
291 1960 466 2013 ἀφέστηκε
494 1965 562 2000 τῶν
596 1963 773 2014 δυσχερῶν
786 1992 797 2012 ,
822 1962 954 2015 ὑγιείας
988 1963 1047 2001 καὶ
1081 1961 1210 2007 εὐεξίας

183 2016 268 2060 οῧσα
287 2023 469 2070 ποιητική.
486 2024 530 2061 Εἰ
550 2023 586 2062 δὲ
614 2023 673 2060 καὶ
693 2023 819 2070 ἡδονήν
844 2040 896 2067 τις
923 2021 1104 2070 ἐπιζητοίη
1117 2054 1126 2071 ,
1150 2021 1211 2060 καὶ

182 2081 315 2129 ταύτην
333 2084 416 2135 παρ’
433 2085 520 2136 αὐτῇ
549 2083 690 2134 μείζονα
709 2078 813 2123 οὖσαν
832 2084 971 2138 εὑρήσει
990 2101 1052 2131 της
1066 2100 1210 2137 τρυφης·

184 2142 244 2181 καὶ
272 2146 410 2195 πρῶτον
437 2160 499 2195 μεν
521 2145 591 2184 ἀπὸ
615 2160 676 2183 του
705 2146 879 2197 ἐῤῥῶσθαι
901 2146 960 2184 καὶ
988 2146 1112 2196 μηδενὶ
1141 2161 1210 2183 των

184 2207 301 2244 κακῶν
331 2206 550 2257 ἐνοχλεῖσθαι
586 2206 747 2253 ἐκείνων,
771 2210 818 2244 ὡν
854 2206 1001 2245 ἕκαστον
1035 2223 1094 2244 και
1131 2208 1210 2244 καθ’

184 2266 286 2305 ἑαυτὸ
308 2273 425 2305 πᾶσαν
451 2267 570 2305 ἱκανὸν
591 2268 715 2306 σὸέσαι
735 2283 794 2305 και
809 2271 934 2321 ἀνατρε
922 2268 1031 2320 ψἀι
1017 2285 1056 2307 εκ
1071 2268 1209 2320 βάθρων

183 2327 322 2374 ἡδονήν·
338 2327 493 2380 δεύτερον
514 2328 549 2367 δὲ
571 2329 630 2367 καὶ
647 2329 718 2368 ἀπὸ
733 2332 802 2367 τῶν
824 2329 943 2368 σιτίων
961 2331 1085 2368 αὐτῶν.
1104 2332 1209 2378 Πῶς,

183 2386 269 2426 ’Ότι
289 2389 414 2435 ἠδονῆς
433 2390 615 2435 ποιητικὸν
638 2389 808 2439 ἐπιθυμία
822 2405 829 2412 ·
848 2390 1034 2440 ἐπιθυμίαν
1056 2390 1091 2429 δὲ
1112 2393 1178 2443 οὐχ
1193 2395 1210 2430 ὁ

184 2448 284 2502 κόρος
297 2480 306 2498 ,
326 2449 401 2488 οὐδὲ
421 2453 442 2496 ἡ
463 2450 674 2501 πλησμονὴ,
693 2451 771 2489 ἀλλ’
785 2455 807 2498 ἡ
825 2451 938 2489 ἔνδεια
957 2452 1016 2490 καὶ
1035 2455 1057 2498 ἡ
1085 2452 1210 2496 σπάνις

182 2517 286 2549 ποιεῖ.
307 2510 404 2558 Αὕτη
437 2511 471 2549 δὲ
498 2513 559 2550 οὐκ
580 2513 614 2549 ἐν
641 2512 783 2556 ἐκείνοις
812 2518 882 2556 τοῖς
913 2513 1118 2563 συμποσίοις
1139 2520 1209 2558 τοῖς

182 2573 252 2609 τῶν
278 2571 543 2621 πλουτούντων,
561 2574 638 2611 ἀλλ’
663 2575 697 2610 ἐν
727 2579 798 2615 τοῖς
830 2575 898 2611 τῶν
932 2575 1131 2624 πενομένων
1155 2575 1209 2613 ἀεὶ

181 2633 350 2684 πάρεστι,
369 2633 498 2676 παντὸς
518 2635 769 2684 τραπεζοποιοῧ
798 2634 857 2672 καὶ
887 2635 1054 2687 μαγείρου
1077 2637 1209 2686 μᾶλλον

181 2693 414 2738 ἐπιστάζουσα
431 2693 520 2733 πολυ
540 2701 611 2738 τοῖς
633 2695 875 2747 προκειμένοις
900 2695 939 2733 τὸ
960 2696 1056 2746 με’λι.
1078 2699 1124 2734 Οἱ
1146 2697 1209 2744 μὲν

180 2769 248 2806 γαρ
267 2756 495 2798 πλουτουντες
520 2753 597 2794 οὔτε
620 2772 805 2799 πεινωντες
826 2756 1001 2805 ἐσθίουσι,
1022 2773 1082 2795 και
1102 2774 1210 2811 χωρις

181 2819 241 2853 τοῦ
260 2815 370 2867 δι·,ιεῖν
393 2832 542 2864 πινουσι,
556 2832 615 2854 και
636 2833 716 2868 πριν
743 2818 899 2870 σφοδρως
920 2819 1034 2861 αὐτοῖς
1052 2820 1187 2857 ἔπελθε
1179 2836 1206 2856 ιν

181 2937 314 2975 τούτων
336 2939 585 2990 καθιστάμενοι
615 2939 783 2996 πρότερον
815 2940 922 2984 οὕτως
954 2943 1065 2979 αὐτων
1100 2942 1208 2991 μετέ-

180 3014 319 3050 χουσιν·
334 2999 351 3038 ὃ
369 3000 524 3050 μάλιστα
543 2999 683 3039 πάντιι)ν
706 3000 799 3046 αὔξει
821 3002 863 3040 τὰ
892 3005 954 3049 τῆς
974 3003 1113 3049 ἡδονῆς.
1138 3003 1205 3041 Διὰ

181 3059 216 3098 τί
235 3061 321 3112 γὰρ,
337 3061 413 3099 εἶπέ
442 3077 515 3110 μοι,
533 3062 592 3100 καὶ
608 3065 625 3100 ὁ
642 3062 809 3114 Σολομὼν
830 3063 886 3102 τὸν
919 3064 1024 3102 ’ύπνον
1050 3068 1108 3102 τοῦ
1131 3066 1206 3103 δού-

180 3121 240 3160 λου
260 3121 363 3172 φησὶν
384 3115 471 3160 εἶναι
491 3122 574 3169 ἡδὺν
587 3153 596 3170 ,
611 3124 739 3161 οὑτωσὶ
759 3125 868 3176 λέγων
881 3155 890 3171 ,
911 3124 1016 3168 ἹΙδὺς
1038 3124 1141 3168 ὕπνος
1158 3129 1206 3178 τῷ

181 3180 306 3233 δούλῳ,
320 3182 361 3220 ἄν
380 3198 417 3220 τε
437 3183 524 3222 πολὺ
538 3215 547 3231 ,
562 3184 602 3222 ἄν
623 3200 659 3222 τε
679 3184 794 3234 ὀλίγον
823 3187 916 3237 φάγῃ
934 3202 942 3231 ;
959 3179 1046 3236 ιἎρα
1067 3186 1122 3224 διὰ
1144 3186 1207 3234 τὴν

181 3242 366 3292 στρωμνὴν
386 3243 450 3290 τὴν
478 3245 641 3292 ἁπαλήν;
661 3245 729 3283 Καὶ
760 3246 828 3296 μὴν
858 3246 915 3284 ἐπὶ
942 3247 1087 3299 ἐδάφους
1107 3247 1128 3294 ἢ
1151 3249 1206 3286 ἐπὶ

182 3302 343 3346 στιὸάδος
357 3306 387 3342 οἱ
402 3304 538 3348 πλείους
556 3306 791 3345 καθεύδουσιν.
806 3307 908 3345 Ἀλλὰ
920 3308 975 3345 διὰ
990 3308 1051 3354 τὴν
1071 3309 1205 3353 ἅδειαν;

184 3360 272 3400 Ἀλλ’
304 3364 380 3402 οὐδὲ
419 3372 545 3418 μικρᾶς
577 3372 698 3419 καιροῦ
735 3370 842 3419 ῥοπῆς
871 3369 937 3406 εἶσι
963 3368 1084 3421 κύριοι.
1102 3369 1204 3407 Ἀλλὰ

229 3490 244 3509 ⁶
275 3485 353 3527 ¹1⁰3·
383 3492 594 3529 rumoldi-715,
613 3490 726 3523 Mori-l.
747 3498 777 3523 et
792 3491 881 3523 Suvll
917 3501 974 3528 τοις
989 3498 1116 3535 μαγιιᾈο
1131 3509 1153 3530 ς.

181 2875 280 2922 τὴ’ν
262 2876 416 2928 ανάγκην
437 2894 496 2916 του
513 2877 619 2916 ὕπνου
637 2878 873 2918 καθεύδουσιν·
887 2895 981 2917 ουτοι
999 2880 1033 2918 δὲ
1055 2882 1088 2918 ἐν
1106 2896 1168 2932 χρε
1156 2881 1206 2918 ία
1224 2863 1513 2930 δί51111115111111ὶζ1

2146 276 2168 289 fl

2145 288 2233 338 ³³97

1287 373 1521 411 convivarum
1540 372 1706 422 turbam,
1728 372 1838 422 sciat,
1858 371 1986 412 divites
2001 371 2036 410 in
2053 371 2108 410 his
2123 372 2237 412 nihilo

1284 434 1423 471 meliori
1442 447 1516 472 esse
1533 434 1609 472 loco
1625 448 1732 485 quam
1748 448 1891 484 coquos.
1907 435 1999 473 Nam
2016 442 2055 471 ut
2069 433 2107 471 hi
2121 433 2237 472 domi-

1285 507 1362 542 nos,
1376 495 1426 532 sic
1437 495 1491 532 illi
1504 495 1659 547 hospites
1670 505 1852 545 verentur,
1868 509 1910 533 ne
1921 495 2009 547 quid
2023 509 2146 534 eorum
2159 510 2237 546 quae

1284 569 1430 606 operose
1447 565 1480 594 et
1495 566 1677 595 sumtuose
1693 557 1736 595 iis
1755 567 1924 609 apparata
1941 558 2025 604 sint,
2042 557 2238 610 reprehen-

1283 616 1369 654 dant
1387 626 1421 655 et
1436 627 1594 669 carpant.
1613 620 1730 668 Atque
1745 617 1813 655 hac
1830 618 1866 654 in
1887 627 1985 669 parte
2003 618 2127 669 coquis
2143 632 2238 656 exae-

1283 686 1440 728 quantur
1456 691 1464 714 :
1482 677 1518 715 in
1550 677 1620 714 alia
1648 677 1754 715 etiam
1784 686 1963 729 superant.
1997 679 2119 728 Neque
2145 679 2239 716 enirn

1284 737 1400 775 solum
1415 747 1649 784 accusatores,
1672 737 1732 775 sed
1752 738 1898 776 aemulos
1916 738 2022 775 etiam
2039 738 2163 776 timent
2177 755 2184 776 ε
2197 739 2241 776 si-

1283 798 1430 850 quidem
1443 799 1565 836 multis
1575 813 1667 851 saepe
1678 813 1723 837 ex
1733 798 2095 850 ejusmodieonviviis
2105 798 2240 836 invidia

1283 868 1399 897 creata
1417 869 1484 908 est,
1507 873 1570 898 nec
1588 869 1670 898 ante
1684 859 1834 907 destitit,
1856 874 1964 911 quam
1984 874 2042 898 eos
2059 859 2095 897 in
2114 861 2241 912 capitis

1282 920 1482 972 periculum
1500 919 1668 958 adduxit.
1689 923 1735 958 At
1754 920 1907 958 helluari
1931 934 2025 973 saepe
2045 934 2152 958 suave
2172 929 2239 958 est.

1283 981 1454 1032 Apagesis
1467 997 1474 1017 :
1489 981 1632 1032 quando
1659 995 1704 1019 ex
1726 981 1793 1019 hoc
1820 980 1913 1019 luxu
1941 989 1975 1019 et
1999 982 2154 1032 gravedo
2167 1011 2178 1031 ‚
2208 990 2243 1019 et

1283 1042 1417 1079 ventris
1432 1042 1598 1088 obesitas,
1618 1052 1652 1080 et
1669 1042 1817 1094 spiritus
1835 1042 2046 1092 obstructio,
2066 1051 2099 1080 et
2114 1043 2237 1080 oeulo-

1282 1117 1364 1140 rum
1386 1103 1606 1152 obscuritas,
1635 1113 1669 1142 et
1697 1105 1856 1156 vertigo,
1877 1113 1912 1142 et
1931 1105 2069 1155 caligo,
2102 1105 2242 1156 aliaque

1284 1162 1339 1201 his
1359 1164 1466 1202 etiam
1485 1164 1634 1203 foediora
1651 1166 1744 1203 mala
1760 1165 1953 1218 pullulant.
1972 1169 2088 1214 Atque
2105 1166 2240 1203 utinam

1284 1239 1323 1263 ea
1352 1225 1600 1264 immoderatio
1628 1241 1668 1265 ac
1694 1227 1834 1278 jactura
1859 1226 2078 1277 quotidianis
2104 1235 2242 1265 tantum

1285 1286 1472 1325 doloribus
1487 1287 1756 1340 circumscripta
1772 1287 1818 1325 sit
1834 1302 1842 1325 :
1861 1301 1955 1325 nunc
1969 1288 2085 1326 morbi
2102 1289 2174 1325 fere
2187 1288 2240 1325 in-

1286 1347 1461 1385 curabiles
1486 1362 1530 1386 ex
1556 1348 1611 1386 his
1631 1349 1761 1387 mensis
1780 1349 1955 1400 originem
1974 1348 2138 1395 trahunt;
2158 1362 2241 1387 nam

1286 1418 1319 1447 et
1330 1409 1501 1461 podagra,
1514 1419 1545 1447 et
1559 1410 1671 1457 tabes,
1686 1420 1719 1448 et
1730 1425 1826 1448 sacer
1837 1411 1995 1459 mor‚bus
2007 1419 2039 1448 et
2052 1424 2116 1462 pai
2118 1410 2241 1462 alysis‚

1286 1471 1471 1522 multaque
1488 1472 1545 1510 his
1564 1472 1671 1510 etiam
1689 1473 1852 1524 graviora
1872 1486 2000 1524 eorpus
2015 1486 2180 1523 aggressa
2195 1471 2241 1509 ad

1285 1541 1485 1570 extiemum
1500 1533 1666 1585 spiritum
1683 1534 1862 1572 infestant.
1883 1533 2027 1581 Quibus
2043 1533 2147 1571 malis
2160 1547 2241 1584 quae

1287 1606 1351 1644 par
1363 1593 1537 1645 explicari
1550 1594 1714 1646 voluptas
1729 1594 1863 1645 possit?
1875 1608 1953 1644 quae
1966 1608 2035 1632 non
2048 1594 2130 1633 vitae
2144 1594 2243 1632 duri-

1286 1652 1351 1691 ties
1369 1653 1415 1691 ad
1435 1668 1558 1692 eorum
1577 1654 1752 1707 effugium
1770 1655 1925 1693 ineunda
1945 1655 2018 1693 sit?

1341 1898 1387 1934 At
1404 1893 1581 1948 ejusmodi
1598 1909 1667 1934 non
1684 1905 1733 1934 est
1749 1896 1953 1948 frugalitas,
1969 1894 2029 1933 sed
2047 1896 2092 1933 ab
2106 1895 2162 1933 his
2180 1894 2241 1932 in-

1283 1957 1408 1996 faustis
1423 1959 1547 2011 procul
1564 1967 1696 1996 remota
1706 1988 1715 2005 ,
1731 1958 1891 1996 sanitatis
1905 1967 2011 2009 atque
2025 1956 2240 1997 valetudinis

1284 2033 1404 2058 causa.
1427 2019 1535 2066 Quod
1553 2020 1581 2057 si
1599 2020 1680 2071 quis
1698 2019 1920 2072 voluptatem
1940 2019 2046 2058 etiam
2066 2019 2238 2070 requirat,

1285 2080 1320 2118 in
1336 2095 1394 2130 ea,
1415 2095 1523 2132 quam
1541 2081 1577 2119 in
1598 2081 1711 2132 luxu,
1734 2082 1907 2133 majorem
1924 2080 2099 2118 inveniet:
2115 2093 2155 2117 ac
2171 2079 2242 2131 pri-

1284 2156 1382 2180 mum
1398 2156 1442 2181 ex
1459 2157 1498 2181 eo
1515 2142 1610 2193 quod
1624 2142 1730 2181 homo
1745 2143 1874 2189 valeat,
1891 2156 2004 2194 neque
2018 2141 2148 2180 horum
2164 2155 2242 2178 ma-

1282 2205 1400 2242 lorum
1419 2219 1599 2256 quoquam
1619 2205 1832 2257 exagitetur,
1853 2219 2005 2256 quorum
2025 2205 2083 2242 vel
2102 2203 2243 2255 singula

1283 2266 1430 2304 seorsim
1451 2267 1535 2305 satis
1555 2267 1624 2305 siut
1644 2282 1724 2317 quae
1745 2267 1964 2318 voluptatem
1987 2268 2240 2317 exstinguant,

1284 2337 1315 2365 ct
1336 2336 1517 2378 tamquam
1538 2343 1556 2365 a
1577 2328 1818 2366 fundamentis
1839 2338 1998 2366 evertant
2017 2345 2024 2364 :
2042 2328 2171 2366 deiude
2198 2341 2242 2365 ex

1284 2388 1373 2426 cibis
1390 2389 1491 2441 ipsis.
1511 2390 1592 2435 Quo
1608 2390 1738 2441 pacto?
1758 2390 1987 2441 Voluptatem
2006 2390 2114 2427 efficit
2130 2402 2242 2440 appe-

1284 2448 1370 2486 titus
1387 2450 1605 2500 :appetitum
1634 2462 1702 2486 uon
1726 2449 1894 2486 saturitas
1923 2462 1962 2485 ue
1983 2449 2124 2486 satietas
2139 2479 2147 2490 .
2178 2446 2241 2484 scd

1283 2519 1416 2560 egestas
1429 2519 1461 2547 ct
1475 2509 1592 2561 iuopia
1607 2510 1711 2561 parit.
1734 2510 1781 2547 Ea
1797 2519 1914 2547 autem
1929 2524 1996 2546 nou
2011 2510 2046 2547 iu
2060 2509 2215 2548 divitum
2231 2542 2241 2555 ,

1284 2570 1346 2608 sed
1363 2570 1395 2607 iu
1414 2584 1610 2623 pauperum
1627 2571 1733 2607 coenis
1749 2570 1891 2608 assidue
1908 2580 2035 2622 prarsto
2047 2581 2110 2617 est,
2124 2574 2240 2624 epulis

1284 2632 1410 2683 quovis
1427 2641 1600 2669 structore
1615 2641 1647 2669 et
1665 2646 1778 2682 coquo
1800 2632 1935 2681 gratius
1958 2632 2023 2669 mel
2046 2632 2237 2672 iustilluus.

1284 2693 1469 2744 Siquidem
1485 2693 1613 2730 divites
1634 2707 1696 2730 uec
1714 2693 1906 2730 esurientes
1927 2693 2046 2730 cibum
2068 2696 2211 2746 capiunt
2229 2726 2237 2738 ,

1286 2768 1346 2792 uec
1358 2754 1513 2791 sitientes
1525 2754 1665 2799 bibunt,
1677 2763 1707 2790 et
1719 2763 1906 2803 autequauu
1920 2754 2108 2792 velit-turus
2122 2757 2235 2793 sonuli

1285 2816 1441 2853 Περι-,ὃδὴ
1445 2831 1470 2853 is
1493 2816 1542 2852 tis
1566 2816 1705 2866 ingruat
1720 2845 1728 2858 ,
1755 2815 2035 2867 cousopiuutur:
2056 2816 2091 2853 hi
2115 2832 2237 2856 eorum

1521 2878 1591 2923 ,itu
1604 2878 1750 2914 demum
1764 2892 1801 2913 eu
1818 2878 2018 2928 percipiuut
2034 2894 2042 2915 z
2056 2879 2150 2928 quod
2163 2881 2239 2930 qui·

1283 2940 1363 2976 ‹leui
1381 2940 1517 2990 volupt
1521 2909 1601 2976 item
1619 2948 1721 2988 auget
1741 2939 1907 2977 umxime.
1929 2941 2002 2976 Cur
2017 2941 2110 2977 euim
2127 2950 2157 2978 rt
2172 2943 2238 2978 sa·

1283 3002 1399 3038 louiou
1411 3001 1502 3038 svn-vi
1514 3015 1676 3037 souuuuu
1687 3000 1827 3037 dulcem
1839 3002 2024 3038 couliruuit
2038 3001 2092 3039 liis
2102 3017 2114 3039 ι
2125 3003 2237 3040 erbis:

2278 1900 2376 1930 LXX.
2396 1904 2447 1929 Su-

2290 1944 2448 1971 brnetau‘m

2258 1985 2372 2012 deliciis
2421 1991 2450 2012 ot

2258 2026 2406 2053 utiliorem
2421 2033 2449 2053 vt

2282 2069 2449 2095 suasim-esu

2259 2118 2332 2137 esse.

1285 3064 1423 3100 Dulcis
1446 3072 1501 3099 est
1523 3077 1630 3100 servo
1660 3075 1815 3098 sumnus
1833 3091 1840 3104 .
1874 3065 1953 3099 sis-‹-
1975 3064 2138 3100 multum
2163 3068 2239 3102 sim·
2259 3071 2359 3098 Pales
2392 3072 2406 3099 Γ·

1279 3139 1416 3175 parum
1438 3125 1640 3162 comedet-il
1656 3129 1672 3160 ἑ·
1699 3127 1747 3159 λιι
1769 3132 1911 3174 propter
1929 3124 2072 3161 ιιιυΙΙι-ιιι
2094 3128 2237 3164 torum?
2262 3120 2288 3140 ¹¹

1282 3189 1324 3224 At
1349 3186 1445 3223 luuui
1461 3216 1468 3229 ,

1281 3248 1409 3284 iuiuut.
1437 3252 1489 3284 Au
1512 3256 1654 3298 propter
1675 3246 1872 3282 libertatem
1884 3246 1901 3282 ἰ’
1927 3250 1967 3283 M
1987 3261 2048 3284 uer
2068 3250 2237 3299 tenuioris·

1497 3194 1555 3222 aut
1579 3199 1684 3235 super
1713 3186 1844 3236 cespite
1866 3194 1902 3221 ut
1933 3186 2129 3236 plurimum
2150 3187 2235 3225 dm·-

1281 3317 1497 3345 monn-nunu
1519 3308 1646 3344 lmlwut
1668 3307 1833 3344 liberum.
1861 3312 1912 3344 Au
1930 3318 2074 3360 propter
2095 3309 2208 3347 otium
2222 3312 2238 3347 ζ’

1286 3374 1322 3406 >tt
1336 3370 1518 3407 laboribus
1529 3378 1560 3406 et
1572 3369 1740 3406 ⁸rruutuis
1753 3369 1893 3407 ussidue
1904 3370 2239 3417 usslu·t;uitur.Qui«l
