2549 3825
0 1134 7 1339 ---.--——-

1113 290 1335 322 MOMTUM.
1511 271 1527 276 '¹
2146 292 2171 337 7
2186 292 2196 321 ι
2211 277 2237 321 5

198 374 302 426 cujus
320 374 478 423 initium,
501 375 721 426 Ἐὅουλόμην
741 376 822 424 ὑμῖν
845 375 1050 425 ἀποδοῦναι,
1071 373 1170 411 nulla
1190 373 1257 411 erit
1277 374 1442 424 quaestio,
1469 374 1499 411 si
1519 382 1662 412 caeteras
1680 387 1758 411 eam
1786 373 1885 424 sequi
1902 372 2031 411 debere
2056 386 2242 411 common-

197 445 361 475 stremus.
384 437 542 475 Primam
564 436 674 487 igitur
698 434 887 472 homiliam
912 435 1040 473 habuit
1059 442 1249 487 postquam
1269 434 1462 472 certamina
1482 444 1603 473 contra
1631 439 1821 473 Anomoeos
1850 449 1967 482 orsus,
1994 448 2139 485 unaque
2162 435 2238 486 jam

195 495 318 535 habita
330 499 509 545 concione,
518 496 731 535 instantibus
743 497 762 535 J
768 495 952 533 udaeorum
965 495 1314 546 feriis,Scenopegia,
1326 495 1489 547 jejuniis,
1498 495 1631 546 quibus
1644 495 1838 533 Christiani
1851 496 1999 547 quidam
2014 495 2238 544 Antiocheni,

194 557 326 607 partim
341 558 536 610 spectandi,
550 558 681 611 partim
697 556 803 594 etiam
817 571 886 594 una
902 556 1104 594 celebrandi
1117 556 1421 606 atquejejunandi
1437 570 1555 604 causa,
1570 557 1736 594 interesse
1752 557 1926 604 solebant,
1943 557 2027 594 huic
2039 557 2101 594 ille
2113 557 2239 595 morbo

194 625 233 653 ut
254 617 469 668 mederetur,
500 618 770 657 concertationis
789 627 908 655 contra
935 621 1123 656 Anomoeos
1143 629 1287 654 cursum
1310 616 1510 668 intercepit,
1539 631 1579 654 ac
1601 616 1745 656 Judaeos
1767 617 2047 669 Judaeorumque
2074 632 2239 669 sequaces

195 677 340 716 adortus
358 689 421 718 est.
442 680 485 718 Id
501 679 648 730 contigit
667 693 758 716 anno
778 678 871 728 586,
891 687 931 716 ut
949 678 1110 716 diximus
1126 678 1161 715 in
1181 677 1320 714 monito
1336 677 1382 714 ad
1396 678 1572 715 Homilias
1587 677 1630 714 de
1651 678 2024 729 Incomprehensibili,
2043 688 2076 717 et
2092 693 2136 717 ex
2154 693 2241 717 mox

195 737 358 778 dicendis
372 740 514 792 planius
530 740 609 779 erit.
626 741 708 788 Qua
723 754 808 777 vero
823 739 905 778 anni
922 747 1128 791 tempestate
1144 737 1219 774 haec
1234 737 1435 774 concionari
1449 738 1607 789 coeperit,
1621 739 1697 789 ipse
1710 738 1816 789 paulo
1831 748 1912 790 post
1926 739 2068 777 initium
2083 740 2239 777 homiliae

195 799 320 849 primae
344 801 555 838 testificatur
574 800 631 838 his
658 801 779 838 Verbis
804 815 812 836 t
834 800 979 851 ζΕορταὶ
1006 800 1074 835 τῶν
1096 798 1225 836 ἀθλίων
1245 798 1306 835 καὶ
1333 798 1568 849 ταλαιπώρων
1596 798 1775 836 Ἰουδαίων
1800 800 1966 849 μέλλουσι
1995 800 2239 850 προσελαύνειν

196 867 348 912 συνεχεῖς
362 861 422 899 καὶ
435 862 643 908 ἐπάλληλοι,
665 862 701 898 αἱ
715 861 921 911 σάλπιγγες,
940 862 976 897 αἱ
995 858 1248 908 σκηνοπηγίαι,
1270 861 1306 896 αἱ
1325 865 1482 906 νηστεῖαι
1500 875 1510 895 .-
1529 862 1566 897 F
1566 862 1655 896 eriae
1669 862 1894 897 miserorum
1914 868 2032 910 atque
2051 874 2242 897 ‹erumno-

194 933 325 959 sorum
342 923 568 960 Judaeorum
586 923 777 959 continua?
805 929 842 958 et
856 922 1091 972 frequentes
1109 920 1274 966 instant,
1299 922 1415 966 tabee,
1439 922 1685 972 scenopegiae,
1700 920 1871 973 jejunia.
1894 920 1962 957 His
1980 930 2122 958 notatur
2144 920 2242 957 haud

192 979 302 1019 dubie
320 982 452 1020 mensis
470 982 566 1020 Tisri
583 982 661 1020 sive
678 980 903 1033 September,
924 980 1026 1032 cujus
1044 979 1310 1030 decimoquinto
1325 981 1388 1019 die
1406 981 1601 1033 incipiebat
1620 982 1853 1033 Scenopegia,
1873 995 1935 1019 seu
1962 982 2089 1019 festum
2108 981 2242 1019 Taber-

194 1042 414 1079 naeulorum.
432 1042 502 1082 Illo
523 1051 641 1080 autem
657 1055 777 1080 mense
794 1041 901 1093 plura
921 1041 1018 1094 apud
1035 1041 1180 1081 Judaeos
1199 1041 1432 1080 occurrebant
1449 1043 1552 1090 festa,
1571 1055 1678 1092 quam
1695 1042 1731 1079 in
1753 1042 1913 1092 quolibet
1931 1042 2001 1079 alio
2017 1042 2125 1080 totius
2140 1043 2238 1090 anni,

195 1110 233 1138 ut
253 1101 375 1140 videas
394 1103 492 1154 apud
512 1102 748 1149 Buxtorfum‚
769 1101 998 1141 Leusdenum
1015 1111 1049 1140 et
1065 1102 1166 1148 alios,
1188 1102 1285 1153 quod
1302 1103 1410 1142 etiam
1429 1102 1563 1140 indicat
1584 1103 1863 1155 Chrysostomus
1878 1118 1960 1141 cum
1977 1103 2067 1141 dicit
2086 1111 2242 1156 συνεχεῖς

193 1163 251 1200 καὶ
265 1163 468 1209 ἐπάλληλοι.
481 1163 581 1203 Hanc
593 1163 861 1202 solemnitatum
874 1163 1110 1215 frequentiam
1124 1163 1262 1215 aliquot
1274 1164 1401 1202 diebus
1415 1163 1644 1202 antevenisse
1657 1163 1954 1216 Chrysostomum
1965 1178 2046 1202 cum
2058 1165 2239 1217 praemissa

190 1224 301 1263 verba
329 1224 526 1275 declarant,
550 1234 627 1264 tum
648 1240 732 1264 mox
752 1225 931 1264 afferenda
951 1226 1199 1264 testificantur.
1222 1226 1343 1272 Quare
1369 1239 1488 1263 mense
1512 1228 1675 1275 Augusto
1694 1225 1849 1276 primam
1868 1225 2054 1263 homiliam
2074 1225 2240 1265 habuisse

190 1285 344 1324 videtur.

244 1347 446 1387 Secundam
468 1348 671 1395 homiliam,
694 1362 771 1386 eam
792 1362 933 1400 nempe,
957 1362 1035 1398 quae
1063 1348 1113 1386 sic
1133 1348 1274 1401 incipit,
1299 1348 1344 1386 ‘H
1365 1348 1429 1398 μὲν
1458 1348 1660 1400 παράνομος
1687 1348 1749 1386 καὶ
1785 1348 1998 1400 ἀκάθαρτος,
2028 1347 2151 1386 decem
2177 1357 2239 1386 aut

193 1407 361 1460 pluribus
384 1409 514 1461 elapsis
540 1424 560 1446 a
587 1410 704 1462 prima
733 1409 861 1447 diebus
883 1409 1023 1458 habuit,
1046 1410 1202 1460 quinque
1221 1409 1349 1447 diebus
1369 1418 1450 1446 ante
1468 1423 1576 1459 quam
1596 1408 1804 1448 Judaeorum
1821 1409 2000 1461 jejunium
2019 1409 2170 1459 adesset,
2200 1419 2240 1448 ut

194 1467 244 1505 sic
264 1467 340 1519 ipse
363 1467 519 1508 declarat
538 1470 655 1515 inifio,
672 1469 719 1508 eH
740 1471 801 1520 μὲν
821 1464 879 1508 οὖν
899 1470 1101 1521 παράνομος
1121 1473 1234 1508 αὐτῶν
1256 1470 1399 1518 νηστεία
1421 1471 1510 1521 μετὰ
1528 1470 1631 1508 πέντε
1652 1471 1772 1509 λοιπὸν
1793 1471 1929 1520 ἡμέρας
1949 1471 2133 1523 ἐφίσταται
2146 1488 2154 1495 ·
2171 1471 2239 1522 ἐγὼ

193 1528 229 1568 δὲ
247 1530 316 1583 πρὸ
336 1531 420 1569 δέκα
438 1531 615 1585 ἦμερῶνῆ
633 1532 692 1569 καὶ
711 1531 880 1570 πλειόνων
899 1532 1086 1584 προλαὲὼν
1107 1533 1326 1583 ἐποιησάμην
1343 1532 1406 1579 τὴν
1425 1532 1642 1584 παραίνεσιν,
1659 1532 1749 1570 ὥστε
1769 1532 2028 1583 ἀσφαλίσασθαι
2049 1531 2127 1575 τοὺς
2143 1535 2241 1571 ἀδελ·

191 1589 273 1642 φοὺς
297 1591 375 1634 τοὺς
391 1593 599 1644 ὑμετέρουςε
619 1594 872 1643 lllegilimum
892 1595 1013 1645 igitur
1030 1596 1197 1644 ipsorum
1209 1594 1408 1645 jejunium
1423 1602 1509 1645 post
1529 1597 1701 1645 quinque
1720 1594 1802 1631 dies
1830 1594 2010 1646 deinceps
2034 1597 2179 1641 instat;
2199 1602 2241 1631 at*

193 1666 263 1704 ego
281 1662 373 1690 ante
389 1653 518 1691 decem
537 1655 618 1692 dies
635 1655 702 1691 vel
713 1654 844 1706 plures
863 1656 1161 1692 cohortationem
1178 1657 1232 1692 ad
1249 1669 1321 1692 vos
1341 1656 1475 1701 habui,
1498 1656 1703 1708 utsratres
1719 1664 1870 1692 vestros
1883 1659 2166 1706 proemunirem.
2187 1656 2240 1693 Ne

189 1725 272 1750 vero
297 1713 438 1751 dubites
458 1714 549 1751 hauc
573 1714 687 1765 ipsam
707 1728 781 1752 esse
803 1727 910 1764 quam
932 1713 1123 1752 secundam
1145 1721 1266 1752 contra
1295 1714 1439 1753 Judaeos
1470 1715 1609 1760 habuit,
1642 1714 1725 1752 vide
1757 1716 1940 1765 quomodo
1970 1716 2022 1754 ibi
2053 1716 2097 1754 de
2123 1716 2240 1767 prima

188 1772 355 1823 loquatur
372 1788 472 1812 num.
491 1776 516 1812 5
534 1790 542 1811 :
562 1776 640 1813 Οὐκ
659 1775 811 1820 ἤκουσας
835 1776 870 1812 ἐν
887 1778 930 1826 τῇ
949 1775 1103 1827 προτέρα
1127 1773 1276 1818 διαλέξει
1295 1779 1414 1827 σαφῶς
1435 1776 1677 1820 ἀποδείξαντος
1695 1780 1780 1826 ἡμῖν
1807 1781 1867 1815 τοῦ
1885 1776 2001 1827 λόγου,
2021 1777 2074 1815 ὅτι
2094 1777 2153 1815 καὶ
2178 1776 2240 1820 τὰς

187 1835 301 1886 ψυχὰς
320 1836 427 1879 αὐτὰς
446 1839 514 1874 τῶν
542 1835 721 1876 Ἰουδαίων
751 1835 907 1879 καὶτοὺς
928 1836 1054 1879 τόπους
1076 1838 1110 1873 ἓν
1142 1830 1190 1878 οἷς
1219 1836 1446 1887 συλλέγονται
1467 1838 1626 1887 δαίμονες
1653 1840 1874 1885 κατοικοῦσι,
1908 1839 1998 1875 Non
2030 1839 2179 1876 audisti
2198 1842 2239 1874 in

183 1898 304 1945 priori
322 1899 506 1934 concione
526 1911 641 1947 quam
662 1898 901 1950 clare-fuerit
921 1899 1097 1934 oratione
1116 1897 1438 1945 demonstratum,
1458 1901 1561 1950 ipsas
1582 1901 1736 1936 animas
1754 1899 1994 1946 Jndoeorum,
2011 1908 2046 1937 et
2071 1901 2155 1937 loca
2173 1901 2239 1937 uhi

187 1967 473 2010 cong-regantur
498 1973 523 1996 a
542 1959 780 1997 daemonibus
799 1960 1001 1996 habitari?
1019 1957 1061 1995 Id
1080 1971 1180 2004 vem,
1205 1971 1332 2009 nempe
1354 1968 1387 1996 et
1405 1959 1542 1997 animas
1560 1959 1780 2004 Judaeorum‚
1807 1969 1840 1997 et
1870 1960 1947 1998 loca
1977 1961 2185 1998 eorumdem
2218 1975 2236 1998 a

184 2017 408 2058 daemonibus
429 2020 600 2069 habitari,
623 2020 815 2072 conspicue
832 2029 865 2058 et
882 2020 959 2057 fuse
979 2020 1108 2071 probat
1125 2019 1186 2056 ille
1207 2018 1356 2057 homilia
1375 2020 1490 2072 prima
1509 2030 1631 2058 contra
1651 2019 1808 2067 Judaeos,
1828 2034 1925 2058 num.
1946 2023 1986 2068 ti,
2008 2021 2055 2058 ita
2076 2030 2114 2058 ut
2140 2031 2237 2059 certo

186 2080 318 2118 certius
344 2081 403 2129 sit,
433 2081 533 2119 illam
553 2096 630 2120 esse
652 2091 773 2120 contra
793 2081 939 2120 Judaeos
966 2080 1135 2132 primam,
1164 2080 1256 2118 hanc
1276 2094 1362 2119 vero
1381 2081 1589 2128 secundam,
1608 2095 1716 2132 quam
1735 2081 1898 2119 dolemus
1915 2081 1961 2120 ad
1986 2096 2050 2120 nos
2069 2083 2235 2122 mutilam

185 2139 390 2191 devenisse;
410 2142 502 2180 nihil
518 2152 610 2180 certe
626 2157 695 2180 non
713 2143 865 2194 egimus,
883 2152 922 2179 ut
938 2157 1015 2180 eam
1033 2152 1163 2180 sartam
1180 2152 1213 2180 et
1228 2150 1354 2180 tectam
1371 2143 1555 2180 ederemus
1570 2159 1578 2179 :
1595 2158 1659 2194 per
1673 2157 1794 2180 omnes
1811 2144 1921 2181 ferme
1936 2144 2092 2196 Europae
2107 2145 2234 2182 biblio-

186 2201 304 2240 thecas
324 2203 521 2241 amicorum
539 2217 646 2256 opera
663 2218 739 2241 earn
757 2204 792 2241 in
812 2204 1066 2256 Manuscriptis
1083 2204 1242 2255 perquiri
1258 2203 1444 2241 homiliam
1465 2205 1672 2242 curavimus
1689 2220 1696 2240 :
1718 2204 1778 2242 sed
1793 2205 1924 2242 frustra
1943 2219 2075 2244 cessere
2089 2216 2234 2245 conatus

187 2275 323 2300 omnes.
345 2263 444 2301 Hanc
466 2264 668 2311 homiliam,
690 2273 727 2302 ut
756 2279 864 2317 supra
885 2264 1061 2312 diximus,
1081 2265 1238 2303 Savilius
1255 2274 1416 2302 octavam
1436 2274 1614 2316 posuerat,
1635 2266 1772 2304 Fronto
1791 2274 1910 2302 autem
1936 2267 2090 2305 Ducaeus
2108 2268 2234 2319 procul

187 2322 232 2360 ab
249 2323 345 2372 aliis,
366 2325 466 2374 quasi
488 2325 642 2362 incertus
659 2326 735 2376 ejus
751 2326 840 2362 situs
853 2334 956 2373 esset,
975 2325 1009 2362 in
1030 2327 1195 2376 quintum
1214 2334 1350 2362 tomum
1371 2325 1609 2374 ablegaverat.

242 2384 404 2422 Tertiam
424 2385 667 2423 incunctanter
688 2386 853 2437 ponimus
872 2385 1059 2423 homiliam
1090 2386 1124 2423 iu
1145 2400 1203 2423 eos
1222 2387 1282 2436 qui
1307 2386 1425 2438 primo
1447 2386 1583 2423 Pascha
1609 2385 1783 2436 jejunant,
1803 2387 1904 2436 cujus
1925 2387 2067 2424 initium
2089 2402 2096 2422 :
2120 2389 2234 2426 Πάλιν

186 2444 289 2496 χρεία
317 2460 367 2488 τις
387 2445 560 2497 ἀναγκαία
591 2445 651 2484 καὶ
678 2446 948 2498 κατεπείγουσα,
977 2450 1046 2484 τῶν
1067 2446 1188 2499 πρῴην
1221 2447 1411 2498 εἰρημένων
1432 2447 1494 2493 τὴν
1522 2446 1729 2485 ἀκολουθίαν
1751 2447 1966 2497 διακοψασα,
1996 2449 2080 2498 πρὸς
2108 2449 2234 2495 ἑαυτὴν

187 2507 377 2544 ἐπισπᾶται
398 2506 456 2544 τὸν
475 2506 589 2558 λόγον,
610 2507 668 2544 καὶ
685 2510 752 2545 τῶν
774 2510 859 2559 πρὸς
875 2507 952 2550 τοὺς
973 2508 1164 2559 αἱρετικοὺς
1183 2512 1276 2558 ἡμᾶς
1296 2508 1425 2558 ἀπάγει
1442 2509 1712 2558 παλαισμάτων.
1728 2506 1852 2556 ‘littei-3
1870 2509 1932 2556 μὲν
1948 2508 2014 2560 γὰρ
2034 2510 2139 2546 πάλιν
2156 2511 2235 2562 περὶ

185 2570 248 2614 τῆς
275 2571 334 2605 τοῦ
357 2571 562 2618 μονογενοῦς
592 2568 691 2613 δόξης
721 2570 947 2621 διαλεχθῆναι
968 2570 1053 2620 πρὸς
1076 2570 1138 2615 τὴν
1170 2570 1339 2620 ὑμετέραν
1374 2570 1514 2619 ἀγάπην
1544 2569 1887 2620 παρεσκευαζόμεθα.
1921 2567 1962 2605 ld
1992 2578 2058 2614 est,
2089 2570 2235 2608 Rursus

189 2630 446 2667 necessarium
471 2630 665 2680 quoddam
693 2638 728 2667 et
755 2644 892 2682 urgens
919 2635 1130 2682 negotium,
1149 2645 1279 2669 eorum
1296 2644 1381 2681 (111oe
1402 2644 1524 2682 nuper·
1541 2631 1644 2667 dictu
1667 2639 1755 2666 sunt
1776 2631 1909 2666 serie-m
1937 2634 2231 2679 interrumpens.

187 2689 241 2725 ad
257 2691 422 2740 seipsum
443 2694 658 2728 orationem
685 2692 872 2736 traducit,
900 2701 934 2728 et
952 2706 977 2728 a
995 2696 1181 2742 susceptis
1204 2706 1290 2728 cum
1311 2693 1500 2728 haereticis
1527 2692 1804 2728 certmm'nilms
1825 2690 1938 2726 huda·
1967 2703 2034 2726 nos
2056 2693 2229 2730 ‹duim-te.

187 2750 292 2787 Nam
313 2762 381 2787 nos
398 2751 553 2801 quidem
571 2765 700 2789 rursus
717 2752 764 2788 de
789 2753 985 2802 Unigeniti
1004 2753 1131 2802 gloria
1156 2754 1423 2806 verbasacere
1442 2754 1494 2789 ad
1515 2755 1716 2789 caritatem
1738 2759 1908 2788 vestram
1925 2756 2052 2799 parati
2069 2766 2231 2791 eramus.

188 2809 254 2846 llis
274 2823 380 2862 porro
398 2810 557 2848 declarat
580 2812 706 2863 sejam
728 2812 884 2852 secundo
907 2813 1144 2851 Homiliarum
1165 2823 1286 2851 souti-a
1315 2817 1502 2850 Auomueos
1524 2827 1666 2850 cursum
1688 2812 1925 2863 interpellare.
1948 2813 2042 2862 quod
2061 2827 2097 2850 se
2117 2815 2233 2864 primo

188 2869 308 2907 secisse
333 2870 428 2908 dixit
451 2870 552 2909 initio
574 2871 730 2910 homiliae
758 2874 773 2910 l
793 2883 915 2911 contra
936 2874 1092 2912 Judms.
1119 2874 1259 2912 Etenim
1280 2888 1360 2911 cum
1389 2875 1540 2926 primam
1567 2883 1687 2910 contra
1709 2878 1894 2909 Auomoeos
1920 2874 1995 2910 site
2014 2872 2059 2910 de
2088 2874 2232 2912 lucum-

189 2930 422 2983 preliensibili
443 2933 637 2971 orationem
659 2934 853 2982 habuisset,
873 2949 1016 2973 cursum
1036 2937 1158 2973 sistere
1175 2945 1315 2973 coactus
1334 2944 1398 2979 cst,
1420 2948 1488 2972 uon
1510 2934 1615 2972 inodo
1637 2943 1672 2970 ut
1697 2944 1816 2970 contra
1837 2932 1979 2971 ,luda-os
1999 2944 2229 2980 cotim-rturet,

189 2991 284 3042 quod
307 2992 448 3032 duabus
467 2992 625 3031 homiliis
645 2995 824 3047 pra-stitit,
842 2997 902 3034 sed
925 3005 960 3034 ut
977 3006 1108 3048 patres
1125 2996 1298 3047 quosdam
1316 2997 1556 3047 spirituales,
1577 2995 1626 3033 sic
1646 2995 1720 3039 ille,
1736 2995 1796 3044 qui
1820 2994 2045 3032 <turim-hiatu
2062 3007 2229 3034 teuc-rant

188 3052 384 3104 exciperet,
401 3068 441 3091 ac
456 3063 574 3106 postca
589 3066 812 3094 ocem-rentes
829 3058 957 3095 multas
972 3067 1170 3109 titatrtyrum
1188 3058 1427 3096 solemnitates
1445 3058 1651 3095 celebrari-t.
1675 3056 1752 3099 tiis,
1771 3056 1928 3106 iuquam,
1942 3058 2109 3094 munibus
2126 3059 2231 3097 iuter-

190 3114 341 3165 pellatus
359 3123 408 3152 est
431 3129 450 3152 a
470 3125 583 3167 coepta
604 3126 723 3154 contra
746 3122 934 3155 Auomueos
955 3132 1085 3170 pugna,
1103 3121 1148 3155 ita
1170 3129 1204 3156 ut
1229 3134 1296 3156 mm
1318 3119 1498 3156 modicum
1520 3119 1688 3169 temporis
1711 3127 1815 3154 tuta-rx
1826 3117 1935 3154 allum
1954 3119 2056 3155 sut-rit
2078 3120 2229 3171 print-tm

190 3174 281 3215 iuter
302 3174 485 3215 homiliam
514 3186 633 3217 contra
667 3181 855 3216 Auoumms
874 3190 907 3216 et
931 3181 1082 3218 terti-uu.
1105 3182 1195 3217 Cum
1218 3191 1334 3218 autem
1359 3180 1512 3232 priimum
1536 3189 1656 3216 cuutra
1686 3179 1829 3218 ,luda-o>
1854 3179 2038 3217 homiliam
2068 3181 2230 3220 hahuerit

192 3248 310 3273 meuse
331 3239 493 3285 Augusto
521 3238 605 3275 anni
628 3240 722 3284 586,
753 3249 789 3277 ιιι
809 3255 914 3291 supra
936 3240 1112 3283 diximus,
1136 3242 1326 3279 scrinulum
1351 3257 1432 3278 vero
1456 3241 1596 3277 iun-mitt·
1616 3241 1753 3277 circiter
1775 3240 1991 3290 Septembri.
2015 3243 2158 3285 ‹lece-nt,
2183 3244 2231 3281 ait

193 3294 265 3341 illc,
288 3297 519 3348 acpluriltus
534 3299 667 3336 (liebus
683 3309 758 3351 post
774 3300 939 3351 primam,
954 3316 1116 3350 ιιιιιμιιιιιιι
1130 3303 1351 3354 Svptmultris
1365 3311 1500 3353 parti-tu
1517 3301 1719 3338 iusumserit
1732 3300 1954 3351 excipit-udis
1969 3301 2041 3339 illis
2052 3306 2231 3350 patribus
2251 3332 2295 3354 sss

195 3357 477 3405 spiritualibus,
501 3372 540 3395 ac
562 3359 785 3398 celebrandis
800 3370 999 3412 titan-tyrum
1018 3363 1313 3406 sulciuuitattlms,
1331 3376 1545 3412 rursumque
1559 3361 1760 3413 Septembri
1776 3371 1926 3398 exeunt<-
1944 3376 2061 3400 mcusc
2077 3379 2231 3416 pugnam

197 3429 277 3452 cum
298 3418 476 3455 Anomoeis
495 3420 711 3465 resumet-it,
729 3435 834 3470 quam
851 3421 976 3459 itt-rum
998 3423 1051 3460 vot
1070 3424 1227 3461 uomlum
1245 3433 1368 3461 exat-tu
1383 3423 1597 3474 Scptctulnri.
1617 3423 1672 3459 wl
1692 3423 1793 3461 tuitio
1806 3424 1974 3460 octubris
1992 3426 2231 3465 intermiserit.

200 3484 353 3526 urgento,
382 3486 417 3515 ut
449 3479 510 3516 illc
532 3479 592 3524 stit,
628 3481 828 3518 necessitati·
856 3491 891 3519 ιιι
921 3493 1038 3525 muts-t
1060 3485 1201 3522 ,luda-os·
1230 3487 1356 3525 iterum
1378 3495 1551 3522 ιϊιἸηιιιι-ιι
1573 3485 1727 3522 hala-ivl.
1764 3489 1805 3521 lu
1831 3499 1913 3522 reru
1941 3496 2016 3536 post
2040 3487 2227 3526 secuudum
