2513 3871
37 1484 125 1512 Psal.
143 1482 172 1512 8.
192 1483 222 1513 5.

39 1609 128 1637 Pmt.
141 1606 195 1643 43.

42 1649 89 1679 13.

47 2170 120 2198 Gal.
138 2177 229 2199 2.20.

262 209 348 262 ¹84
666 220 705 249 s.
744 219 930 250 somnis

252 305 378 351 initio,
399 319 478 355 quae
497 302 672 354 quotidie,
700 314 779 352 quae
795 301 833 338 in
854 300 1017 351 singulos
1031 329 1042 345 ‚
1071 313 1151 350 quae
1171 298 1208 337 in

252 379 374 404 omnes
387 363 508 412 simul,
525 376 604 414 quae
617 361 751 415 palam,
766 376 846 414 quae
857 361 1075 408 clanculum,
1094 360 1210 400 multo

251 426 356 478 plura
377 425 434 472 iis,
452 437 530 475 quae
549 422 733 461 manifesta
754 431 837 461 sunt
850 437 860 468 ;
874 422 960 460 item
979 435 1059 473 quae
1077 434 1211 460 seeun-

249 488 337 526 dum
353 485 586 525 oeconomiam
598 484 774 537 unigeniti
790 484 873 523 Filii
890 483 975 534 Dei,
988 485 1110 523 sutura
1126 497 1212 535 quo·

248 562 318 600 que
331 548 438 595 bona,
449 557 483 586 et
493 546 614 586 omnia
627 546 774 585 demum
788 544 1093 598 circumspiciens,
1105 553 1211 596 atque

248 609 524 650 inenarrabilem
544 609 611 648 Dei
630 622 787 648 amorem
805 608 967 660 undique
983 606 1156 660 colligens
1173 616 1208 646 et

249 671 424 724 cogitans,
447 670 549 723 quasi
569 671 605 709 in
625 671 837 709 immensum
858 669 1006 723 pelagus
1024 668 1206 722 delapsus,

246 732 298 771 sic
316 731 464 771 edidicit
480 741 567 784 quot
586 741 620 770 et
635 732 779 783 quantis
795 739 887 770 esset
906 730 1106 770 rationibus
1125 731 1207 769 red-

244 791 374 833 dendis
393 793 570 832 obnoxius
585 823 596 842 ,
625 807 778 844 quarum
798 806 842 831 ne
859 792 1047 831 minimam
1069 801 1205 844 partem

245 854 418 894 exhibere
436 863 585 907 poterat.
610 855 841 907 Quapropter
859 853 946 892 talia
965 853 1202 904 loquebatur,

244 926 278 955 ct
292 916 441 955 minima
459 916 606 967 quidem
619 925 762 969 peccata
779 929 906 967 magna
918 929 1000 953 cum
1017 914 1205 966 diligentia

243 977 487 1027 scrutabatur,
509 986 602 1015 recte
617 978 708 1015 sacta
723 986 840 1015 autem
859 976 1035 1015 oblivioni
1054 976 1205 1015 manda-

244 1040 320 1078 bat.
340 1038 411 1078 Sed
432 1052 502 1077 non
529 1038 678 1092 perinde
695 1052 772 1085 nos,
795 1038 857 1090 qui
877 1037 1091 1077 delictorum
1115 1039 1203 1089 qui-

241 1100 340 1147 dem,
370 1100 453 1139 licet
477 1101 589 1139 multa
610 1113 810 1151 magnaque
829 1100 919 1148 sint,
947 1114 1010 1138 nec
1030 1100 1203 1138 rationem

243 1161 442 1212 habemus,
464 1175 528 1200 nec
547 1162 763 1200 mentionem
782 1161 934 1199 facimus
954 1161 1005 1198 :si
1025 1160 1115 1212 quid
1135 1176 1204 1199 au—

245 1232 315 1261 tem
337 1223 391 1262 vel
408 1223 600 1261 minimum
616 1222 700 1260 boni
718 1222 920 1268 fecerimus,
938 1221 975 1258 id
991 1222 1084 1259 ultro
1100 1221 1204 1259 citro-

244 1298 314 1334 que
338 1285 519 1336 jactamus
534 1313 546 1329 ,
581 1297 644 1321 nec
672 1283 774 1335 prius
789 1282 951 1334 jactandi
970 1291 1002 1320 ct
1023 1282 1204 1333 gloriandi

242 1346 349 1382 linem
368 1345 535 1393 facimus,
551 1357 658 1394 quam
676 1357 831 1395 parvum
848 1342 942 1380 illud
962 1357 1024 1395 per
1039 1357 1205 1394 arrogan-

242 1405 328 1443 tiam
345 1404 541 1443 delcamus.
561 1405 646 1442 Haec
667 1404 751 1442 item
770 1402 990 1456 perpendens
1010 1403 1129 1442 David
1145 1403 1205 1442 di-

241 1465 341 1504 cebat
357 1482 365 1503 :
386 1467 492 1517 Qm'd
507 1475 562 1503 est
583 1466 700 1504 homo
714 1493 725 1512 ‚
743 1464 851 1518 quod
866 1478 1014 1503 memor
1033 1479 1073 1503 es
1093 1467 1175 1518 ejus
1187 1471 1205 1504 Ρ

241 1529 364 1579 Neque
384 1527 423 1566 id
441 1527 573 1575 solum,
594 1527 656 1565 sed
672 1527 854 1579 ingratum
873 1526 1034 1565 animum
1050 1527 1128 1579 ejus
1146 1527 1204 1565 in·

241 1602 370 1627 rusans
399 1588 541 1627 dicebat
558 1604 566 1625 :
583 1589 712 1626 Ilomo
734 1601 823 1626 cum
842 1590 885 1625 in
909 1589 1057 1626 honore
1076 1597 1175 1627 esset
1188 1618 1201 1639 ,

243 1664 322 1688 non
349 1650 544 1688 intellexit
562 1668 576 1690 .·
597 1656 844 1701 comparatus
865 1658 920 1688 est
935 1650 1123 1701 jumentis
1141 1650 1202 1688 in-

242 1713 486 1763 sipientibus,
503 1720 540 1750 et
558 1711 699 1750 similis
703 1712 846 1764 sactus
867 1719 922 1750 est
943 1713 1013 1749 eis.

295 1841 336 1881 6.
361 1841 458 1881 Illud
480 1843 571 1895 grati
601 1841 728 1880 famuli
747 1850 818 1891 est,
840 1840 1013 1879 beneficia
1037 1840 1204 1878 omnibus

244 1903 354 1941 simul
373 1903 516 1949 collata,
540 1903 609 1941 sibi
629 1903 774 1955 propria
792 1901 1009 1949 existimare,
1029 1910 1135 1953 atque
1155 1901 1204 1940 ita

245 1963 439 2002 sollicitum
457 1977 530 2002 esse
543 1978 584 2002 ac
599 1964 627 2002 si
644 1963 804 2001 omnium
821 1961 964 2001 debitor
978 1971 1079 2003 essct.
1095 1962 1203 2009 Quod

247 2026 356 2064 etiam
374 2025 507 2064 Paulus
522 2025 675 2063 faciebat
694 2029 727 2072 (e
741 2039 779 2062 re
799 2038 952 2075 namque
972 2025 1079 2062 suerit
1099 2024 1202 2063 illum

246 2087 366 2126 denuo
378 2090 685 2135 commemorare),
694 2101 776 2125 cum
787 2086 877 2124 dicit
886 2085 1080 2124 Dominum
1092 2099 1158 2139 pro
1168 2100 1204 2125 se

247 2158 430 2188 mortuum
443 2162 517 2187 esse
533 2165 540 2187 :
557 2149 671 2199 Quod
680 2158 825 2194 autem,
846 2147 978 2199 inquit,
996 2161 1100 2186 nunc
1112 2149 1204 2186 vivo

249 2214 291 2249 in
313 2224 430 2250 carne
446 2240 455 2258 ,
477 2213 518 2248 in
529 2210 617 2262 fide
635 2211 727 2247 vivo
744 2210 841 2248 Filii
861 2210 950 2259 Dei,
975 2211 1043 2261 qui
1063 2209 1204 2247 dilexit

245 2287 320 2319 me,
337 2281 374 2310 et
388 2273 550 2311 tradidit
564 2274 808 2323 semetipsum
820 2284 892 2323 pro
907 2285 982 2309 me.
1000 2272 1085 2309 llaec
1098 2285 1205 2323 porro

245 2334 387 2373 dicebat
407 2348 475 2372 non
501 2342 538 2371 ut
559 2332 693 2371 Christi
725 2332 861 2371 donum
881 2332 1121 2382 contraheret,
1144 2331 1206 2370 scd

250 2405 288 2434 nt
315 2395 435 2447 quoad
455 2404 587 2442 totum,
623 2409 660 2432 se
679 2394 880 2432 obnoxium
901 2393 1152 2443 constitueret,
1175 2402 1208 2432 et

249 2458 401 2511 singulis
415 2466 453 2495 ut
470 2457 521 2495 sic
536 2456 652 2495 aflecti
670 2465 784 2494 essent
803 2455 1046 2509 persuaderet.
1070 2457 1162 2494 Nam
1179 2456 1208 2494 si

249 2535 313 2572 pro
341 2534 411 2558 uno
430 2528 570 2558 tantum
590 2518 735 2556 homine
754 2518 909 2556 venisset
936 2517 1118 2566 Christus,
1138 2532 1207 2557 non

248 2581 329 2621 ideo
346 2581 564 2620 minueretur
579 2579 729 2627 donum,
748 2579 809 2618 sed
827 2580 943 2631 majus
956 2593 1029 2619 esse
1045 2593 1209 2633 compro-

250 2643 406 2681 baretur.
423 2641 616 2691 Quomodo
626 2642 644 2678 3‘
657 2641 751 2687 Quia
766 2654 831 2693 pro
844 2654 915 2679 uno
929 2649 1062 2679 tantam
1076 2641 1209 2679 sollici-

251 2703 412 2743 tudinem
439 2703 609 2742 habuisse
629 2701 834 2750 videretur,
861 2711 1030 2752 quantam
1051 2701 1127 2750 illc,
1147 2701 1208 2753 qui

1221 583 1271 608 150

966 217 1211 247 cunYSOST.
1252 217 1457 247 Aucnltzp.
1495 217 1857 250 CONSTANUNOP.

1286 300 1573 352 ἀναλογιζόμενος
1586 302 1817 350 ὁάπόστολος,
1826 301 1921 352 ι’[ιιαὶ
1934 301 2067 342 τούτων
2082 303 2239 351 πλείονα,
2249 304 2310 342 ἅτε

1283 361 1459 413 πνεύματι
1491 362 1574 416 θείῳ
1596 363 1796 414 κινούμενος
1815 363 1849 415 ],
1871 363 1916 402 τά
1934 379 1973 402 τε
1991 362 2027 408 ἐξ
2051 365 2244 418 ἀρχῆς,τά
2272 380 2311 404 τε

1284 423 1364 463 καθ’
1387 423 1540 473 ἑκάστην
1558 424 1719 478 ἡμέραν,
1743 424 1787 463 τά
1806 441 1844 464 τε
1859 425 1909 469 εἷς
1927 425 1989 464 ἕνα
2015 424 2183 474 ἕκαστον,
2198 426 2244 466 τά
2272 442 2311 466 τε

1284 486 1333 528 εἷς
1360 484 1501 524 ἅπαντα
1528 488 1628 537 κοινῇ
1649 486 1837 538 γινόμενα,
1863 488 1879 537 [
1899 486 1959 525 καὶ
1983 485 2029 525 τὰ
2056 489 2232 541 φανερῶς,
2250 488 2310 527 καὶ

1283 545 1328 584 τὰ
1345 545 1458 598 λάθρα
1472 548 1594 600 πολλῷ
1611 547 1757 586 πλείονα
1769 549 1852 586 ὄντα
1868 550 1936 586 τῶν
1953 549 2143 600 φανερῶν],
2161 547 2222 586 καὶ
2235 547 2310 586 ‘lu

1233 621 1257 650 Α
1282 607 1326 646 τὰ
1341 607 1433 646 κατὰ
1445 607 1509 654 τὴν
1520 608 1720 658 οἰκονομίαν
1735 612 1796 647 τοῦ
1810 611 2014 660 μονογενοῦς
2026 608 2112 647 Υἱοῦ
2125 611 2186 646 τοῦ
2201 610 2309 657 Θεοῦ,

1285 670 1371 719 [καὶ
1383 670 1428 709 τὰ
1445 669 1619 721 μέλλοντα
1633 670 1747 721 ἀγαθὰ
1760 700 1770 718 ,
1791 671 1851 708 καὶ
1870 670 1986 708 πάντα
2006 670 2127 714 ἅπλῶς
2144 685 2309 723 περισκο-

1281 733 1376 780 πῶν,
1397 731 1456 770 καὶ
1479 731 1700 783 πανταχόθεν
1720 731 1898 782 συλλέγων
1913 734 1972 770 τοῦ
1993 733 2087 770 Θεοῦ
2105 730 2169 779 τὴν
2189 730 2308 784 ἄφρα-

1280 809 1362 833 στον
1395 793 1559 845 ἀγάπην,
1584 794 1645 832 καὶ
1674 794 1688 844 ]
1720 793 1905 842 ἐννοήσας,
1924 793 2045 846 ὥσπερ
2079 793 2128 838 εἷς
2155 793 2309 845 πέλαγος

1280 855 1443 905 ἐμπεσὼν
1466 855 1594 908 ἀχανὲς
1607 886 1617 900 ‚
1636 855 1744 900 οὕτως
1770 854 1963 906 ἐμάνθανεν
1981 855 2071 894 ὅσων
2095 855 2156 894 καὶ
2173 855 2308 903 ἡλίκων

1279 917 1463 961 ὑπεύθυνος
1481 910 1544 965 ἦν,
1564 917 1666 967 [οὐδὲ
1683 918 1724 956 τὸ
1741 917 1934 956 πολλοστὸν
1953 917 2168 956 ἀποδεδώκει
2190 917 2305 970 μέρος.

1278 978 1343 1017 Διὸ
1372 978 1414 1026 δὴ
1433 983 1544 1017 ταῦτα
1571 979 1776 1031 ἐφθέγγετο,
1797 979 1884 1029 καὶ]
1902 980 1919 997 *
1935 978 1980 1016 τὰ
2012 978 2075 1029 μὲν
2099 978 2210 1032 μικρὰ
2235 981 2305 1020 τῶν

1280 1040 1548 1092 ἁμαρτημάτων
1562 1039 1652 1090 μετὰ
1667 1042 1799 1087 πολλῆς
1817 1040 1962 1087 ἐξήταζε
1973 1043 2035 1087 τῆς
2050 1040 2245 1093 ἀκριὸείας,
2263 1041 2308 1080 τὰ

1279 1103 1312 1138 δὲ
1331 1101 1591 1154 κατορθώματα
1610 1103 1701 1154 λήθῃ
1715 1107 1728 1123 “
1741 1103 2086 1155 παρέπεμπεν.Ἀλλ’
2106 1105 2172 1156 οὐχ
2183 1106 2306 1154 ἡμεῖς,

1279 1162 1311 1198 οἳ
1339 1164 1408 1199 τῶν
1447 1162 1510 1212 μὲν
1547 1163 1866 1213 πλημμελημάτων
1879 1193 1889 1211 ,
1920 1165 1980 1202 καὶ
2019 1166 2159 1203 πολλῶν
2192 1165 2303 1204 ὄντων

1280 1223 1340 1260 καὶ
1362 1223 1549 1274 μεγάλων,
1570 1224 1648 1262 οὔτε
1671 1224 1773 1274 λόγον
1789 1253 1798 1271 ,
1817 1224 1896 1263 οὔτε
1921 1225 2066 1276 μνήμην
2094 1226 2305 1278 ποιούμεθα·

1280 1282 1321 1320 ἂν
1341 1284 1378 1322 δέ
1399 1300 1434 1322 τι
1461 1285 1586 1335 μικρὸν
1617 1284 1918 1337 κατορθώσωμεν,
1938 1290 2040 1324 τοῦτο
2058 1287 2132 1325 ἄνω
2153 1287 2213 1326 καὶ
2241 1287 2310 1327 κά-

1228 1353 1251 1382 Β
1279 1361 1329 1383 τω
1361 1345 1576 1399 στρέφομεν,
1596 1345 1656 1384 καὶ
1687 1349 1726 1384 οὐ
1758 1346 1928 1398 πρότερον
1961 1346 2185 1399 ἀφιστάμεθα
2215 1364 2309 1402 γαυ-

1282 1407 1443 1458 ρούμενον,
1465 1408 1526 1446 καὶ
1543 1407 1744 1462 φυσώμενοι
1758 1437 1767 1453 ,
1789 1407 1854 1452 ἕως
1873 1408 1914 1447 ἂν
1933 1409 1992 1447 καὶ
2010 1409 2094 1448 αὐτὸ
2117 1409 2157 1448 τὸ
2182 1410 2308 1464 μικρὸν

1280 1469 1338 1508 διὰ
1366 1473 1429 1517 τῆς
1458 1469 1661 1514 ἀλαζονείας
1679 1469 1901 1521 κενώσωμεν.
1922 1471 2047 1510 Ταῦτα
2072 1471 2133 1510 καὶ
2157 1474 2176 1510 ὁ
2196 1472 2312 1512 Δαυὶδ

1279 1535 1420 1570 σκοπῶν
1439 1530 1552 1584 ἔλεγε·
1574 1531 1622 1570 Τι’
1637 1533 1732 1570 ἐστιν
1751 1531 1950 1584 ἅνθρωπος,
1964 1531 2020 1572 ὅτι
2035 1533 2219 1586 μιμνήσκῃ
2240 1535 2307 1573 αὖ-

1279 1598 1355 1640 τοῦ;
1372 1594 1426 1632 Οὐ
1446 1592 1551 1644 μόνον
1573 1592 1627 1641 δὲ,
1649 1593 1741 1632 ἀλλὰ
1770 1594 1830 1632 καὶ
1853 1597 1915 1641 τῆς
1935 1593 2185 1646 ἀγνωμοσύνης
2200 1595 2311 1634 αὐτοῦ

1279 1656 1485 1707 κατηγορῶν
1496 1686 1505 1703 ,
1518 1653 1737 1707 Ἄνθρωπος,
1750 1655 1874 1707 φησὶν,
1893 1657 1927 1693 ἐν
1947 1658 2033 1708 τιμῇ
2048 1655 2096 1695 ὧν
2110 1658 2148 1695 οὗ
2165 1659 2307 1704 συνῆκε,

1279 1716 1574 1769 παρασυνεῆλήθη
1591 1722 1661 1761 τοῖς
1677 1717 1819 1764 κτήνεσι
1838 1723 1910 1762 τοῖς
1926 1717 2104 1765 ἀνοήτοις,
2121 1717 2181 1756 καὶ
2200 1720 2310 1769 ὡμοι-

1278 1779 1352 1825 ι-ἰθη
1388 1779 1515 1822 αὐτοῖς.

1332 1841 1448 1878 Τοῦτο
1466 1840 1600 1880 οἰκέτου
1620 1841 1836 1893 εὐγνώμονος
1848 1871 1858 1890 ,
1878 1840 1939 1885 τὰς
1956 1843 2005 1885 εἷς
2021 1842 2060 1880 τὸ
2081 1842 2194 1881 κοινὸν
2213 1843 2308 1894 εὖερ·

1276 1901 1396 1953 γεσίας
1425 1903 1688 1950 ἰδιοποιεῖσθαι,
1709 1902 1767 1940 καὶ
1800 1905 1846 1946 ὡς
1873 1907 1933 1942 τοῦ
1961 1903 2089 1947 παντὸς
2121 1902 2303 1955 ὀφειλέτην

1276 1964 1381 2012 ὄντα,
1403 1963 1595 2015 φροντίζειν
1614 1963 1673 2001 καὶ
1694 1970 1881 2016 μεριμνᾷν.
1906 1963 2023 2016 ”Οπερ
2045 1964 2104 2002 καὶ
2123 1967 2141 2003 ὁ
2163 1965 2306 2008 Παῦλος

1277 2025 1444 2077 ἐποίησε(
1468 2025 1574 2064 καλὸν
1601 2025 1669 2078 γὰρ
1695 2027 1801 2064 πάλιν
1824 2027 1929 2064 αὐτοῦ
1952 2029 2191 2076 μνημονεῦσαι
2208 2026 2304 2076 ),δι’

1227 2095 1252 2126 C
1278 2087 1380 2125 αὑτὸν
1394 2086 1505 2138 λέγων
1525 2086 1728 2135 τεθνηκέναι
1744 2086 1801 2125 τὸν
1819 2086 1947 2139 Κύριον
1959 2100 1967 2108 ·
1996 2086 2047 2125 ‘⁸0
2070 2087 2138 2138 γὰρ
2157 2091 2215 2126 νῦν
2235 2089 2302 2137 ζῶ,

1277 2148 1398 2200 φησὶν,
1420 2150 1455 2187 ἐν
1473 2148 1593 2200 σαρκὶ,
1613 2149 1648 2187 ἐν
1668 2148 1785 2187 πίστει
1805 2149 1852 2192 ζῶ
1869 2149 1913 2199 τῇ
1935 2151 1995 2186 τοῦ
2015 2149 2102 2188 Υἱοῦ
2123 2152 2184 2188 τοῦ
2210 2151 2303 2188 Θεοῦ

1278 2214 1339 2248 τοῦ
1379 2208 1630 2261 ἀγαπήσαντός
1656 2225 1700 2260 με
1733 2210 1793 2248 καὶ
1821 2209 2039 2261 παραδόντος
2067 2209 2190 2249 ἑαυτὸν
2216 2210 2304 2262 ὑπὲρ

1280 2274 1377 2322 ἐμοῦ.
1410 2272 1535 2310 Ταῦτα
1575 2271 1613 2311 δὲ
1646 2272 1783 2322 ἔλεγεν,
1807 2271 1846 2308 οὗ
1875 2272 2054 2309 συστεῖλαι
2096 2270 2306 2323 βουλόμενος

1280 2337 1341 2372 τοῦ
1372 2334 1528 2385 Χριστοῦ
1552 2333 1615 2381 τὴν
1643 2331 1800 2384 δωρεὰν,
1826 2332 1917 2370 ἀλλὰ
1947 2336 2006 2371 τοῦ
2024 2332 2154 2377 παντὸς
2184 2333 2308 2372 ἑαυτὸν

1282 2394 1470 2433 ὑπεύθυνον
1501 2398 1724 2441 καταστῆσαι
1753 2393 1935 2441 σπεύδων,
1957 2394 2017 2433 καὶ
2042 2393 2191 2433 ἕκαστον
2219 2393 2309 2434 οὕτω

1283 2459 1480 2496 διακεῖσθαι
1499 2456 1640 2496 πείθων.
1654 2455 1671 2477 ¹³
1689 2458 1734 2496 Ei
1759 2455 1830 2508 γὰρ
1856 2456 1915 2494 καὶ
1944 2457 1987 2494 δι’
2020 2456 2080 2495 ἕνα
2098 2456 2310 2510 παρεγένετο

1282 2519 1465 2571 ἄνθρωπον
1487 2520 1506 2556 ὃ
1523 2518 1692 2571 Χριστὸς,
1707 2520 1746 2556 οὗ
1767 2518 1871 2566 μόνον
1893 2519 1955 2556 οὐκ
1968 2519 2173 2556 ἐλαττοῦται
2197 2517 2310 2570 τούτῳ

1282 2582 1304 2625 ἡ
1323 2578 1458 2631 δωρεὰ,
1475 2578 1566 2617 ἀλλὰ
1586 2579 1645 2617 καὶ
1671 2579 1799 2629 μείζων
1821 2578 2006 2617 δείκνυται.
2029 2576 2231 2624 Πῶς;”οτι
2249 2579 2310 2617 καὶ

1284 2640 1371 2692 ὑπὲρ
1393 2640 1465 2684 ἑνὸς
1485 2640 1657 2687 τοσαύτην
1675 2639 1832 2692 φαίνεται
1852 2638 1915 2686 τὴν
1936 2639 2090 2686 σπουδὴν
2109 2640 2308 2678 ἐπιδεικνύ-

1286 2718 1404 2752 μενος,
1423 2701 1508 2748 ὅσην
1530 2704 1548 2739 ὁ
1575 2702 1614 2739 τὸ
1633 2701 1669 2739 ἓν
1689 2701 1865 2752 πρόὸατον
1897 2703 2092 2749 ἐπιζητῶν,
2112 2701 2169 2739 διὰ
2198 2705 2309 2740 ταῦτα

254 2781 359 2805 unam
380 2780 483 2804 ovem
501 2778 676 2816 quaerens,
698 2763 778 2802 idco
796 2763 1011 2801 turbabatur
1030 2773 1063 2801 et
1084 2763 1206 2803 ssebat.
1233 2771 1257 2802 1)
1283 2763 1494 2814 ἐταράττετο
1507 2792 1516 2809 ,
1539 2762 1596 2801 διὰ
1616 2765 1727 2800 ταῦτα
1760 2762 1906 2815 ἐθρήνει.
1938 2763 1981 2800 Εἰ
2001 2761 2070 2814 γὰρ
2089 2765 2120 2801 οἱ
2139 2762 2309 2816 χρήματα

251 2829 288 2867 si
308 2828 402 2866 enim
423 2827 468 2874 ii,
488 2826 548 2878 qui
567 2826 734 2879 pecunias
753 2833 878 2863 mutuo
897 2835 1122 2877 acceperunt,
1148 2839 1211 2863 nec

254 2889 422 2927 solvendo
447 2902 551 2940 pares
576 2896 676 2932 sunt,
709 2885 769 2925 sed
795 2886 830 2923 in
853 2899 981 2938 magno
1000 2887 1082 2925 {eris
1102 2886 1211 2924 alieni

255 2950 432 3002 profundo
448 2949 614 2996 demersi,
628 2961 691 2986 nec
708 2947 916 2997 comedunt,
935 2962 996 2986 nec
1011 2947 1211 2996 dormiunt,

1286 2825 1542 2875 δανεισάμενοι,
1563 2823 1622 2863 καὶ
1645 2826 1707 2862 οὐκ
1723 2823 1862 2875 ἔχοντες
1877 2827 2056 2871 ἀποτῖσαι,
2074 2824 2166 2863 ἀλλὰ
2186 2826 2309 2879 πολλῷ

1285 2890 1297 2903 Γ
1313 2884 1657 2936 καταδαπτιζόμενοι
1690 2888 1738 2938 τῷ
1766 2887 1833 2922 τῶν
1857 2885 2071 2936 ὀφλημάτων
2101 2887 2213 2937 βυθῷ,
2229 2885 2308 2924 οὔτε

1287 2947 1478 2995 ἐσθίουσιν,
1496 2946 1575 2985 οὔτε
1606 2946 1826 2984 καθεύδουσιν
1855 2946 1923 2984 ὑπὸ
1951 2948 2013 2992 τῆς
2044 2946 2224 2998 φροντίδος
2244 2947 2307 2984 δα·

302 3087 316 3108 Ι·
340 3085 350 3126 [
366 3085 447 3124 Qum
464 3085 614 3126 proxime.
633 3080 930 3114 nncizinclusimus
943 3108 951 3122 ,
965 3093 1002 3113 cn
1020 3081 1131 3113 omnin
1146 3080 1270 3113 ulmum.
1302 3085 1316 3114 ὁ
1335 3082 1421 3113 Azanio
1450 3078 1590 3121 σιοπῶν(
1605 3086 1791 3115 κατανοήσας
1804 3077 1899 3119 Suv.)
1922 3083 2017 3120 ῦεγι.
2045 3078 2136 3111 Infra
2153 3078 2250 3116 Colb.
2265 3083 2318 3115 αὺ-

259 3149 290 3169 ιιι
316 3135 440 3170 savilio
455 3161 462 3174 ‚
488 3135 647 3178 nobisque
664 3135 886 3177 suspicionem
907 3132 1177 3176 interpolationis
1196 3145 1270 3164 mo-

257 3187 362 3232 venh]

301 3251 313 3264 ¹·
338 3245 382 3274 ἔτι
398 3237 491 3270 deest
518 3238 549 3269 in
565 3236 663 3269 Colb.
681 3237 784 3269 I‘nulo
800 3245 874 3280 post
892 3236 978 3269 idem
999 3243 1052 3276 τὴν
1065 3243 1267 3283 &unp-puerei«

257 3299 390 3335 ἀγάπην.
411 3296 458 3323 m}
472 3297 509 3327 a,-
527 3295 653 3330 πίὶῑγος
671 3295 837 3330 ἐμπίπτων,
858 3297 890 3321 (“ῑ
905 3301 980 3321 mox
999 3293 1153 3328 ὑπεύθυνος
1169 3296 1218 3323 ὧν.

302 3346 315 3360 “
341 3341 715 3387 [58νῦ1.1)(“1·μῆῑτάμιι
733 3341 819 3385 γάρ,

1303 3138 1355 3165 τοῦ
1369 3136 1417 3164 καὶ
1434 3136 1524 3165 πάλιν
1539 3139 1590 3168 τῆς
1607 3133 1814 3172 ἀγνωμοσύνης
1828 3134 1924 3163 αὐτῶν
1937 3140 2123 3175 κατηγορῶν.

1349 3186 1366 3210 b
1390 3184 1452 3215 llic
1470 3182 1566 3224 longe
1589 3183 1697 3214 vnn-int
1712 3181 1808 3213 Colb.
1829 3183 1884 3224 qui
1903 3183 1950 3214 sic
1972 3182 2070 3215 habet
2090 3188 2115 3217 el
2130 3188 2189 3227 γάρ
2213 3187 2262 3217 καὶ
2279 3186 2316 3218 δι’

1301 3238 1341 3269 ὧν
1354 3240 1534 3279 παρεγίνετο
1558 3240 1705 3280 ἀθρώπων
1721 3239 1736 3268 ὸ
1759 3241 1897 3279 Χριστὸς,
1916 3241 1949 3269 ο)
1964 3243 2055 3278 μόνον
2070 3239 2120 3270 οὔκ
2136 3240 2316 3271 ἐλαττοῦται

1301 3293 1414 3323 τούτων
1436 3295 1451 3326 ἡ
1469 3291 1577 3333 δωρεὰ.
1594 3291 1676 3321 ἀλλὰ
1691 3292 1738 3320 ui
1753 3293 1867 3329 μείζων
1882 3291 2051 3322 δείκνυται·
2069 3293 2143 3322 ὅταν
2166 3292 2215 3321 καὶ
2239 3290 2314 3333 bnis>

1301 3347 1361 3378 ι’,ὀς
1377 3343 1521 3376 τοσαύτην
1536 3346 1676 3383 φαίνηται
1695 3344 1748 3374 τὴν
1767 3341 1891 3376 σπονδῇ)
1911 3341 2148 3380 ἐπιδεικνύμενος.
2169 3343 2266 3384 ὥσπερ
2281 3354 2315 3373 το

299 3408 310 3421 ¹·
336 3399 543 3440 παρίπιμπιι·
573 3399 603 3426 οὐ
633 3398 767 3435 moia-vs.
796 3399 876 3433 ἡμιξις
907 3392 1006 3426 (julli.
1040 3393 1130 3424 lust-1
1165 3393 1259 3425 (lolli.
1302 3396 1493 3435 tamilla-ou
1512 3395 1656 3430 ἐπιζητεῖ.
1675 3392 1732 3421 ἱινὲ,

674 3462 714 3486 2¹,
728 3461 733 3469 .-
748 3472 753 3481 ,
782 3444 882 3475 ῚυΠΙ

255 3458 350 3485 γ’,ζτγ
367 3453 379 3482 ὁ
399 3451 505 3485 ὖῖιπιθ,
526 3456 633 3479 :strum
657 3451 664 3472 Ῐ

925 3454 954 3476 rt
983 3445 1068 3477 §.nil
1104 3453 1197 3479 τπᾲτν
1216 3454 1261 3478 ιιι

1342 3455 1352 3467 r
1379 3442 1475 3476 (toll).
1495 3449 1678 3486 ί’ἓί-ιτζὛ-μι,
1690 3457 1703 3466 -
