2549 3825
877 290 1108 336 ‹ima-tusus
1144 289 1313 320 JUDAEOS
1350 291 1430 321 vlt.

117 373 300 426 φύλαρχοι.
316 374 383 412 Καὶ
400 374 557 425 καθάπερ
574 373 711 424 ἑκάστῳ
727 375 794 411 τῶν
813 374 893 411 υἱῶν
909 373 1040 412 Ἰακὼὸ
1057 373 1145 411 ε’πώ-

118 449 225 482 νυμος
261 429 302 481 ῆν
337 434 446 486 φυλὴ,
478 437 536 472 τοῦ
569 432 752 483 Ῥουὸὴμ,
771 438 831 471 τοῦ
870 433 1019 484 Συμεὼν
1033 463 1042 481 ,
1084 438 1144 472 τοῦ

118 496 223 542 Λευὶ,
253 499 312 534 τοῦ
351 496 490 541 Ἰούδα,
521 499 581 532 τοῦ
615 494 822 545 Νεφθαλὶμ,
857 499 917 533 τοῦ
953 495 1027 533 Γὰδ
1042 525 1052 542 ,
1084 497 1144 533 τοῦ

117 556 222 605 Ἀσὴρ
237 585 246 601 ,
282 559 342 593 τοῦ
382 555 548 605 Βενιαμὶν
563 586 572 603 ,
605 555 712 599 οὕτως
747 556 804 594 ἐπὶ
848 560 908 594 τοῦ
944 554 1075 607 Ἰωσὴφ
1112 556 1144 593 οἱ

116 617 238 660 παῖδες
261 619 293 654 οἱ
310 616 457 663 ἐκείνου,
479 618 672 663 Μανασσῆς
692 616 750 654 καὶ
771 616 944 668 Ἐφραῒμ,
963 620 978 636 ³
991 615 1051 653 δύο
1079 631 1145 667 φυ-

122 679 192 714 λῶν
213 677 394 729 γεγόνασιν
426 676 620 727 ἐπώνυμοι·
643 677 703 715 καὶ
734 678 890 715 ἐκαλεῖτο
920 676 1008 729 φυλὴ
1033 680 1055 722 ἡ
1082 675 1144 724 μὲν

121 741 181 775 τοῦ
201 737 360 790 Ἰίιρραῒμ
375 768 384 785 ,
403 741 424 784 ἡ
451 738 487 775 δὲ
519 741 578 776 τοῦ
598 741 787 783 Μανασσῆ.
806 740 888 776 Τῶν
919 737 1146 789 τρισκαίδεκα

122 799 234 837 τοίνυν
262 798 391 837 τούτων
421 801 558 851 φυλῶν,
587 800 622 837 αἱ
657 798 719 849 μὲν
750 799 854 836 ἄλλαι
879 804 991 835 πᾶσαι
1022 795 1148 849 ἀγροὺς

124 859 226 911 ἔσχον
254 860 313 896 καὶ
336 860 525 912 προσόδους
551 860 683 903 πολλὰς
697 889 706 906 ,
727 858 786 896 καὶ
804 857 995 910 ἐγεώργουν
1014 863 1148 903 πᾶσαι,

129 920 190 958 καὶ
208 921 251 958 τὰ
276 921 367 959 ἀλλὰ
386 922 526 958 ἅπαντα
547 921 717 972 ἔπραττον
737 919 780 956 τὰ
805 918 951 969 βιωτικά
964 934 971 941 ·
991 921 1013 964 ἡ
1034 918 1070 956 δὲ
1090 921 1149 955 τοῦ

128 981 213 1019 Λευὶ
229 981 318 1032 φυλὴ
337 980 505 1033 ἱερωσύνῃ
520 984 708 1030 τιμηθεῖσα
723 1008 733 1026 ,
757 979 844 1028 μόνη
867 981 934 1016 τῶν
951 977 1012 1029 μὲν
1030 980 1150 1029 βιωτι-

128 1044 198 1079 κῶν
231 1042 339 1092 ἔργων
373 1041 599 1087 ἀπήλλακτο,
632 1040 691 1078 καὶ
725 1039 801 1077 οὐδὲ
831 1038 1045 1092 ἐγεώργουν,
1074 1037 1152 1076 οὐδὲ

127 1102 253 1153 τέχνας
275 1101 459 1152 μετῄεσαν,
480 1100 557 1138 οὐδὲ
577 1101 662 1138 ἄλλο
688 1117 722 1138 τι
740 1106 892 1139 τοιοῦτον
919 1099 1016 1138 οὐδὲν
1044 1102 1152 1152 ἐπρα-

129 1161 345 1214 γματεύοντο
359 1192 368 1206 ‚
391 1161 480 1199 ἀλλὰ
501 1164 543 1212 τῆ
569 1161 738 1212 ἱερωσύνῃ
759 1167 944 1213 προσεῖχον
967 1160 1055 1211 μόνῃ
1068 1191 1077 1207 ,
1096 1161 1154 1198 καὶ

130 1224 276 1265 δεκάτας
304 1223 501 1274 ἐλάμὸανον
522 1223 618 1274 παρὰ
639 1224 768 1266 παντὸς
786 1228 845 1262 τοῦ
871 1224 970 1269 λαοῦ,
989 1222 1049 1260 καὶ
1067 1223 1158 1260 οἴνου

129 1284 191 1323 καὶ
209 1288 319 1335 πυροῦ
338 1285 396 1322 καὶ
416 1286 541 1335 κριθῶν
555 1315 564 1332 ,
584 1284 643 1322 καὶ
662 1288 730 1323 τῶν
754 1284 869 1322 ἄλλων
889 1284 1054 1322 ἁπάντων
1067 1314 1075 1328 ,
1096 1283 1158 1327 τὰς

135 1345 284 1388 δεκάτας
306 1347 421 1388 αὐτοῖς
444 1345 599 1383 ἐδίδοσαν
614 1346 763 1393 πάντες,
786 1345 845 1383 καὶ
865 1348 965 1384 τοῦτο
980 1340 1022 1392 ῆν
1042 1347 1158 1389 αὐτοῖς

134 1405 303 1456 πρόσοδος
320 1419 328 1429 ·
350 1406 408 1444 καὶ
429 1409 490 1444 οὐκ
512 1406 590 1452 ἐξῆν
612 1406 646 1451 ἐξ
666 1408 827 1458 οὐδεμιᾶς
847 1407 957 1452 ἄλλης
977 1409 1085 1458 φυλῆς
1104 1409 1159 1444 ἱει-

139 1466 200 1518 ρέα
221 1466 381 1517 γενέσθαι
399 1467 495 1505 ποτέ.
516 1466 600 1505 Ἀπὸ
626 1467 692 1519 γὰρ
710 1468 839 1514 ταύτης
857 1467 993 1518 ἐγένετο
1019 1471 1080 1514 τῆς
1097 1483 1161 1519 φυ-

135 1531 197 1575 λῆς
217 1528 363 1581 Ἀαρὼν,
377 1532 438 1575 τῆς
455 1532 514 1566 τοῦ
534 1528 619 1567 Λευὶ
637 1529 741 1580 λέγω,
761 1530 820 1568 καὶ
836 1529 927 1568 κατὰ
944 1529 1107 1582 διαδοχὴν
1129 1533 1160 1568 οἱ

137 1588 298 1639 ι’ἔκγονοι
325 1588 455 1626 ἐκείνου
474 1588 538 1636 τὴν
558 1589 750 1641 ἱερωσύνην
771 1591 932 1641 ἐδέχοντο
948 1620 956 1635 ,
971 1590 1031 1628 καὶ
1051 1591 1161 1635 οὐδεὶς

135 1650 297 1688 οὐδέποτε
317 1650 350 1694 ἐξ
371 1649 490 1700 ἑτέρας
510 1650 645 1700 ἐγένετο
658 1653 766 1702 φυλῆς
779 1650 898 1701 ἱερεύς.
919 1645 1028 1689 Οὗτοι
1047 1652 1160 1689 τοίνυν

133 1713 166 1750 οἱ
185 1713 330 1749 Λευῖται
345 1710 491 1754 δεκάτας
510 1714 593 1763 παρ’
613 1712 724 1749 αὐτῶν
740 1711 951 1758 ἐλάμὸανον,
970 1712 1029 1750 καὶ
1051 1712 1161 1755 οὕτως

133 1771 327 1824 ἐτρέφοντο.
345 1770 450 1810 Ἀλλὰ
465 1771 523 1810 καὶ
539 1773 607 1823 πρὸ
620 1775 678 1810 τοῦ
701 1772 832 1811 ’Iambe
857 1773 915 1812 καὶ
934 1778 993 1812 τοῦ
1013 1773 1159 1823 Ἰσαὰκ,

135 1834 192 1873 ἐπὶ
212 1838 271 1872 τοῦ
283 1832 462 1885 Ἀδραὰμ,
479 1833 574 1873 οὔπω
589 1833 775 1885 γενομένου
796 1836 988 1883 Μωϋσέως,
1011 1835 1087 1874 οὐδὲ
1107 1835 1162 1874 νό-

137 1911 202 1944 μου
235 1895 443 1946 γραφέντος,
470 1893 545 1934 οὐδὲ
574 1897 636 1941 τῆς
670 1895 857 1948 ἱερωσύνης
887 1900 949 1943 τῆς
978 1898 1163 1943 Λευιτικῆς

135 1956 245 2003 δήλης
264 1955 368 2003 οὔσης
382 1986 392 2002 ,
413 1957 450 1994 οὔ
479 1959 611 2003 σκηνῆς
629 1987 638 2003 ,
658 1957 696 1995 οὐ
715 1961 797 1996 ναοῦ
816 1958 1021 2008 γενομένου,
1040 1961 1076 1997 οὐ
1093 1961 1162 1996 τῶν

135 2019 251 2069 φυλῶν
270 2017 559 2069 διακεκριμένων,
569 2020 606 2056 οὐ
622 2020 684 2064 τῆς
695 2017 927 2070 Ἰερουσαλὴμ
942 2020 1163 2071 φαινομένης,

135 2078 268 2122 οὐδενὸς
285 2078 371 2122 ὅλως
387 2078 523 2117 οὐδέπω
540 2082 609 2117 τῶν
631 2079 721 2118 κατὰ
742 2080 929 2123 Ἰουδαίους
945 2082 1163 2133 πραγμάτων

136 2139 249 2191 ἀρχὴν
267 2139 433 2184 λαὸόντος
447 2170 456 2184 ,
479 2140 614 2191 ἐγένετό
633 2157 687 2184 τις
718 2141 939 2193 Μελχισεδὲκ
974 2142 1082 2193 ἱερεὺς
1105 2147 1164 2181 τοῦ

135 2202 228 2239 Θεοῦ
243 2205 301 2239 τοῦ
319 2200 475 2252 ὑψίστου.
497 2195 610 2244 Οῧτος
626 2204 642 2239 ὁ
659 2202 879 2254 Μελχισεδὲκ
905 2205 991 2253 ὁμοῦ
1016 2204 1074 2241 καὶ
1099 2205 1164 2254 βα-

136 2259 250 2305 σιλεὺς
269 2261 330 2299 καὶ
348 2261 460 2313 ἱερεὺς
478 2256 519 2308 ῆν
539 2274 546 2281 ·
563 2262 670 2305 τύπος
694 2263 760 2314 γὰρ
781 2261 925 2313 ἔμελλεν
949 2262 1087 2301 ἔσεσθαι
1103 2268 1163 2302 τοῦ

137 2321 303 2372 Χριστοῦ,
323 2320 382 2358 καὶ
404 2321 580 2371 μέμνηται
599 2323 702 2360 αὐτοῦ
721 2325 838 2375 σαφῶς
858 2327 879 2370 ἡ
901 2323 1164 2376 ΓραφήἿίπει-

135 2382 178 2428 δὴ
191 2382 259 2433 γὰρ
273 2381 460 2432 ὃἈίῗραὰμ
473 2389 544 2425 τοῖς
562 2384 715 2434 Πέρσαις
728 2384 918 2433 ἐπιπεσὼν,
930 2386 988 2423 καὶ
1001 2386 1059 2425 τὸν
1070 2388 1165 2425 ἀδελ-

135 2444 253 2494 φιδοῦν
272 2442 330 2480 τὸν
352 2445 474 2480 ἑαυτοῦ
502 2443 560 2482 τὸν
581 2443 664 2482 Λὼτ
693 2444 891 2498 ἐξαρπάσας
923 2449 990 2484 τῶν
1025 2447 1163 2486 ἐκείνων

136 2506 276 2555 χειρῶν,
292 2502 408 2542 καὶτὰ
423 2504 561 2555 λάφυρα
574 2505 692 2543 λαὸὼν
713 2506 844 2550 πάντα,
861 2507 1004 2558 ἐπανῄει
1019 2509 1164 2555 νικήσας

137 2563 226 2602 κατὰ
243 2564 368 2615 κράτος
384 2564 545 2610 ἐκείνους,
568 2565 658 2604 οὕτω
678 2566 852 2619 πωςπερὶ
869 2570 929 2604 τοῦ
947 2569 1166 2619 Μελχισεδὲκ

136 2629 158 2672 ἡ
182 2626 303 2677 Γραφή
334 2638 440 2678 φησι·
459 2626 527 2664 Καὶ
560 2626 785 2678 Μελχισεδὲκ
817 2627 980 2678 βασιλεὺς
1015 2629 1163 2681 Σαλὴμ,

137 2685 314 2738 ἐξήνεγκεν
335 2686 460 2738 ἄρτους
480 2688 538 2726 καὶ
572 2681 660 2727 οἶνον
680 2704 688 2712 ·
707 2683 749 2736 ῆν
771 2688 805 2727 δὲ
839 2688 948 2739 ἱερεὺς
980 2694 1039 2728 τοῦ
1069 2695 1162 2730 Θεοῦ

137 2751 197 2786 τοῦ
220 2747 385 2799 ὑψίστου,
409 2748 467 2786 καὶ
488 2748 661 2800 ηὐλόγησε
683 2749 741 2787 τὸν
759 2749 918 2802 Ἀδραὰμ
933 2781 942 2798 ,
963 2752 1022 2789 καὶ
1041 2745 1134 2791 εἶπεν
1151 2767 1157 2775 ·

140 2808 368 2860 εὐλογημένος
387 2808 548 2860 ’Λὸραὰμ
567 2813 616 2863 τῷ
642 2812 725 2862 Θεῷ
744 2814 793 2864 τῷ
813 2812 968 2863 ὑψίστῳ,
988 2813 1023 2856 ὃς
1048 2813 1162 2852 ἔκτισε

138 2870 196 2908 τὸν
223 2870 368 2921 οὐρανὸν
391 2870 451 2908 καὶ
479 2870 542 2918 τὴν
563 2875 653 2924 γῆν,
683 2873 741 2910 καὶ
769 2874 953 2924 εὐλογητὸς
982 2877 999 2912 ὃ
1029 2878 1116 2918 Θεὸς
1145 2879 1162 2913 ὁ

139 2929 302 2982 ὕψιστος,
321 2930 357 2973 ὃς
384 2931 567 2982 παρέδωκε
595 2933 674 2976 τοὺς
699 2934 840 2986 ἐχθρούς
869 2949 929 2972 σου
945 2936 1162 2987 ὑποχειρίους

139 3005 206 3028 σοι.
225 2990 292 3028 Καὶ
314 2990 440 3029 ἔδωκεν
459 2993 552 3044 αὐτῷ
573 2994 721 3040 δεκάτην
740 2995 809 3032 ἀπὸ
830 2995 970 3032 πάντων
992 2996 1160 3048 Ἀέἱραάμ.

137 3048 197 3088 Ἂν
214 3049 327 3089 τοίνυν
352 3055 442 3104 φανῇ
463 3069 513 3097 τις
530 3055 599 3092 τῶν
615 3059 802 3108 προφητῶν
816 3086 824 3101 ,
844 3055 954 3106 λέγων
970 3086 979 3102 ,
1002 3058 1053 3094 ὅτι
1073 3058 1161 3107 μετὰ

137 3111 196 3150 τὸν
214 3111 346 3163 ’Λαρὼν
379 3114 438 3151 καὶ
457 3114 520 3161 τὴν
551 3116 740 3166 ἱερωσύνην
773 3117 907 3162 ἐκείνην
939 3117 996 3154 καὶ
1020 3118 1080 3160 τὰς
1102 3123 1162 3156 Ου-

138 3173 216 3215 σίας
246 3173 375 3217 ταύτας
401 3175 539 3220 καὶτὰς
571 3178 769 3229 προσφορὰς
790 3178 1023 3224 ἀναστήσεται
1056 3179 1163 3228 ἱερεὺς

141 3232 256 3284 ἕτερος
270 3263 280 3280 ,
299 3236 360 3271 οὐκ
393 3235 463 3273 ἀπὸ
489 3239 551 3282 τῆς
573 3239 682 3288 φυλῆς
703 3239 835 3283 ἐκείνης
850 3269 858 3285 ,
880 3240 957 3276 ἀλλ’
985 3239 1019 3282 ἐξ
1044 3240 1163 3292 ἑτέρας

141 3294 200 3342 ἀφ’
218 3288 258 3338 ἧς
283 3294 445 3333 οὐδέποτε
462 3296 601 3348 γέγονεν
634 3298 766 3350 ἱερεὺς,
790 3302 827 3337 οὐ
855 3299 945 3337 κατὰ
973 3299 1036 3346 τὴν
1067 3301 1162 3345 τάξιν

187 3406 200 3420 ⁴·
223 3395 324 3428 Snvil.
344 3405 377 3430 ct
392 3397 449 3431 ulii
465 3403 514 3434 δύο
531 3406 639 3445 φυλῶν.
657 3403 666 3444 Ῐ
687 3402 808 3434 Munus.
827 3406 875 3437 δύο
893 3405 1011 3449 quantist]

193 3448 210 3472 ¹*
236 3447 299 3480 Alii
315 3453 436 3492 ἔγγονοι.
458 3451 547 3484 infru
566 3452 710 3497 quinque·
729 3454 801 3486 blas.
827 3461 882 3500 “pb
912 3463 959 3489 rob
991 3456 1086 3490 lxxdie
1110 3465 1160 3491 rob

368 3526 461 3550 Tum.
502 3529 525 3552 Ι.

2082 277 2172 337 8ι7

1159 372 1205 396 ⁶⁶³
1219 372 1336 410 decim
1359 373 1490 421 tribus,
1514 374 1570 411 vel
1592 374 1710 425 potius
1736 373 1919 411 tredecim.
1939 373 2177 424 Quandoqui-

1171 413 1196 438 A
1220 432 1300 471 dem
1314 434 1392 472 loco
1408 434 1542 486 Joseph
1559 435 1633 472 duo
1649 435 1761 487 ipsius
1779 435 1845 471 filii
1860 434 2035 486 Ephraim
2048 443 2082 471 et
2097 436 2175 472 Ma⁴

1220 507 1338 532 nasses
1357 495 1573 533 exstiterunt
1593 495 1753 533 tribuum
1774 495 1969 548 principes.
1982 496 2029 534 Et
2049 510 2176 546 quem-

1219 555 1415 594 admodum
1427 556 1619 606 unicuique
1633 556 1791 594 filiorum
1803 556 1913 595 Jacob
1924 555 2039 594 tribus
2050 570 2178 608 cogno-

1221 615 1316 652 mine
1338 615 1589 667 respondebat,
1607 617 1746 663 Ruben,
1762 616 1921 664 Simeon,
1942 616 2044 662 Levi,
2062 616 2174 665 Juda,

1219 675 1469 727 Nephthalim‚
1493 675 1590 723 Gad,
1613 679 1716 723 Aser,
1730 677 1934 727 Benjamin:
1953 677 2004 714 sic
2025 677 2092 714 sub
2111 678 2175 716 Jo-

1222 735 1309 787 seph
1335 735 1407 773 duo
1424 736 1524 773 illius
1539 737 1621 782 filii,
1632 739 1796 774 Manasse
1810 746 1843 773 et
1858 737 2032 788 Ephraim
2047 752 2177 788 coguo-

1223 809 1302 833 men
1323 796 1494 833 indebant
1513 797 1701 834 tribubus:
1722 806 1755 834 et
1774 797 2048 848 appellabantur
2068 799 2176 836 altera

1224 855 1370 906 quidem
1389 856 1583 908 Ephraim,
1600 857 1710 894 altera
1732 871 1818 895 vero
1840 860 2013 895 manasse.
2040 858 2178 896 Harum

1224 915 1344 966 itaque
1356 916 1539 966 tredecim,
1554 926 1685 954 caeterae
1699 917 1845 967 quidem
1862 931 1982 955 omnes
1997 932 2101 969 agros
2117 919 2178 955 ha-

1225 977 1358 1016 bebant
1377 993 1417 1016 ac
1447 988 1639 1031 proventus
1660 979 1806 1029 multos,
1830 989 1865 1017 et
1890 980 2180 1031 agricolabantur

1227 1053 1364 1087 omnes,
1386 1041 1594 1091 reliquaque
1613 1041 1732 1078 omnia
1747 1042 1960 1079 exercebant
1976 1042 2022 1079 ad
2044 1044 2180 1081 victum

1230 1102 1443 1153 pertinentia
1462 1118 1470 1139 ε
1487 1112 1653 1140 caeterum
1671 1102 1786 1140 tribus
1808 1103 1896 1141 Levi
1916 1104 1989 1141 sola
2010 1104 2181 1142 honorata

1178 1166 1200 1195 B
1231 1162 1440 1212 sacerdotio,
1471 1178 1491 1201 a
1524 1164 1673 1215 negotiis
1692 1163 1737 1201 ad
1756 1165 1894 1201 victum
1922 1165 2183 1216 pertinentibus

1232 1224 1380 1263 liberata
1403 1235 1490 1271 erat,
1514 1240 1628 1276 neque
1649 1226 1808 1264 colebant
1841 1240 1960 1278 agros,
1978 1241 2090 1277 neque
2110 1236 2182 1264 tra-

1233 1285 1374 1324 ctabant
1395 1295 1500 1334 artes,
1527 1301 1638 1338 neque
1655 1296 1824 1339 praeterea
1861 1287 2055 1337 quidquam
2078 1287 2186 1340 liujus

1233 1347 1368 1398 generis
1384 1347 1605 1393 exercebant,
1615 1348 1676 1385 sed
1693 1348 1758 1385 soli
1779 1347 1975 1386 sacerdotio
1997 1350 2185 1397 vacabant,

1233 1422 1274 1446 ac.
1289 1408 1443 1446 decimas
1467 1409 1688 1460 accipiebant
1702 1423 1721 1446 a
1739 1418 1813 1447 toto
1834 1409 1969 1461 populo
1989 1419 2065 1447 tum
2086 1411 2161 1448 vini
2175 1441 2185 1458 ,

1233 1477 1309 1506 tum
1320 1468 1502 1517 frumenti,
1514 1478 1589 1507 tum
1606 1468 1784 1517 hordei,et
1800 1470 1844 1508 de
1858 1470 1937 1508 aliis
1955 1471 2059 1508 rebus
2075 1472 2189 1508 omni-

1233 1529 1301 1567 bus
1322 1529 1497 1568 decimam
1527 1530 1599 1568 illis
1623 1531 1821 1582 portionem
1848 1531 1983 1568 dabant
2002 1546 2137 1578 omnes,
2157 1542 2190 1571 et

1234 1589 1294 1628 hic
1311 1600 1384 1628 erat
1404 1590 1477 1628 illis
1495 1592 1788 1643 proventus.Nec
1802 1592 1854 1630 fas
1870 1602 1944 1630 erat
1964 1607 2008 1630 ex
2028 1593 2103 1630 ulla
2119 1593 2190 1631 alia

1234 1651 1331 1688 tribu
1357 1652 1575 1691 sacerdotem
1605 1666 1775 1703 umquam
1795 1652 1887 1691 fieri.
1913 1652 1969 1690 Ex
1999 1654 2064 1690 hac
2095 1654 2189 1692 euim

1234 1713 1330 1750 tribu
1352 1713 1466 1750 factus
1486 1722 1537 1751 est
1561 1715 1692 1758 Aaron,
1712 1713 1882 1752 nimirum
1902 1713 1947 1752 de
1968 1714 2064 1752 tribu
2085 1715 2189 1762 Levi,

1233 1787 1274 1811 ac
1300 1787 1362 1825 per
1388 1773 1641 1811 successionem
1674 1774 1772 1811 illius
1802 1775 1933 1826 posteri
1953 1774 2192 1813 sacerdotium

1235 1834 1469 1886 accipiebant,
1484 1848 1597 1885 neque
1611 1834 1762 1885 quisque
1777 1849 1946 1886 umquam
1965 1836 2128 1875 sacerdos
2146 1851 2192 1875 ex

1184 1906 1208 1937 c
1234 1894 1305 1932 alia
1325 1894 1423 1932 tribu
1443 1904 1580 1932 creatus
1597 1904 1659 1932 est.
1674 1895 1718 1932 Hi
1738 1896 1856 1946 itaque
1877 1896 2012 1934 Levitae
2034 1897 2192 1936 decimas

1236 1955 1283 1994 ab
1301 1955 1382 1994 aliis
1410 1956 1648 2008 accipiebant,
1678 1966 1711 1994 et
1732 1957 1782 1994 sic
1798 1957 1999 1996 alebantur.
2022 1959 2094 1997 Sed
2112 1969 2193 1997 ante

1237 2017 1346 2056 Jacob
1375 2026 1409 2055 et
1436 2018 1554 2066 Isaac,
1583 2017 1651 2055 sub
1686 2017 1879 2064 Abraham,
1916 2032 1997 2056 cum
2033 2020 2193 2058 noudum

1237 2087 1326 2116 esset
1340 2079 1471 2126 Moses,
1481 2077 1640 2116 nondum
1655 2079 1787 2130 scripta
1804 2079 2041 2126 lcx‚uondum
2058 2081 2194 2120 Leviti-

1239 2152 1320 2176 cum
1350 2138 1586 2177 sacerdotium
1605 2149 1695 2177 esset
1712 2139 1909 2192 proditum,
1933 2155 2002 2179 non
2025 2142 2192 2180 taberna-

1238 2200 1373 2248 culum,
1390 2214 1458 2238 non
1479 2201 1653 2253 templum
1666 2210 1770 2247 esset,
1792 2215 1860 2239 non
1880 2202 1997 2240 tribus
2012 2202 2189 2254 discretae,

1239 2275 1307 2299 non
1326 2262 1524 2301 Jerusalem
1543 2270 1709 2311 exstaret,
1733 2276 1815 2300 cum
1835 2262 1957 2302 nullus
1988 2265 2132 2303 omniuo
2155 2267 2190 2304 iu

1235 2323 1380 2362 Jndaeos
1400 2338 1519 2361 rerum
1535 2323 1775 2376 principatum
1793 2335 2014 2376 occupasset,
2029 2326 2096 2364 suit
2111 2329 2191 2378 qui-

1235 2384 1318 2422 dam
1340 2384 1601 2422 Melchisedech
1633 2385 1795 2422 sacerdos
1827 2386 1890 2423 Dei
1920 2387 2098 2426 altissimi.
2121 2388 2188 2426 llic

1238 2446 1497 2483 Melchisedech
1516 2455 1589 2483 erat
1607 2460 1667 2484 rex
1698 2445 1791 2484 idem
1815 2457 1846 2484 ct
1866 2447 2029 2486 sacerdos
2049 2466 2057 2486 ε
2081 2459 2188 2502 typus

1236 2507 1329 2544 euim
1346 2507 1486 2544 futurus
1505 2515 1577 2544 crat
1595 2507 1741 2554 Christi,
1755 2508 1856 2558 cujus
1871 2517 1903 2544 ct
1919 2508 2102 2560 Scriptura
2114 2524 2188 2548 ma·

1236 2568 1360 2606 uiscstc
1392 2568 1564 2606 meminit.
1597 2568 1687 2605 Cum
1721 2567 1814 2605 cuim
1853 2568 2034 2606 Abraham
2065 2570 2188 2608 Persas

1188 2644 1212 2673 n
1235 2628 1394 2675 adortus,
1418 2629 1536 2666 fratris
1563 2628 1638 2665 filio
1672 2629 1735 2666 Lot
1768 2643 1812 2666 ex
1846 2629 1990 2667 illorum
2022 2631 2188 2669 manibus

1235 2689 1542 2742 erepto,ouniibus
1559 2690 1684 2741 spoliis
1699 2689 1847 2741 direptis
1864 2690 2007 2734 rediret,
2027 2691 2188 2730 hostibus

1235 2751 1367 2789 virtute
1385 2750 1553 2795 devictis,
1574 2750 1666 2788 huuc
1690 2751 1724 2787 iu
1754 2751 1897 2788 moduni
1918 2751 1963 2788 dv
1994 2752 2185 2791 Melchise-

1234 2811 1322 2849 dech
1344 2812 1500 2863 loquitur
1520 2812 1704 2863 Scriptura
1722 2828 1728 2848 :
1745 2814 1795 2849 Et
1814 2813 2094 2850 Melchisedech
2119 2829 2186 2852 rai·

1234 2876 1361 2914 Salem
1389 2876 1528 2914 obtulit
1553 2890 1693 2927 panem
1723 2890 1770 2913 ac
1794 2879 1920 2914 vinum
1945 2893 1955 2916 .-
1982 2887 2063 2915 cmt
2085 2883 2184 2917 enim

1234 2938 1410 2975 sacerdos
1426 2938 1501 2974 Dei
1515 2937 1697 2974 altissimi
1715 2953 1724 2976 .·
1739 2946 1773 2973 et
1793 2938 1986 2974 hem-dim
2001 2939 2186 2981 Abi-«alma

1233 2999 1431 3048 elisitque:
1450 2998 1681 3034 Benedictus
1712 3006 1768 3034 est
1790 2999 1993 3035 Abraham
2019 3001 2097 3036 Deo
2125 3001 2182 3037 αἱ·

1235 3061 1395 3101 tissima.
1413 3063 1478 3109 qui
1495 3061 1635 3095 frmi-ii
1650 3058 1783 3094 ‹ni-Iuni
1802 3067 1835 3095 et
1857 3067 2011 3101 terram,
2027 3069 2061 3097 ct
2077 3062 2187 3098 benc-

1234 3121 1364 3156 diceus
1380 3121 1482 3156 Deus
1500 3120 1728 3160 altissimus,
1752 3122 1815 3168 qui
1839 3120 1998 3156 tradidit
2021 3122 2190 3158 inimicos

1235 3188 1318 3216 tuos
1340 3182 1377 3216 in
1395 3192 1532 3216 miluus
1560 3188 1660 3215 tuus.
1683 3179 1732 3214 Et
1749 3179 1855 3215 dedit
1879 3179 1938 3216 illi
1954 3180 2124 3218 desinitis
2143 3196 2190 3218 es

1235 3243 1410 3279 ‹nnniluus
1445 3241 1661 3277 Abraham.
1697 3239 1734 3275 Si
1755 3239 1836 3289 quis
1873 3240 1982 3289 igitur
2007 3241 2191 3293 pmpheta-

1235 3317 1314 3341 ruui
1332 3302 1479 3349 exstitit,
1503 3301 1563 3352 qui
1577 3300 1672 3339 dicat
1685 3299 1779 3351 quod
1798 3309 1874 3351 post
1898 3304 2028 3350 Aaron,
2048 3312 2196 3355 postque

1236 3416 1262 3440 li
1277 3414 1336 3439 «³¹.ae-
