2253 3830
1017 268 1242 298 MOMTUM.
2087 270 2163 299 XIX

82 361 217 404 posset,
243 364 304 389 cur
334 350 468 387 seilicet
494 351 528 386 in
557 348 748 401 posteriore
775 360 866 398 saepe
895 346 1128 385 Theodorum
1155 347 1365 400 compellet,
1387 348 1424 386 in
1458 348 1578 400 priore
1613 361 1821 399 numquam.
1844 347 1912 386 Hic
1931 348 2168 401 compellandi

82 413 210 451 modus
239 426 284 450 ex
317 425 387 449 uno
409 411 537 463 pendet
556 410 704 448 arbitrio
726 425 734 445 :
754 422 848 446 unus
875 409 1151 462 Chrysostomus
1177 410 1296 448 dicere
1326 419 1443 462 posset
1457 440 1467 459 ,
1488 424 1551 448 cur
1570 410 1677 448 modo
1705 411 2003 462 compellaverit,
2025 411 2132 449 modo
2150 426 2169 448 a

83 473 330 527 compellando
352 474 566 512 abstinuerit
582 474 633 511 :si
651 481 766 510 tamen
787 471 936 510 consilio
955 472 1046 510 illud
1067 473 1192 523 egerit,
1212 485 1280 510 non
1303 487 1386 511 vero
1407 487 1503 522 casu,
1523 482 1634 524 prout
1652 473 1683 510 is
1698 474 1753 511 vel
1769 474 1862 512 alius
1882 473 2025 512 dicendi
2043 473 2172 512 modus

83 551 159 575 sese
187 537 296 575 menti
317 536 502 577 offerebat.

135 601 216 638 Jam
237 599 283 638 ad
303 598 589 647 validissimum,
608 606 648 635 ut
674 606 777 649 putat
809 597 1086 646 Tillemontius,
1109 598 1359 650 depellendum
1386 599 1497 636 telum
1529 611 1774 650 properemus.
1799 598 2013 637 Theodorus
2044 599 2080 637 in
2112 613 2172 638 se-

83 662 200 700 cunda
228 663 377 714 epistola
402 670 616 700 memoratus
644 660 804 698 nondum
832 660 1050 711 vigesimum
1068 662 1232 712 attigerat
1251 675 1404 711 annum3
1437 670 1559 699 contra
1580 676 1679 709 vero,
1699 661 1777 713 ipso
1794 670 1937 699 auctore
1958 662 2173 714 Chrysosto-

86 738 144 762 mo
157 755 166 773 ,
189 725 219 762 is
244 725 289 762 ad
317 739 422 776 quem
441 724 542 777 prior
560 723 747 776 paraencsis
767 724 934 772 mittitur,
954 738 1067 763 annos
1083 724 1166 762 vitae
1187 724 1343 774 reliquos
1368 738 1438 762 non
1465 725 1547 776 plus
1575 724 1837 775 quinquaginta
1857 738 1998 776 sperare
2015 735 2171 777 poterat,

83 788 189 825 etiam
208 788 238 825 si
257 787 302 824 ad
323 798 519 826 extremam
547 787 802 839 proveheretur
821 796 1055 835 senectutem,
1076 787 1174 838 quod
1192 786 1237 824 de
1257 787 1334 825 viro
1361 796 1501 824 tantum
1532 788 1604 825 fere
1633 787 1917 838 quadragenario
1944 787 2016 825 dici
2045 789 2168 840 possit.

83 849 177 887 Vere
193 849 338 899 quidem
363 850 412 887 ait
431 850 707 901 Chrysostomus
723 849 759 886 in
776 848 932 886 secunda
947 849 1095 901 epistola
1114 848 1348 888 Theodorum
1367 849 1529 886 nondum
1547 849 1762 900 vigesimum
1784 849 1943 901 attigisse
1957 864 2089 888 annum
2105 866 2112 886 :
2134 853 2172 890 in

83 912 201 963 prima
218 926 302 950 vcro
322 913 420 949 locus
440 912 549 964 paulo
569 926 667 950 secus
685 912 791 950 habet
810 926 916 962 quam
931 912 1188 950 Tillemontius
1209 912 1391 952 extulerit.
1414 913 1541 950 Graeea
1566 913 1617 950 sic
1633 912 1815 964 leguntur,
1832 927 1870 964 p.
1895 914 1965 961 15,
1986 916 2036 950 A:
2055 913 2172 953 Πόσον

83 973 199 1024 βούλει
214 990 269 1013 σοι
288 977 552 1027 παρεκταθῆναι
569 978 628 1012 τοῦ
648 974 819 1026 παρόντος
842 974 917 1025 βίου
938 974 1001 1022 τὴν
1022 976 1214 1014 ἀπόλαυσιν
1235 975 1382 1027 χρόνον,
1399 974 1496 1026 Ἐγὼ
1517 975 1585 1028 γὰρ
1604 976 1665 1013 οὐκ
1685 968 1784 1026 οἶμαί
1802 990 1856 1013 σοι
1876 975 1980 1015 πλέον
1998 975 2020 1022 ἢ
2040 977 2174 1023 πεντή-

82 1050 188 1074 κοντα
207 1035 266 1083 ἔτη
286 1035 489 1080 λείπεσΟαι,
510 1035 601 1073 ὥστε
620 1035 706 1087 πρὸς
737 1036 886 1088 {qux-ov
917 1039 1029 1088 γῆρας
1059 1038 1181 1075 ἐλθεῖν.
1205 1039 1234 1074 Ι.
1263 1051 1296 1075 e.
1326 1038 1482 1087 Quanto
1503 1046 1670 1088 tempore
1688 1037 1751 1074 vis
1772 1039 1843 1074 tibi
1860 1040 2060 1088 proesentis
2079 1042 2174 1076 vitre

83 1112 254 1145 usuram,
274 1098 370 1146 sive,
391 1106 429 1135 ut
449 1098 497 1135 ita
519 1098 666 1148 loquar,
686 1098 892 1136 fruitionem
906 1129 917 1147 ,
937 1099 1121 1137 extendi?
1137 1100 1332 1152 Equidem
1351 1112 1429 1137 non
1445 1108 1540 1150 puto
1561 1101 1630 1136 tibi
1648 1100 1737 1150 plus
1752 1105 2040 1151 quinquaginta
2057 1103 2174 1139 annis

83 1163 177 1198 vitoe
198 1174 416 1212 superesse,
439 1170 479 1198 ut
501 1160 555 1197 ad
575 1169 789 1198 extremam
808 1169 1041 1198 senectutem
1065 1163 1217 1199 venias.
1245 1160 1287 1199 Id
1311 1169 1381 1209 est,
1407 1160 1438 1198 si
1462 1174 1572 1198 annos
1594 1159 1713 1198 adhuc
1737 1161 1996 1213 quinquaginta
2017 1161 2172 1218 vixeris,

83 1231 188 1261 tantae
207 1222 396 1260 senectutis
415 1222 501 1272 eris,
522 1231 561 1259 ut
580 1223 662 1261 vitae
680 1223 838 1260 fructum
859 1232 892 1260 et
908 1224 1129 1274 voluptatem
1150 1237 1276 1276 capere
1295 1237 1364 1261 non
1384 1223 1510 1275 possis.
1533 1223 1624 1270 Quis
1642 1233 1743 1274 neget
1762 1223 1839 1262 haec
1852 1224 2032 1262 vicenario
2048 1225 2173 1277 juveni

82 1286 242 1337 apposite
254 1285 327 1323 dici
343 1285 472 1337 posse?
488 1286 581 1324 Sane
598 1285 662 1323 vix
683 1300 807 1337 capere
826 1286 958 1337 possim
977 1286 1155 1337 quomodo
1170 1300 1216 1324 ex
1234 1286 1297 1324 tali
1313 1285 1408 1324 dieto
1424 1286 1578 1337 potuerit
1595 1286 1850 1324 Tillemontius
1866 1296 2019 1325 statuere
2037 1287 2171 1335 virum,

83 1348 141 1385 cui
160 1348 237 1386 haec
262 1348 450 1396 dicantur,
483 1362 571 1400 pene
600 1348 924 1399 quadragenarium
943 1363 1017 1387 esse
1034 1365 1042 1385 :
1059 1349 1090 1387 si
1111 1363 1156 1387 ex
1182 1348 1390 1400 hujusmodi
1417 1348 1537 1386 verbis
1563 1348 1832 1400 chronologiam
1857 1359 2075 1399 statuamus,
2093 1364 2173 1388 ma-

84 1424 190 1462 gnam
221 1410 258 1448 in
287 1420 488 1462 temporum
517 1410 653 1447 ratione
672 1410 974 1461 perturbationem
993 1411 1195 1449 afferemus.
1219 1410 1318 1456 Quid
1336 1409 1493 1461 exempli
1513 1423 1618 1447 causa
1637 1409 1681 1448 de
1701 1420 1803 1449 aetate
1821 1411 1991 1449 Anthusae
2013 1412 2174 1465 Chryso-

85 1474 190 1511 stomi
214 1475 337 1511 matris
361 1473 541 1524 quispiam
559 1472 708 1522 dixerit,
729 1473 760 1510 si
780 1473 880 1510 illam
904 1474 939 1511 in
956 1473 1059 1510 libris
1079 1473 1124 1511 de
1144 1473 1352 1512 sacerdotio
1373 1474 1422 1511 sic
1443 1473 1646 1523 loquentem
1663 1472 1785 1510 audiat
1804 1489 1811 1509 ε
1833 1476 1863 1512 οἱ
1884 1474 1919 1511 δὲ
1939 1475 2173 1526 γεγηρακότες

84 1537 185 1585 ἡμεῖς
198 1535 292 1574 οὐδὲν
315 1535 430 1587 ἕτερον
453 1534 475 1582 ἢ
503 1534 648 1573 Θάνατον
674 1535 905 1585 ἀναμένομεν.
934 1536 1016 1573 Nos
1043 1549 1139 1573 vero
1162 1549 1270 1573 senes
1296 1535 1396 1572 nihil
1419 1534 1530 1571 aliud
1556 1548 1675 1584 quam
1704 1543 1865 1571 mortem
1893 1545 2172 1585 exspectamus.

83 1599 210 1635 Annon
228 1597 329 1634 illam
347 1597 419 1634 sere
435 1595 743 1647 septuagenariam
762 1595 1070 1647 pronuntiaverit?
1088 1596 1197 1646 Atqui
1215 1596 1296 1643 illa,
1316 1604 1356 1633 ut
1374 1605 1510 1632 certum
1527 1604 1593 1644 est,
1614 1604 1648 1632 et
1662 1595 1794 1633 fatetur
1811 1597 1887 1647 ipse
1906 1597 2173 1647 Tillemontius,

83 1659 245 1697 nondum
267 1658 581 1710 quadragesimum
606 1658 798 1709 septimum
823 1658 935 1696 aetatis
961 1673 1093 1696 annum
1114 1672 1256 1696 emensa
1280 1667 1355 1696 erat
1373 1672 1455 1696 cum
1474 1658 1549 1695 haec
1566 1657 1700 1696 diceret
1721 1674 1729 1694 :
1751 1672 1862 1709 usque
1882 1658 1968 1697 adeo
1983 1674 2108 1698 verum
2122 1670 2173 1698 est

82 1735 154 1760 non
170 1735 273 1774 posse
300 1736 346 1760 ex
359 1721 536 1774 ejusmodi
552 1720 658 1758 dictis
674 1730 805 1759 certam
823 1723 992 1774 temporis
1007 1731 1127 1760 notam
1145 1721 1289 1762 deduci.
1307 1722 1431 1772 Neque
1450 1735 1514 1759 nos
1534 1730 1677 1759 moveat
1694 1735 1765 1759 vox
1781 1722 1867 1773 πρὸς
1881 1721 2028 1774 ἔσχατον
2048 1725 2174 1775 γῆρας,

83 1786 139 1823 ad
151 1793 363 1822 extremam
380 1793 636 1822 senectutem.-
651 1783 751 1821 illam
766 1784 900 1836 quippe
914 1798 1086 1836 usurpare
1103 1784 1192 1822 solet
1212 1784 1504 1836 Chrysostomus,
1521 1797 1591 1821 non
1608 1798 1672 1835 pro
1688 1784 1866 1836 decrepita
1882 1793 2073 1830 senectute,
2093 1799 2176 1823 cum

85 1847 166 1898 quis
184 1846 286 1886 verbi
309 1846 422 1897 gratia
452 1847 500 1884 ita
530 1859 706 1884 annorum
733 1845 827 1883 mole
847 1845 997 1883 obrutus
1021 1855 1092 1894 est,
1113 1854 1152 1883 ut
1169 1846 1245 1898 jam
1265 1859 1435 1883 sensuum
1460 1859 1528 1883 usu
1550 1859 1640 1897 pene
1658 1844 1864 1895 destinam,
1885 1860 1970 1883 mox
1996 1847 2033 1883 in
2055 1847 2175 1898 sepul-

84 1922 185 1946 crum
212 1908 259 1946 sit
282 1906 509 1956 inferendus,
531 1916 570 1945 ut
598 1916 680 1944 sunt
712 1908 936 1959 octogenario
965 1909 1115 1960 majores
1140 1917 1174 1946 et
1193 1907 1442 1959 nonagenarii3
1457 1906 1518 1945 sed
1533 1920 1600 1958 pro
1619 1906 1709 1945 viris
1731 1907 1793 1958 qui
1814 1907 1932 1945 adhuc
1950 1908 2092 1959 negotia
2111 1907 2176 1946 ad-

84 1970 288 2008 ministrare
301 2001 312 2020 ‚
335 1978 369 2008 et
385 1982 514 2021 magna
538 1977 688 2020 possunt
709 1969 826 2007 officia
853 1984 1042 2022 capessere.
1061 1971 1121 2010 Sic
1142 1970 1186 2008 de
1205 1969 1412 2008 sacerdotio
1428 1969 1494 2008 lib.
1513 1970 1554 2019 5,
1572 1984 1609 2020 p.
1629 1970 1719 2019 595,
1736 1970 1798 2007 ubi
1818 1969 1908 2007 dicit
1925 1983 1996 2016 eos,
2011 1971 2070 2021 qui
2093 1984 2175 2008 cum

82 2033 190 2071 laude
214 2033 251 2071 in
275 2032 483 2070 ministeriis
510 2031 711 2069 minoribus
734 2032 846 2070 vitam
869 2044 1040 2085 egerunt,
1057 2033 1119 2071 ubi
1143 2033 1189 2072 ad
1209 2042 1423 2072 senectutem
1443 2032 1635 2082 devenere,
1654 2047 1724 2071 non
1743 2047 1818 2071 esse
1845 2047 1984 2085 semper
2002 2048 2076 2086 prae
2096 2034 2176 2072 aliis

79 2095 284 2149 junioribus
296 2094 331 2132 in
346 2093 589 2146 episcopatum
602 2093 819 2144 evehendos,
837 2095 905 2132 nisi
921 2095 1066 2133 aliunde
1085 2095 1205 2133 idonei
1217 2095 1351 2133 fuerint
1358 2110 1369 2145 3
1387 2095 1439 2133 ihi
1456 2095 1569 2132 utitur
1585 2094 1708 2133 eadem
1720 2108 1808 2133 voce
1831 2097 1880 2138 εἷς
1893 2095 2040 2147 ἔσχατον
2063 2097 2175 2142 ἤλασε

83 2160 217 2211 γῆρας,
239 2159 281 2195 ἰη
298 2166 513 2195 extremam
541 2164 773 2195 senectutem
786 2161 964 2208 pervenit
976 2174 991 2203 ;
1009 2167 1043 2196 et
1063 2158 1153 2197 infra
1174 2160 1219 2197 de
1242 2158 1394 2205 iisdem,
1413 2160 1462 2201 εἷς
1478 2158 1613 2210 μακρὸν
1629 2162 1740 2210 γῆρας
1753 2188 1763 2207 ,
1781 2161 1823 2196 in
1836 2167 2057 2210 provectam
2073 2173 2177 2196 sene-

84 2229 237 2260 ctutem.
259 2219 403 2268 Quibus
419 2231 501 2256 sane
516 2226 549 2255 et
574 2219 860 2269 septuagenarios
874 2248 884 2268 ,
901 2228 935 2257 et
954 2220 1043 2258 forte
1062 2220 1341 2272 septuagenariis
1361 2220 1516 2258 minores
1534 2220 1723 2272 intelligit,
1740 2229 1780 2258 ut
1800 2234 1903 2258 nemo
1922 2220 2087 2258 cordatus
2107 2234 2176 2259 non

85 2281 226 2332 videat3
244 2295 327 2319 nam
353 2280 417 2332 qui
438 2279 582 2318 omnino
601 2280 773 2332 decrepiti
797 2291 905 2332 sunt,
921 2296 962 2321 eo
989 2283 1066 2334 ipso
1091 2296 1161 2320 non
1189 2292 1272 2320 sunt
1298 2282 1431 2320 idonei.
1455 2283 1631 2321 Similiter
1651 2282 1758 2320 Hom.
1783 2283 1807 2320 5
1825 2282 1870 2320 de
1892 2283 2028 2321 Statuis
2052 2282 2173 2327 initio,

86 2358 169 2381 cum
187 2343 386 2382 Flavianus
405 2342 595 2395 episcopus
613 2342 860 2381 Theodosium
879 2345 1135 2396 Imperatorem
1159 2344 1337 2397 placatum
1353 2344 1463 2392 adiit,
1482 2343 1528 2382 de
1548 2344 1611 2382 illo
1631 2344 1680 2382 ait
1699 2345 1991 2397 ChrysostomuS,
2015 2348 2036 2390 ἡ
2056 2345 2177 2391 ἡλικία

86 2404 172 2454 πρὸς
197 2403 343 2454 ἔσχατον
364 2402 523 2441 ἐλάσασα
541 2405 652 2454 γῆρας
671 2415 680 2439 :
703 2411 796 2441 oetas
828 2405 883 2442 ad
902 2406 1084 2443 ultimam
1111 2414 1297 2457 provecta
1327 2413 1575 2444 senectutem.
1598 2406 1711 2457 Atqui
1738 2405 1935 2443 secundum
1960 2406 2178 2458 Chrysosto-

88 2477 187 2501 mum
207 2463 327 2515 ipsum
343 2462 463 2514 elapso
479 2462 585 2500 etiam
604 2463 760 2513 quodam
777 2464 823 2502 ab
841 2465 904 2503 illa
920 2466 1081 2505 Flaviani
1101 2467 1275 2519 legatione
1290 2467 1335 2505 ad
1352 2467 1599 2505 Theodosium
1620 2476 1790 2519 tempore,
1805 2468 2001 2505 Flavianus
2017 2467 2176 2505 nondum

92 2535 303 2578 pervenerat
321 2524 367 2562 ad
386 2533 523 2563 aetatem
545 2525 584 2564 S.
606 2525 702 2564 Petri
722 2528 898 2578 Apostoli.
915 2527 1101 2579 Siquidem
1119 2529 1153 2566 in
1175 2529 1311 2568 Homil.
1334 2530 1358 2566 5
1378 2529 1414 2566 in
1432 2529 1655 2580 Principium
1676 2533 1846 2567 Actorum
1867 2529 2061 2567 orationem
2079 2530 2176 2567 clau-

87 2588 174 2627 dens
188 2588 466 2641 Chrysostomus
486 2587 659 2626 Flaviano
682 2602 792 2627 annos
812 2590 924 2628 aetatis
943 2591 982 2632 S.
1004 2592 1101 2630 Petri
1116 2592 1278 2643 Apostoli
1298 2600 1527 2644 apprecatur,
1544 2600 1732 2642 postquam
1753 2591 1857 2628 illum
1874 2600 1954 2629 ante
1974 2605 2086 2629 unum
2107 2593 2176 2629 sal-

86 2659 157 2689 tem
173 2664 306 2689 annum
325 2650 402 2702 jam
426 2649 471 2687 ad
498 2658 694 2688 extremam
723 2661 959 2700 senectutem,
981 2655 1028 2697 εἷς
1050 2654 1198 2706 ἔσχατον
1218 2657 1328 2705 γῆρας
1341 2684 1353 2700 ‚
1376 2652 1579 2705 pervenisse
1597 2652 1738 2690 dixerat
1755 2670 1762 2689 z
1781 2652 1842 2703 qui
1861 2652 2055 2690 Flavianus
2071 2653 2177 2691 etiam

86 2722 164 2765 post
180 2713 281 2752 illam
306 2712 350 2750 ad
373 2712 618 2751 Theodosium
650 2714 862 2766 legationem
885 2717 987 2754 annis
1017 2716 1268 2769 septemdecim
1301 2716 1528 2754 Antiocheam
1549 2716 1691 2767 pra·l'uit
1710 2715 1876 2753 Ecclesia·
1898 2730 1904 2750 :
1925 2724 1976 2752 tot
1995 2715 2088 2753 enim
2113 2730 2177 2753 nu-

88 2784 270 2814 merantur
295 2774 378 2812 anni
402 2774 448 2812 ab
473 2788 565 2813 anno
581 2775 678 2824 587,
700 2791 771 2827 quo
797 2777 858 2815 illc
875 2778 1119 2816 Theodosium
1136 2778 1241 2824 adiit,
1261 2777 1306 2815 ad
1321 2792 1453 2815 aunum
1472 2778 1572 2820 404,
1588 2791 1660 2827 quo
1678 2786 1841 2814 mortuus
1855 2785 2036 2814 vacantem
2059 2775 2178 2814 sedem

86 2836 242 2888 reliquit.
260 2838 312 2875 De
332 2844 432 2874 aetate
449 2850 553 2888 porro
570 2837 645 2888 ejus
665 2852 748 2876 cum
770 2838 866 2877 diem
885 2839 1012 2878 clausit
1032 2850 1234 2878 extre-nium
1257 2839 1422 2891 pluribus
1445 2847 1571 2889 agetur
1588 2838 1622 2874 in
1643 2838 1726 2876 x'ita
1742 2837 2006 2889 Chrysostomi.
2028 2838 2072 2876 Et
2092 2840 2176 2878 Ho-

87 2897 164 2936 mit.
188 2900 213 2936 2
241 2896 284 2935 de
309 2896 516 2934 Paenitentia
536 2909 573 2934 n.
599 2899 640 2947 Ξ),
659 2897 704 2935 de
724 2898 865 2937 Davide
891 2900 1043 2950 loquens
1063 2901 1345 2952 Chrysostomus
1364 2900 1411 2937 ait
1433 2899 1559 2945 illum,
1591 2898 1734 2948 quando
1761 2899 1796 2937 in
1817 2898 2035 2936 adulterium
2058 2900 2179 2951 lapsus

89 2969 152 3007 est,
170 2960 204 2996 in
223 2967 380 2996 extrema
412 2958 540 2996 canitie
566 2958 686 3004 fuisse,
705 2961 740 2998 ἐν
760 2961 894 3013 ἐσχάτῃ
919 2964 1047 3014 πολιᾷ;
1066 2963 1155 2999 illud
1177 2976 1263 2999 vero
1289 2961 1333 2999 de
1357 2961 1495 2999 havide
1522 2960 1630 2998 nolim
1659 2974 1724 3012 pro
1749 2970 1880 2998 asserto
1906 2962 2039 3014 accipi3
2061 2963 2120 3000 sed
2141 2973 2178 3000 ut

86 3035 188 3060 nemo
203 3034 306 3074 spero
326 3021 479 3072 negabit,
495 3020 530 3058 id
548 3022 737 3074 probatum
755 3033 962 3074 certumque
980 3038 1054 3062 esse
1078 3025 1245 3071 arbitror,
1267 3025 1561 3074 Chrysostomum
1586 3024 1733 3074 ἔσχατον
1755 3027 1864 3074 γῆρας
1888 3025 2018 3076 passim
2040 3025 2175 3062 iutelli-

88 3098 169 3134 gere
187 3084 231 3122 de
250 3084 530 3135 septuagenariis
546 3093 579 3122 et
592 3086 681 3123 form
697 3100 950 3138 nonuunquam
967 3088 1013 3126 de
1028 3089 1298 3140 septuagenario
1315 3087 1525 3124 minoribus.

142 3148 252 3185 Instat
269 3146 524 3184 Tillemontius
543 3164 550 3185 :
572 3148 605 3185 ls
624 3162 730 3198 quem
750 3150 785 3187 in
805 3150 924 3202 priore
945 3152 1115 3203 parmuesi
1135 3152 1331 3201 alloquitur
1348 3150 1626 3202 Clu-ysostomus
1639 3180 1646 3192 ,
1671 3150 1704 3187 iu
1727 3159 1849 3202 aperta
1871 3151 1956 3188 vitia
1980 3160 2011 3188 et
2027 3151 2177 3189 erimina

91 3218 322 3261 proruperat,
337 3218 376 3247 ut
396 3224 438 3247 ex
456 3210 564 3248 variis
584 3212 756 3249 orationis
776 3213 864 3250 locis
883 3214 1064 3265 colligitur
1082 3229 1089 3251 ;
1107 3224 1140 3252 at
1162 3227 1231 3252 uon
1251 3227 1406 3263 eousque
1422 3213 1589 3265 perniciei
1603 3212 1789 3251 devenisse
1809 3214 2178 3252 videtur'l'hetulorus

90 3273 381 3322 MopsuestenuS,
409 3271 454 3309 ad
480 3286 585 3322 quem
614 3274 767 3312 secunda
796 3275 954 3314 mittitur
973 3277 1119 3329 epistola
1139 3293 1147 3315 ;
1165 3278 1226 3327 qui
1251 3278 1278 3313 si
1297 3277 1371 3327 jam
1394 3275 1594 3327 baptizatus
1616 3276 1651 3313 in
1673 3290 1711 3313 ea
1733 3276 1885 3314 erimina
1907 3277 2025 3328 lapsus
2059 3285 2145 3314 esset
2167 3307 2174 3316 .

91 3348 310 3384 nequaquam
335 3335 503 3385 potuisset
525 3338 719 3374 seeundum
742 3352 892 3376 &tumes
916 3339 948 3377 iu
977 3340 1183 3391 episcopum
1212 3349 1328 3392 [nostra
1354 3340 1523 3390 cooptari.
1551 3339 1631 3376 thu·
1654 3340 1751 3377 nullo
1772 3341 1912 3390 negotio
1928 3339 2174 3391 depelluntur.

92 3398 318 3439 'theodorum
342 3412 401 3447 ‘1¹¹¹
425 3414 561 3436 >nurum
584 3410 712 3437 cci-tum
730 3401 949 3449 ‹lest-ruerat,
971 3404 1107 3451 urgentia
1130 3402 1308 3439 merularia
1329 3401 1500 3439 tractabat
1520 3433 1526 3443 ,
1546 3402 1790 3453 voluptatibus
1810 3402 1954 3440 deditus
1975 3412 2062 3444 erat,
2089 3402 2176 3439 ller-

96 3462 228 3497 miours
252 3461 377 3511 puella·
399 3463 582 3511 cujusdam
609 3479 725 3501 annue*
747 3467 930 3508 itam-ibat.
957 3469 1031 3503 Nun
1058 3467 1152 3503 aliwl
1184 3468 1218 3503 ‹l‹
1250 3466 1440 3502 ‘thu-odon·
1461 3480 1592 3503 eruum
1620 3469 1718 3503 relert
1747 3467 2020 3516 ‹ltu->sm10nius
2040 3482 2043 3499 τ
2066 3466 2099 3501 iil
2133 3476 2181 3501 ta-
