2513 3871
267 259 361 306 826

264 357 337 394 illis
352 369 475 394 cavere
493 354 692 407 oportuerit
704 383 713 401 ,
729 366 942 404 omnemque
967 366 1110 392 movere
1125 352 1217 405 lapi-

262 416 365 455 dem:
386 429 480 454 nune
502 428 585 453 vero
604 423 790 466 postquam
805 414 1009 466 jejunatum
1023 422 1097 460 est,
1116 422 1220 466 post-

263 491 369 528 quam
378 485 560 529 peccatum
567 475 766 514 admissum
773 483 837 520 est,
848 484 1036 527 postquam
1047 475 1219 526 iniquitas

711 273 751 303 S·
787 273 864 303 JOA
875 273 896 302 N
907 272 974 302 Nts
1008 272 1248 303 cttnt'SOST.

57 541 194 570 Fam-m
207 552 247 569 ⁵²-
262 547 504 576 cousummata
521 545 572 575 est
584 567 594 582 ,
613 551 692 588 quae
709 546 870 589 superest
887 536 1024 575 utilitas
1035 536 1054 574 Ξ)
1075 536 1217 576 Etenim

58 584 112 611 luti
139 593 244 612 consu-

55 627 189 653 tendum.

54 1463 79 1488 (ἶ
89 1473 132 1489 rn.
151 1460 242 1490 2-16.

56 1513 106 1541 ¹5·

55 2622 129 2648 Gen.
155 2619 186 2648 3.

260 599 287 636 si
304 599 386 649 quis
406 598 525 647 novit,
545 596 635 648 quid
648 598 695 636 sit
713 597 816 636 fratri
836 596 1020 636 consulere
1033 627 1044 645 ,
1066 599 1167 636 novit
1184 606 1218 637 et

261 658 352 697 illud
363 689 374 708 ‚
388 659 487 711 quod
502 673 598 698 nunc
610 659 839 712 potissimum
852 668 1014 712 oporteat
1026 659 1218 698 admovere

261 734 407 769 manus,
435 734 608 772 omneque
641 720 804 760 studium
842 720 1063 774 impendere.
1092 722 1218 772 Neque

258 783 353 821 enim
375 791 514 821 tantum
530 792 612 821 ante
627 791 811 835 peccatum
830 783 1029 823 admissum
1048 783 1215 822 convenit
1239 786 1261 817 Β

258 843 378 882 fratris
397 843 504 883 saluti
525 857 651 883 cavere
666 874 675 892 ,
691 858 815 883 verum
835 854 868 883 et
887 853 966 898 post
985 844 1126 898 lapsum
1143 859 1215 883 ma·

260 918 328 942 uus
347 903 571 957 porrigendae
590 914 687 943 sunt.
712 905 853 945 Etenim
870 906 899 944 si
927 908 1027 945 Deus
1041 906 1089 945 ab
1111 907 1215 946 initio

258 963 395 1003 fecisset
409 963 505 1003 istud
519 994 528 1012 ,
542 974 750 1016 tantumque
763 964 866 1003 nobis
879 965 1116 1004 consuluisset
1132 975 1215 1005 ante

260 1035 445 1078 peccatum
457 1056 467 1075 ,
489 1035 569 1079 post
585 1036 769 1079 peccatum
781 1036 898 1065 autem
912 1027 1127 1078 neglexisset
1146 1027 1214 1066 ho-

260 1087 405 1133 minem,
414 1101 610 1140 passusque
619 1087 743 1125 suisset
754 1096 923 1140 perpetua
932 1087 968 1126 in
978 1088 1079 1126 ruina
1086 1089 1217 1140 jacere,

259 1146 382 1183 nullus
402 1160 513 1197 neque
533 1155 692 1184 nostrum
721 1160 891 1197 umquam
918 1146 1070 1185 salutem
1093 1148 1216 1187 suisset

258 1216 510 1257 consequutus.
530 1209 666 1246 Verum
685 1207 750 1245 hoc
764 1221 832 1245 non
851 1208 935 1246 facit
949 1209 1046 1246 Deus
1059 1238 1068 1254 ‚
1084 1209 1219 1261 quippe

261 1282 386 1306 amans
401 1267 549 1306 humani
566 1269 702 1319 generis
718 1283 759 1307 ac
772 1269 886 1317 mitis,
907 1278 1107 1320 nostraeque
1120 1270 1218 1307 salu-

261 1330 306 1366 tis
325 1328 596 1381 cupidissimus.
620 1329 717 1377 Quin
740 1338 774 1367 et
803 1338 882 1382 post
901 1338 1044 1381 peccata
1063 1330 1215 1368 multam

261 1399 403 1441 prmstat
433 1389 736 1436 sollicitudinem,
759 1390 1050 1441 quandoquidem
1073 1399 1107 1429 et
1129 1391 1215 1430 Adae

257 1451 352 1489 cavit
372 1461 454 1489 ante
474 1460 680 1504 peccatum,
716 1450 863 1491 dicens:
888 1453 954 1490 Ex
980 1457 1085 1490 omni
1106 1453 1214 1502 ligno

255 1514 362 1564 quod
379 1522 434 1551 est
454 1516 496 1551 in
526 1514 713 1565 paradiso
743 1515 948 1552 comedens
975 1515 1152 1553 comedes
1160 1530 1175 1559 ;
1195 1529 1216 1553 e

255 1575 361 1627 Ii'gno
375 1589 469 1613 vero
485 1577 719 1627 cognitionis
745 1577 839 1614 honi
857 1576 1031 1629 malique
1051 1590 1128 1615 non
1150 1591 1215 1615 co·
1235 1587 1258 1617 c

254 1637 415 1675 medens
436 1654 448 1676 .·
468 1637 537 1675 sed
581 1650 824 1690 quocumque
860 1639 924 1676 die
969 1639 1214 1678 comederitis

253 1706 376 1735 morte
405 1700 639 1738 moriemini.
665 1697 757 1737 Ecce
775 1708 809 1737 et
840 1699 1013 1738 facilitate
1045 1700 1152 1751 legis,
1179 1710 1213 1739 et

252 1758 416 1809 largitate
429 1772 674 1798 concessorum
687 1789 697 1807 ‚
713 1769 747 1798 et
762 1759 955 1799 acerbitate
967 1761 1137 1813 supplicii
1151 1791 1160 1807 ‚
1178 1770 1213 1800 et

254 1819 330 1870 ipsa
353 1819 530 1858 celeritate
549 1820 694 1859 ultionis
723 1821 928 1874 prospexit,
956 1835 1000 1860 ne
1032 1832 1207 1875 peccaret.

257 1881 336 1919 Non
351 1881 447 1919 enim
458 1881 569 1931 dixit,
589 1882 673 1920 Post
685 1896 796 1920 unum
810 1892 870 1920 aut
886 1882 977 1922 duos
991 1893 1107 1922 tresve
1121 1883 1211 1934 dies,

255 1941 332 1987 sed,
350 1944 390 1981 In
411 1942 488 1994 ipso
503 1942 577 1990 die,
595 1957 667 1994 quo
687 1943 931 1993 comederitis,
953 1954 1066 1983 morte
1083 1945 1214 1983 morie-

255 2003 358 2041 mini.
394 2003 558 2054 Denique
578 2004 715 2042 cunctis
741 2003 874 2055 quibus
903 2019 1027 2043 cavere
1052 2005 1213 2058 oportuit

254 2064 392 2109 modis,
415 2065 509 2104 cavit
528 2065 680 2104 bomini.
703 2070 869 2105 Attamen
891 2067 951 2105 ubi
977 2077 1056 2119 post
1077 2077 1210 2107 tantam

255 2126 516 2178 providenti-un
529 2156 538 2173 ,
555 2126 755 2165 doctrinam
767 2157 777 2174 ,
791 2127 1074 2167 exhortationem
1084 2159 1094 2177 ,
1109 2129 1211 2168 bene-

254 2187 435 2226 ficentiam
456 2188 575 2241 lapsus
605 2197 656 2226 est
672 2218 681 2234 ‚
716 2203 779 2227 nec
810 2189 1072 2242 obtemperavit
1103 2191 1212 2243 jussis

251 2249 388 2288 (livinis
412 2265 419 2285 :
441 2264 507 2287 non
535 2249 629 2287 dixit
658 2251 779 2298 Deus,
801 2250 901 2299 Quid
923 2252 990 2290 lioc
1022 2252 1212 2304 proderit?
1237 2271 1259 2301 D

251 2324 331 2360 qute
347 2310 483 2347 utilitas
499 2309 606 2348 indo?
622 2311 792 2358 comedit,
809 2311 958 2361 cecidit,
975 2322 1213 2366 transgressus

253 2379 302 2407 est
319 2370 451 2421 legem,
466 2370 616 2409 credidit
632 2371 798 2410 diabolo:
817 2372 981 2426 despexit
993 2385 1212 2427 praeceptum

253 2433 538 2484 meun1‚accepit
559 2433 690 2471 vulnus
703 2463 714 2481 ,
731 2443 894 2472 mortuus
908 2445 979 2482 est,
1008 2436 1084 2475 neci
1105 2437 1214 2476 tradi-

253 2501 310 2529 tus
330 2503 400 2540 est,
416 2493 449 2531 in
465 2493 932 2535 damnationis'sententiam
952 2497 1100 2536 incidit:
1124 2497 1210 2550 quid

255 2553 402 2605 posthac
421 2564 473 2592 est
501 2554 598 2605 quod
622 2554 673 2592 illi
707 2555 925 2606 loquamur?
946 2556 1048 2595 Nihil
1082 2557 1212 2595 horum

252 2612 369 2664 dixit,
390 2615 451 2653 sed
474 2616 638 2668 protinus
657 2615 702 2654 ad
725 2616 829 2654 illum
864 2617 983 2664 venit,
1005 2612 1214 2669 alloquutus

254 2685 304 2714 est
317 2707 328 2722 ,
371 2677 575 2716 consolatus
609 2687 661 2715 est
693 2693 700 2714 :
721 2691 763 2715 ac
797 2692 920 2717 rursus
954 2678 1054 2717 aliud
1089 2678 1212 2717 admo-

255 2737 306 2774 vit
338 2737 535 2777 remedium
549 2768 559 2786 ,
583 2737 749 2778 videlicet
779 2739 937 2779 laborem
957 2754 998 2779 ac
1016 2741 1184 2780 sudorem
1203 2757 1211 2778 :

256 2813 316 2836 uec
336 2799 435 2850 prius
466 2798 601 2838 destitit
624 2801 743 2839 omnia
763 2802 898 2849 facere,
925 2802 1043 2841 conari
1064 2803 1184 2841 omnia
1200 2833 1210 2852 ‚

253 2858 365 2898 donec
386 2869 550 2899 naturam
581 2861 780 2914 collapsam
810 2862 1042 2913 restituisset,
1065 2873 1173 2916 atque
1194 2879 1213 2902 a

257 2930 367 2957 morte.
388 2921 586 2967 liberasset,
612 2932 643 2960 et
661 2922 706 2960 ad
722 2923 848 2962 caelum
869 2925 1116 2976 provexisset.
1142 2940 1215 2965 ma·

253 2981 401 3032 joi-:ique
420 2998 526 3034 quam
542 2984 746 3036 perdiderat
763 2985 903 3024 homini
928 2986 1020 3026 bona
1040 2986 1212 3035 dedisset,

1289 273 1497 304 anctum>-
1535 273 1705 304 CONSTA
1714 274 1895 306 &Tmon-

1291 359 1391 393 καῖον
1405 348 1448 402 ἦν
1459 384 1469 402 ,
1489 354 1548 393 καὶ
1566 354 1683 394 πάντα
1701 358 1862 403 ποιῆσαι,
1877 359 1936 394 νῦν
1952 355 1989 395 δὲ
2005 356 2095 407 μετὰ
2114 357 2154 396 τὸ
2168 362 2319 405 νηστεῦ-

1291 431 1365 462 σαι,
1383 415 1473 467 μετὰ
1493 416 1533 455 τὸ
1551 416 1714 467 γενέσθαι
1727 416 1793 464 τὴν
1821 417 2000 470 ἁμαρτίαν
2013 447 2024 466 ,
2046 419 2137 469 μετὰ
2155 419 2197 458 τὸ
2219 421 2320 468 πλη-

1294 479 1446 529 ρωθῆναι
1460 478 1524 524 τὴν
1544 477 1706 529 ἀνομίαν,
1719 478 1755 516 τί
1769 478 1810 517 τὸ
1827 477 1948 531 ὄφελος
1965 478 2109 527 λοιπόν;
2128 481 2172 519 El
2185 479 2254 532 γάρ
2267 496 2321 525 τις

1291 532 1373 584 οἶδε,
1392 538 1427 577 τί
1454 538 1543 578 ποτέ
1560 540 1636 578 ἐστι
1654 539 1803 592 πρόνοια
1833 540 2014 592 ἀδελφῶν,
2027 534 2100 579 οἶδε
2118 541 2178 579 καὶ
2199 545 2320 587 τοῦτο,

1289 599 1344 637 ὅτι
1361 603 1420 638 νῦν
1452 599 1608 650 μάλιστα
1637 600 1817 639 ἐπιθέσθαι
1833 601 1922 650 ’δεῑ,
1941 601 2001 640 καὶ
2019 607 2138 640 πᾶσαν
2164 602 2319 650 σπουδὴν

1288 660 1542 705 ἐπιδείξασθαι.
1561 663 1616 700 Οὐ
1643 661 1712 712 γὰρ
1743 661 1785 709 δὴ
1819 662 1923 712 μόνον
1952 662 2023 714 πρὸ
2052 665 2116 710 τῆς
2144 663 2320 716 ἁμαρτίας

1290 721 1553 773 ἀσφαλίσασθαι
1568 720 1653 774 χρὴ,
1666 721 1757 761 ἀλλὰ
1772 721 1832 760 καὶ
1851 722 1941 773 μετὰ
1956 722 2002 761 τὰ
2020 722 2197 773 πτώματα
2215 730 2320 777 χεῖρα

1287 782 1432 834 ὀρέγειν.
1455 783 1525 822 Καὶ
1545 783 1614 836 γὰρ
1631 786 1650 822 ὁ
1667 783 1757 828 Θεὸς
1772 814 1783 834 ,
1806 784 1836 822 εἰ
1856 787 1961 823 τοῦτο
1983 784 2020 829 ἐξ
2050 785 2162 838 ἀρχῆς
2185 786 2319 833 ἐποίει,

1287 845 1346 882 καὶ
1363 845 1431 896 πρὸ
1447 847 1510 892 τῆς
1527 844 1702 897 ἁμαρτίας
1719 844 1934 897 ἠσφαλίζετο
1954 846 2071 896 μόνον,
2096 845 2187 897 μετὰ
2201 846 2238 885 δέ
2253 847 2320 894 τὴν

1287 906 1463 959 ἁμαρτίαν
1485 905 1705 958 ἀπεγίνωσκε
1725 906 1785 944 καὶ
1803 906 1898 958 ἠφίει
1927 910 2063 946 κεῖσθαι
2080 908 2116 946 ἐν
2135 909 2187 960 τῷ
2219 907 2320 947 πτώ-

1290 982 1377 1015 ματι
1405 967 1592 1015 διηνεκῶς,
1617 967 1728 1010 οὐδεὶς
1754 966 1795 1004 ἂν
1828 967 1905 1006 οὐδὲ
1933 968 2035 1019 ἡμῶν
2067 968 2182 1016 ἐσώθη
2214 967 2316 1007 noti.

1289 1027 1381 1066 Ἀλλ’
1404 1029 1442 1066 οὗ
1463 1034 1556 1070 ποιεῖ
1588 1033 1709 1076 τοῦτο,
1728 1028 1972 1081 φιλάνθρωπος
2005 1028 2052 1067 ὢν
2082 1029 2143 1067 καὶ
2169 1028 2318 1083 ἥμερος,

1290 1089 1350 1127 καὶ
1368 1092 1429 1136 τῆς
1449 1090 1626 1142 σωτηρίας
1646 1089 1802 1140 μάλιστα
1832 1090 2011 1142 ἐφιέμενος
2040 1092 2104 1137 τῆς
2125 1090 2320 1143 ἡμετέρας,

1291 1150 1381 1189 ἀλλὰ
1398 1151 1457 1188 καὶ
1477 1150 1567 1201 μετὰ
1590 1150 1633 1189 τὰ
1653 1151 1897 1202 ἁμαρτήματα
1930 1151 2064 1199 πολλὴν
2085 1151 2320 1191 ἐπιδείκνυται

1290 1210 1472 1261 πρόνοιαν·
1495 1211 1572 1250 ἐπεὶ
1604 1212 1665 1250 καὶ
1690 1212 1748 1250 τὸν
1766 1212 1877 1262 Ἀδὰμ
1903 1214 2127 1265 ἠσφαλίσατο
2164 1214 2227 1264 μὲν
2261 1213 2321 1251 καὶ

1289 1272 1358 1321 πρὸ
1376 1274 1438 1317 τῆς
1459 1272 1651 1325 ἁμαρτίας,
1669 1273 1729 1311 καὶ
1747 1267 1824 1311 εἶπε
1847 1274 1933 1326 πρὸς
1953 1274 2068 1312 αὐτόν·
2087 1274 2174 1312 Ἀπὸ
2191 1273 2322 1318 παντὸς

1290 1330 1390 1375 ξύλου
1413 1336 1472 1371 τοῦ
1493 1334 1528 1370 ἐν
1543 1336 1593 1386 τῷ
1615 1333 1819 1386 παραδείσῳ
1837 1333 1967 1386 βρώσει
1987 1335 2095 1387 φάγῃ,
2114 1334 2186 1373 ἀπὸ
2203 1334 2240 1372 δὲ
2258 1336 2320 1373 τοῦ

1290 1391 1388 1436 ξύλου
1402 1397 1462 1432 τοῦ
1479 1394 1662 1445 γινώσκειν
1693 1395 1800 1433 καλὸν
1828 1396 1888 1433 καὶ
1921 1395 2072 1447 πονηρὸν
2099 1397 2138 1434 οὗ
2168 1395 2320 1447 φάγεσθι

1288 1455 1349 1492 ἀπ’
1373 1455 1494 1493 αὐτοῦ·
1518 1449 1590 1507 ἧδ’
1626 1456 1666 1494 ἂν
1687 1455 1805 1507 ἡμέρα
1836 1456 1986 1508 φάγητε,
2016 1455 2155 1509 θανάτῳ
2187 1457 2319 1495 dnoue-

1286 1518 1413 1557 νεῖσθε.
1435 1515 1526 1555 Ἰδοὺ
1567 1517 1626 1555 καὶ
1656 1520 1700 1569 τῇ
1737 1517 1882 1570 εὐκολία
1917 1521 1978 1556 τοῦ
2010 1517 2137 1568 νόμου,
2174 1517 2234 1556 καὶ
2273 1519 2318 1569 τῇ

1287 1576 1450 1629 δαψιλείᾳ
1474 1579 1543 1614 τῶν
1566 1577 1915 1629 συγκεχωρημένων,
1934 1578 1994 1616 καὶ
2011 1580 2055 1630 τῇ
2086 1578 2238 1631 τιμιιορίαΙ
2255 1580 2321 1625 τῆς

1287 1637 1482 1687 μελλούσης
1502 1638 1702 1686 κολάσεως,
1717 1638 1776 1677 καὶ
1802 1641 1852 1691 τῷ
1885 1639 1988 1692 τάχει
2019 1641 2082 1685 τῆς
2115 1640 2320 1691 ἐπαγωγῆς,

1285 1712 1293 1749 g
1310 1699 1348 1735 οὗ
1366 1697 1434 1750 γὰρ
1454 1693 1528 1738 ε’ἷπε
1548 1698 1638 1750 μετὰ
1657 1700 1760 1750 μίαν,
1782 1699 1843 1738 καὶ
1863 1699 1939 1748 δύο,
1966 1700 2026 1739 καὶ
2056 1705 2149 1751 τρεῖς
2181 1700 2318 1752 ἡμέρας

1286 1761 1363 1798 ἀλλ’
1392 1762 1425 1798 ἐν
1459 1761 1547 1813 αὐτῇ
1570 1764 1612 1813 τῇ
1633 1762 1774 1816 ἡμέρα,
1789 1756 1813 1811 ᾗ
1831 1762 1872 1799 ἂν
1893 1762 2042 1813 φάγητε,
2064 1761 2204 1814 θανάτῳ
2232 1763 2320 1801 ἀπο·

1286 1825 1469 1869 θανεῖσθε),
1489 1822 1548 1860 καὶ
1567 1823 1675 1861 παντὶ
1703 1822 1844 1875 τρόπῳ,
1867 1817 1964 1876 ᾧπερ
1983 1825 2090 1876 ἐχρῆν
2121 1822 2321 1875 ἀσφαλίσα-

1286 1885 1368 1921 σθαι
1399 1884 1456 1923 τὸν
1485 1884 1692 1934 ἄνθρωπον,
1716 1884 1938 1937 ἠσφαλίζετο.
1954 1884 2046 1922 Ἀλλ’
2065 1884 2162 1934 ὅμως
2195 1883 2319 1932 ἐπειδὴ

1287 1943 1376 1994 μετὰ
1403 1945 1577 1993 τοσαύτην
1608 1946 1774 1998 πρόνοιαν
1798 1946 1857 1985 καὶ
1893 1946 2124 1985 διδασκαλίαν
2150 1945 2210 1984 καὶ
2249 1960 2319 1985 πα·

1288 2005 1439 2057 ραίνεσιν
1475 2007 1535 2046 καὶ
1566 2007 1763 2060 εὐεργεσίαν
1792 2007 1986 2053 κατέπεσε,
2007 2008 2067 2046 καὶ
2103 2008 2164 2046 οὐκ
2188 2007 2318 2055 ἤκουσε

1285 2069 1354 2105 τῶν
1370 2067 1636 2119 ἐπιταγμάτων,
1655 2070 1716 2107 οὐκ
1734 2063 1811 2106 εἶπε
1830 2068 1963 2120 [τοῦτο]
1983 2072 2002 2107 ὁ
2019 2069 2125 2114 Θεὸς,
2141 2067 2178 2106 τί
2195 2069 2318 2107 λοιπὸν

1285 2127 1325 2166 τὸ
1350 2128 1477 2176 πλέον,
1492 2129 1526 2167 τί
1554 2129 1594 2167 τὸ
1620 2130 1762 2180 ὄφελος;
1783 2131 1925 2183 ἔφαγεν,
1951 2130 2076 2178 ἔπεσε,
2095 2129 2234 2182 παρέὸη
2257 2129 2315 2169 τὸν

1285 2190 1404 2241 νόμον,
1420 2190 1602 2230 ἐπίστευσε
1632 2195 1683 2245 τῷ
1713 2192 1887 2244 διαίόλῳ,
1907 2191 2067 2242 ἠτίμωσέ
2095 2207 2162 2242 μου
2183 2191 2247 2240 τὴν
2268 2193 2321 2231 ἐν·

1285 2250 1413 2299 τολὴν,
1432 2251 1572 2296 ἐδέξατο
1601 2252 1665 2301 τὴν
1696 2252 1836 2304 πληγὴν
1851 2284 1860 2299 ,
1884 2252 2003 2305 νεκρὸς
2032 2253 2188 2304 ἐγένετο,
2207 2268 2319 2306 παρε-

1286 2312 1369 2360 δόθη
1405 2315 1455 2365 τῷ
1490 2313 1653 2368 θανάτῳ,
1673 2313 1741 2352 ὑπὸ
1770 2313 1833 2361 τὴν
1869 2314 2044 2366 ἀπόφασιν
2079 2308 2184 2361 ἦλθε,
2203 2313 2239 2352 τί
2265 2315 2318 2352 δεῖ

1285 2375 1406 2413 λοιπὸν
1428 2376 1523 2426 αὐτῷ
1543 2375 1789 2426 διαλέγεσθαι;
1811 2374 1923 2414 Οὐδὲν
1942 2375 2073 2414 τούτων
2093 2369 2208 2421 εἶπεν,
2227 2374 2318 2415 ἀλλὰ

1286 2436 1345 2473 καὶ
1364 2430 1448 2483 ἦλθε
1468 2436 1554 2487 πρὸς
1575 2436 1676 2475 αὐτὸν
1697 2436 1834 2484 εὐθέως,
1849 2436 1910 2475 καὶ
1929 2436 2108 2489 διελέχθη,
2126 2436 2186 2474 καὶ
2203 2451 2320 2489 παρε-

1287 2497 1491 2547 μυθήσατο,
1508 2497 1568 2536 καὶ
1588 2498 1694 2536 πάλιν
1725 2498 1843 2550 ἕτερον
1876 2497 2027 2544 ἐπέθηκε
2047 2497 2253 2550 φάρμακον,
2278 2497 2320 2537 τὸ

1285 2561 1355 2598 τῶν
1389 2558 1506 2598 πόνων
1527 2559 1587 2598 καὶ
1608 2562 1676 2598 τῶν
1701 2559 1859 2610 ἱδρώτων
1873 2589 1883 2608 ,
1902 2559 1962 2597 καὶ
1981 2559 2020 2598 οὗ
2038 2558 2207 2611 πρότερον
2226 2557 2320 2598 ἀπέ-

1287 2638 1352 2669 στη
1392 2621 1510 2660 πάντα
1543 2623 1654 2660 ποιῶν
1691 2620 1751 2659 καὶ
1779 2620 2132 2672 πραγματευόμενος,
2157 2619 2222 2664 ἕως
2253 2619 2320 2666 τὴν

1286 2683 1387 2735 φύσιν
1405 2681 1470 2728 τὴν
1490 2686 1665 2722 πεσοῦσαν
1686 2680 1871 2729 ἀνέστησε,
1893 2681 1953 2720 καὶ
1972 2679 2153 2727 ἀπήλλαξε
2174 2684 2235 2720 τοῦ
2255 2684 2320 2719 θα·-

1287 2744 1406 2789 νάτου,
1427 2743 1487 2782 καὶ
1503 2743 1590 2795 πρὸς
1616 2743 1675 2782 τὸν
1694 2743 1838 2794 οὐρανὸν
1865 2741 2147 2795 ἐχειραγώγησε,
2162 2742 2223 2782 καὶ
2242 2742 2317 2795 μεί·

1287 2807 1368 2850 ζονα
1387 2806 1457 2843 τῶν
1482 2803 1718 2844 ἀπολωλότων
1745 2803 1873 2842 ἔδωκεν
1897 2803 2023 2854 ἀγαθὰ,
2041 2803 2099 2842 διὰ
2116 2805 2186 2843 τῶν
2206 2803 2317 2857 ἐργων

1289 2868 1403 2906 αὐτῶν
1435 2865 1491 2903 τὸν
1526 2863 1686 2903 διάὸολον
1707 2863 1847 2908 διδάξας
1862 2894 1873 2910 ,
1893 2864 1947 2902 ὅτι
1966 2864 2063 2903 οὐδὲν
2088 2866 2183 2917 αὐτῷ
2211 2863 2318 2904 πλέον

1288 2928 1422 2979 ἐγένετο
1435 2928 1474 2965 ἐκ
1488 2927 1550 2972 τῆς
1562 2925 1748 2971 ἐπιδουλῆς
1763 2924 1987 2972 ταύτης·αἰλλ’
2004 2924 2162 2965 ἐκΰαλὼν
2178 2929 2239 2964 τοῦ
2249 2941 2316 2965 πα·

1291 2989 1448 3041 ραδείσου
1467 2986 1543 3031 τοὺς
1563 2986 1780 3039 ἀνθρώπους,
1801 2985 1924 3038 ὄψεται
1941 2986 2064 3030 αὐτοὺς
2084 2985 2207 3039 μικρὸν
2222 2987 2318 3026 ὅστε·

258 3042 358 3080 facus
386 3043 470 3095 ipsis
497 3043 627 3082 docens
650 3044 858 3093 diabolum,
885 3046 982 3098 quod
999 3047 1056 3087 his
1073 3047 1216 3087 insidiis
1238 3070 1262 3101 Ε
1291 3067 1346 3103 ρον
1370 3051 1405 3088 ἐν
1429 3053 1500 3091 τοῖς
1525 3049 1681 3100 οὐρανοῖς
1709 3046 2018 3097 ἀναμεμιγμένους
2039 3052 2111 3091 τοῖς
2141 3046 2315 3100 ἀγγέλοις-

260 3103 348 3140 niluil
386 3105 613 3155 profecisset,
632 3106 693 3145 sed
721 3106 820 3158 quod
852 3108 1013 3147 homines
1045 3110 1173 3161 ejectos
1193 3125 1211 3149 c

260 3163 423 3212 paradiso
452 3166 558 3216 paulo
581 3177 659 3218 post
690 3168 835 3207 visurus
855 3178 944 3208 essct
963 3169 998 3208 in
1028 3171 1124 3210 ecelis
1145 3186 1211 3210 an-

260 3222 346 3268 grlis
366 3226 573 3275 permixtos.
594 3227 691 3266 ldem
707 3229 787 3267 fecit
805 3229 839 3268 in
859 3230 965 3279 Cain;
986 3231 1163 3283 siquidem
1179 3242 1212 3272 et

261 3281 373 3326 illius,
391 3288 597 3336 priusquam
614 3300 787 3339 peccaret,
801 3301 938 3331 caverat
953 3293 1059 3332 saluti
1071 3293 1206 3333 dicens:

308 3459 318 3471 ¹
345 3450 474 3491 Μῦς-ιη’.
489 3451 549 3481 ⁸¹³»
584 3468 603 3483 ‹·
619 3469 624 3475 v
643 3479 648 3488 ,
665 3462 693 3483 σι
715 3455 796 3486 mira
818 3472 864 3501 '¹':
880 3466 1039 3499 vargi-‚mn

1289 3112 1405 3150 Ἰὀῧτο
1419 3110 1478 3148 καὶ
1497 3111 1554 3149 ἐπὶ
1578 3111 1637 3147 τοῦ
1659 3108 1747 3148 Κάϊν
1765 3108 1924 3153 ἐποίησε·
1942 3108 1999 3146 καὶ
2019 3108 2086 3161 γὰρ
2105 3108 2165 3147 καὶ
2189 3110 2318 3148 ἐκεῖνον

1291 3173 1436 3224 πρὸτῆς
1452 3169 1627 3224 ἁμαρτίας
1647 3168 1871 3221 ἠσφαλίζετο,
1892 3168 1950 3206 καὶ
1975 3169 2241 3222 προδιηγόρευε,
2263 3169 2320 3210 λί-

1291 3251 1387 3284 γων,
1417 3233 1622 3284 ἽΙμαρτες,
1654 3231 1850 3283 ἡσύχασον·
1878 3230 1962 3282 πρὸς
1991 3230 2030 3268 σὲ
2062 3234 2084 3278 ἠ
2113 3231 2318 3284 ἀποστροφὴ

1295 3297 1409 3342 αὐτοῦ,
1424 3295 1481 3332 καὶ
1497 3293 1538 3332 σὺ
1558 3293 1671 3344 ἄρξεις
1691 3294 1806 3331 αὐτοῦ.
1826 3290 1920 3344 ’Όρα
1945 3293 2066 3344 σοφίαν
2090 3291 2149 3331 καὶ
2170 3292 2318 3333 σύνεσιν.

2470 1810 2493 2120 ‘sb-mo—
