2513 3871
164 1335 223 1361 Cur
246 1341 310 1371 ῐιυιι

121 1377 310 1404 ιΙἹΙιε-Ιιυῐιεπι

122 1418 244 1454 quidam

125 1464 256 1495 peccent.

125 1516 181 1544 Ps.
196 1514 247 1543 32.
265 1513 311 1542 15.

154 1888 255 1924 dtr-[0.
266 1896 310 1915 ια.

276 2560 319 2590 3..

338 186 429 233 216

334 285 421 322 vitia
441 285 617 332 hortatur,
642 291 674 319 et
690 282 802 320 bonos
820 283 995 321 cautiores
1012 282 1138 329 efficit,
1155 290 1190 319 et
1210 281 1291 318 lon-

335 343 577 392 ganimitatem
605 340 759 380 ostendit
795 356 922 391 suam,
954 341 1291 393 resurrectionisque

334 405 552 452 doctrinam,
565 411 604 441 ut
624 411 705 441 ante
721 402 886 442 diximus
900 433 911 452 ,
931 403 1100 443 omnibus
1115 402 1285 442 insinuat.

333 465 430 514 Quid
443 478 528 515 ergo
547 464 636 511 haec,
653 463 805 515 inquies,
819 464 866 503 ad
890 479 966 513 eos,
979 464 1042 517 qui
1061 479 1081 503 a
1101 464 1218 518 prima
1235 463 1289 501 in-

332 527 440 564 fantia
461 525 588 564 nutriti
607 525 643 564 in
668 526 946 574 calamitatibus,
964 527 1175 580 priusquam
1194 525 1289 564 bona

334 587 388 624 vel
406 586 499 625 mala
520 600 584 638 per
607 595 745 626 aetatem
772 586 973 626 discernere
1001 587 1151 640 possint,
1169 600 1190 626 e
1213 586 1287 624 vita

332 647 515 699 migrant?
535 647 580 685 Et
603 646 691 698 quid
707 648 808 696 mali,
828 662 974 699 quaeso,
997 649 1055 687 isti
1075 648 1262 702 patiuntur
1277 677 1287 694 ‚

330 709 391 758 qui
412 707 564 747 necdum
583 708 671 760 quid
687 709 867 761 patiantur
885 710 1067 758 sentiunt,
1089 723 1204 762 neque
1220 709 1289 748 do-

331 769 402 807 lere
419 778 481 807 aut
500 769 656 821 gaudae
674 768 907 809 didicerunt?
926 771 1006 823 Ego
1024 784 1112 809 vero
1129 784 1200 809 non
1220 770 1288 809 boc

330 830 446 868 solum
463 844 527 882 pro
546 830 756 883 hujusmodi
777 831 947 871 solvenda
969 832 1162 883 quaestione
1181 831 1284 870 dixe-

330 891 412 937 rim,
439 905 561 930 verum
589 901 753 944 parentes
785 892 880 945 ipsos
902 893 1009 932 etiam
1026 903 1062 932 et
1095 894 1222 932 [ratres
1253 904 1287 931 et

329 953 548 1005 propinquos
562 953 772 1006 hujusmodi
785 953 980 993 liberorum
994 954 1159 993 cladibus
1172 968 1291 992 emcn-

327 1012 430 1052 datos
446 1013 542 1051 novi.
560 1013 603 1053 ld
625 1027 710 1052 vero
723 1027 793 1052 non
810 1015 949 1053 minimi
968 1015 1058 1054 lucri
1074 1023 1140 1061 est,
1157 1028 1201 1053 cx
1226 1015 1283 1062 iis,

327 1074 459 1125 quibus
476 1074 753 1119 nemolaeditur,
769 1075 858 1113 alios
879 1075 1074 1114 maximam
1095 1075 1284 1114 utilitatem

327 1137 510 1187 consequi.
526 1136 734 1175 Verisimile
751 1145 868 1175 autem
885 1145 937 1175 est
955 1137 1062 1174 etiam
1079 1136 1187 1174 aliam
1214 1151 1288 1175 esse

331 1210 477 1235 causam
502 1197 746 1243 secretiorem,
766 1210 875 1247 quam
899 1196 999 1235 solus
1031 1198 1130 1234 novit
1169 1211 1288 1235 rerum

325 1257 451 1308 opifex
472 1258 583 1299 Deus.

379 1322 420 1358 9.
458 1322 581 1360 Unum
605 1322 782 1372 reliquum
812 1331 864 1359 est
892 1321 1162 1373 explicandum,
1181 1336 1290 1372 quam

326 1378 462 1416 scilicet
481 1379 529 1416 ob
557 1392 700 1417 causam
722 1379 761 1426 ii,
781 1379 844 1430 qui
860 1387 955 1418 recte
983 1380 1191 1432 priusquam
1212 1390 1288 1419 ten-

328 1448 486 1478 tarentur
507 1439 732 1486 incedebant,
752 1448 833 1491 post
849 1440 1076 1478 tentationem
1096 1441 1186 1493 lapsi
1206 1441 1288 1480 sint.

327 1501 419 1547 Quis
437 1530 446 1547 ,
481 1514 559 1546 oro,
578 1500 682 1551 plane
701 1499 803 1538 novit
819 1500 882 1551 qui
911 1509 1004 1539 recte
1019 1500 1201 1549 incedant,
1220 1502 1288 1540 nisi

327 1561 390 1613 qui
433 1561 540 1600 corda
575 1570 694 1599 nostra
728 1561 878 1613 singula.
895 1561 1022 1609 linxit,
1049 1562 1289 1614 intelligitque

326 1622 446 1660 omnia
461 1636 565 1675 opera
584 1631 702 1661 nostra
715 1622 733 1659 9
750 1622 807 1660 Pit
819 1621 913 1660 enim
927 1623 1072 1675 saepius,
1085 1632 1124 1661 ut
1140 1624 1288 1676 plurimi

327 1697 372 1722 ex
393 1684 438 1722 iis
458 1684 518 1735 qui
541 1684 626 1722 boni
659 1697 734 1722 esse
753 1683 939 1734 videntur,
963 1685 1102 1737 pejores
1121 1685 1289 1723 omnibus

328 1745 417 1795 sint;
435 1754 543 1796 atque
555 1745 590 1783 id
601 1744 749 1796 quidem
765 1754 799 1783 et
817 1744 852 1782 in
872 1744 940 1784 hoc
953 1745 1083 1784 saeculo
1095 1744 1292 1798 deprehen·
1310 1746 1335 1778 C

327 1805 514 1854 ditur‚sed
529 1806 563 1844 in
580 1805 764 1844 nonnullis
785 1820 868 1844 casu
886 1805 1008 1857 aliquo
1028 1820 1070 1844 ac
1085 1807 1291 1846 necessitate

329 1869 530 1921 ingruente.
551 1869 643 1906 Cum
664 1881 748 1905 vero
765 1867 794 1904 is
806 1866 867 1918 qui
889 1866 996 1905 corda
1025 1877 1060 1906 et
1078 1882 1178 1906 renes
1208 1883 1289 1921 pro·

327 1927 402 1974 bat,
421 1927 528 1965 vivus
539 1935 574 1965 et
594 1926 740 1968 efficax.
758 1934 792 1963 et
811 1926 950 1963 acutior
967 1926 1063 1964 omni
1083 1926 1206 1977 gladio
1219 1941 1288 1965 an-

329 1987 447 2040 cipiti,
466 1987 672 2039 pertingens
692 2000 804 2036 usque
824 1985 870 2023 ad
891 1985 1105 2025 divisionem
1118 1988 1246 2026 animae
1256 1998 1291 2026 et

330 2049 502 2101 corporis,
520 2057 666 2086 artuum
683 2056 716 2085 et
737 2047 993 2094 medullarum,
1005 2047 1180 2086 discretor
1192 2050 1290 2100 cogi-

331 2111 506 2149 tationum
523 2118 557 2147 et
591 2107 1020 2158 intentionum‚judicans
1039 2108 1183 2158 sederit,
1207 2119 1291 2149 tunc

334 2185 419 2209 vero
433 2185 500 2209 non
520 2184 651 2223 paucos
666 2183 709 2207 cx
741 2169 925 2222 pluribus,
950 2170 1013 2208 sed
1036 2184 1159 2209 omnes
1171 2181 1294 2225 aperte

334 2232 503 2271 videbis:
530 2245 643 2282 neque
664 2239 748 2268 tunc
769 2230 874 2268 ovina
893 2229 996 2282 pellis
1013 2230 1139 2283 lupum
1157 2262 1167 2280 ‚
1182 2246 1295 2284 neque

336 2293 488 2346 sepulcri
523 2291 700 2330 dealbatio
731 2291 904 2330 internam
917 2291 1200 2342 inquinationem
1232 2308 1294 2333 oc-

336 2355 474 2393 cultare
493 2352 757 2405 poterit.Nulla
783 2353 878 2391 enim
908 2362 1068 2392 creatura
1093 2362 1144 2392 est
1165 2355 1295 2394 invisi-

336 2416 421 2455 bilis
439 2430 558 2454 coram
571 2429 625 2463 eo,
637 2415 698 2464 qui
716 2413 1038 2466 tuncjudicaturus
1048 2424 1114 2460 est,
1129 2415 1188 2454 sed
1202 2417 1295 2455 nuda

336 2488 371 2516 et
389 2487 509 2531 aperta
530 2486 614 2515 sunt
641 2476 761 2514 omnia
787 2476 902 2514 oculis
918 2476 1016 2527 ejus:
1039 2477 1137 2528 quod
1167 2478 1296 2516 Paulus

337 2539 472 2578 indicat
500 2552 582 2576 enm
618 2537 816 2576 Corinthiis
836 2537 959 2575 scribit
979 2554 986 2575 :
1006 2539 1143 2590 Itaque
1177 2540 1297 2578 nolite

335 2610 428 2639 ante
445 2610 592 2652 tempus
611 2602 820 2651 qut'cquam
830 2600 1026 2652 judt'care,
1042 2601 1298 2653 quoadusque

337 2666 470 2701 veniat
500 2663 704 2708 Dominus,
720 2661 789 2712 qui
812 2669 848 2698 et
876 2660 1118 2699 illuminabit
1134 2664 1298 2701 abscon-

337 2725 421 2762 dita
449 2725 691 2761 tenebrarum
705 2751 715 2768 ,
746 2730 782 2759 et
826 2723 1097 2771 manifestabit
1130 2724 1296 2762 consilia

337 2786 523 2822 cordium.
545 2784 594 2822 Ut
620 2791 752 2827 autem,
775 2782 974 2834 hypocritis
992 2783 1146 2832 omissis,
1173 2784 1222 2823 ad
1236 2799 1295 2824 eos

337 2847 476 2884 tandem
487 2845 546 2896 qui
564 2852 656 2883 rcctc
671 2856 790 2881 revera
809 2842 975 2881 incedunt
992 2845 1190 2894 veniamus,
1202 2845 1297 2885 unde

338 2907 439 2945 nobis
451 2915 587 2944 constat
602 2904 862 2956 qnod,ciiamsi
878 2904 968 2942 bona
984 2905 1118 2957 reliqua
1140 2908 1290 2959 egerint,

337 2982 514 3005 summum
534 2976 649 3005 tamen
673 2965 834 3004 omnium
848 2965 1024 3003 virtutum
1044 2966 1205 3015 culmen,
1226 2967 1292 3006 hu-

336 3029 613 3076 inilitatem,non
625 3026 870 3077 neglexerint?
881 3026 1146 3067 Idcircoautem
1155 3028 1292 3068 dimisit

755 202 791 229 S.
830 202 1017 231 JOANMS
1051 199 1294 231 cmwsosr.
1336 197 1543 226 Auenti-31¹.
1582 196 1940 226 CONSTANTINOP-

1363 295 1434 330 ρειν
1468 280 1731 330 μεμαθηκότες
1746 279 1844 330 Ἐγὼ
1856 277 1893 317 δὲ
1908 279 1946 316 οὗ
1965 278 2074 330 τούτῳ
2090 276 2194 327 μόνον
2208 278 2266 316 τὀν
2281 277 2385 329 λόγον

1361 339 1551 390 ἐπιλύομαι
1575 343 1717 388 τοῦτον,
1744 340 1822 377 ἀλλ’
1841 339 1894 378 ὅτι
1923 338 1984 376 καὶ
2004 343 2115 389 γονεῖς
2146 338 2206 376 καὶ
2238 338 2382 391 ἀδελφοὶ

1313 401 1337 430 Β
1361 401 1421 439 καὶ
1440 405 1618 452 συγγενεῖς
1636 401 1677 439 ἐκ
1693 403 1762 439 τῶν
1781 399 1946 438 τοιούτων
1966 398 2273 450 ἐσωφρονίσθησαν
2291 414 2387 449 συμ-

1362 464 1476 514 φορῶν
1488 477 1496 486 ·
1513 465 1616 501 τοῦτο
1635 461 1670 500 δὲ
1692 461 1812 512 κέρδος
1827 460 1866 497 οὗ
1881 459 2006 510 μικρὸν
2020 488 2030 507 ,
2050 458 2086 503 ἐξ
2098 453 2146 497 ὧν
2169 459 2285 510 ἕτερος
2304 459 2386 506 ἠδί-

1363 538 1467 570 κηται
1491 523 1613 564 οὐδὲν.
1639 523 1847 573 ὠφελεῖσθαι
1874 519 1918 558 τὰ
1951 520 2102 571 μέγιστα
2129 519 2259 572 ἕτερον.
2282 520 2386 563 Εἰκὸς

1361 583 1476 622 δὲκαὶ
1501 585 1610 630 ἄλλην
1643 584 1757 621 αἰτίαν
1789 582 1868 620 τινὰ
1887 581 2038 633 ἅῤῥητον
2066 573 2176 630 εἶναι,
2213 580 2307 632 μόνῳ
2335 582 2387 631 τῷ

1360 646 1546 691 ποιήσαντι
1566 649 1661 695 ἡμᾶς
1681 644 1845 695 φανεράν.

1416 1312 1478 1361 Εἷς
1510 1318 1560 1356 ἔτι
1585 1318 1745 1357 λείπεται
1761 1319 1881 1371 λόγος,
1899 1319 1934 1357 τί
1961 1319 2090 1366 δήποτε
2111 1322 2144 1359 ol
2157 1318 2202 1359 τὰ
2219 1319 2306 1373 ὀρθὰ
2325 1323 2392 1372 βα·

1362 1379 1511 1422 δίζοντες
1542 1379 1611 1430 πρὸ
1643 1381 1714 1417 τῶν
1742 1381 1950 1431 πειρασμῶν
1970 1379 2060 1431 μετὰ
2079 1378 2156 1423 τοὺς
2174 1380 2391 1432 ‘stupuit-ob<

1360 1440 1566 1479 κατέπεσον.
1583 1440 1648 1483 Τίς
1676 1433 1735 1480 οὖν
1751 1443 1770 1479 ὁ
1789 1443 1906 1485 καλῶς
1925 1440 2004 1485 τοὺς
2019 1440 2063 1480 τὰ
2077 1441 2164 1494 ὀρθὰ
2184 1441 2390 1494 βαδίζοντας

1359 1501 1614 1552 ἐπιστάμενος,
1647 1501 1742 1549 πλὴν
1768 1505 1828 1541 τοῦ
1862 1501 2061 1546 πλάσαντος
2091 1502 2294 1553 καταμόνας
2326 1503 2391 1549 τὰς

1359 1563 1504 1614 καρδίας
1519 1564 1635 1613 ἡμῶν,
1648 1563 1708 1601 καὶ
1725 1563 1897 1606 συνιέντος
1913 1565 1962 1607 εἰς
1975 1563 2092 1602 πάντα
2106 1562 2150 1602 τὰ
2167 1562 2253 1617 ἔργα
2265 1566 2390 1616 ἡμῦνς

1360 1625 1493 1663 Πολλοὶ
1508 1624 1577 1676 γὰρ
1595 1624 1768 1668 πολλάκις
1784 1627 1853 1663 τῶν
1873 1623 2066 1664 δοκούντων
2090 1618 2179 1663 εἶναι
2196 1628 2364 1678 χρηστῶν
2376 1657 2388 1674 ,

1359 1686 1500 1724 πάντων
1527 1686 1594 1724 εἰσὶ
1622 1685 1860 1739 πονηρότεροι.
1887 1686 1956 1725 Καὶ
1977 1689 2080 1724 τοῦτο
2108 1686 2301 1739 ἀπεδείχθη
2323 1686 2387 1739 μὲν

1359 1747 1427 1794 ἤδη
1450 1746 1509 1784 καὶ
1529 1748 1564 1784 ἐν
1584 1749 1634 1799 τῷ
1652 1746 1801 1798 παρόντι
1818 1746 1902 1799 βίῳ,
1919 1747 1996 1785 ἀλλ’
2013 1746 2069 1785 ἐπ’
2084 1747 2206 1794 ἐνίων,
2219 1749 2386 1801 περιστά-

1362 1808 1448 1852 σεώς
1474 1823 1565 1851 τινος
1581 1807 1769 1859 γινομένης
1790 1808 1850 1846 καὶ
1867 1809 2035 1859 ἀνάγκης.
2058 1808 2172 1847 ιὈταν
2197 1809 2233 1848 δὲ
2253 1811 2272 1847 ὁ
2286 1810 2386 1849 δοκι-

1363 1869 1481 1920 μάζων
1512 1869 1573 1912 τὰς
1607 1869 1752 1922 καρδίας
1793 1869 1853 1907 καὶ
1888 1869 1965 1912 τοὺς
1999 1867 2157 1922 νεφροὺς,
2189 1872 2209 1907 δ
2229 1872 2298 1916 ζῶν
2325 1872 2389 1911 καὶ

1360 1931 1501 1983 ἐνεργὴς
1534 1930 1593 1969 καὶ
1624 1930 1821 1983 τομώτερος
1851 1930 1939 1984 ὑπὲρ
1969 1936 2086 1969 πᾶσαν
2122 1930 2302 1984 μάχαιραν
2328 1933 2385 1971 δί-

1361 2007 1510 2043 στομον,
1544 1994 1562 2030 δ
1582 1991 1815 2042 διικνούμενος
1851 1991 1957 2043 μέχρι
1988 1996 2162 2043 μερισμοῦ
2183 1994 2300 2045 ψυχῆς
2325 1994 2387 2032 καὶ

1361 2053 1544 2104 σώματος,
1565 2053 1687 2104 ἁρμῶν
1707 2068 1745 2090 τε
1766 2053 1826 2090 καὶ
1844 2054 2003 2103 μυελῶν,
2021 2055 2040 2090 ὁ
2057 2053 2212 2103 κριτικὸς
2230 2054 2386 2103 ἐνθυμή-

1363 2129 1449 2152 σεων
1480 2113 1540 2152 καὶ
1555 2115 1693 2152 ἐννοιῶν
1713 2113 1902 2160 καθέζηται
1927 2113 2077 2157 δικάζων
2100 2116 2205 2163 ἡμῖν,
2225 2114 2305 2154 τότε
2323 2115 2388 2163 δὴ,

1363 2175 1441 2214 τότε
1460 2176 1522 2213 οὐκ
1549 2175 1685 2225 ὀλίγους
1703 2174 1800 2218 τινὰς
1826 2177 1865 2213 ἐκ
1882 2175 2022 2213 πολλῶν
2037 2205 2048 2223 ,
2069 2174 2161 2213 ἀλλὰ
2180 2175 2315 2222 πάντας
2330 2179 2388 2216 ἐκ·

1365 2238 1648 2288 καλυπτομένους
1680 2237 1758 2290 ὄψει
1789 2236 1868 2280 τοὺς
1887 2237 2059 2280 τοιούτους
2080 2252 2087 2259 ·
2109 2237 2168 2275 καὶ
2197 2238 2277 2277 οὔτε
2302 2239 2388 2292 δορὰ

1365 2298 1542 2351 προὸάτου
1557 2298 1614 2336 τὸν
1630 2297 1734 2336 λύκον
1755 2297 1887 2336 δύναιτ’
1919 2298 1960 2335 ἂν
1973 2327 1983 2345 ,
2010 2298 2086 2336 οὔτε
2107 2298 2263 2344 κονίασις
2276 2299 2389 2353 τάφου

1365 2359 1424 2397 τὸν
1444 2359 1539 2398 ἔνδον
1558 2358 1760 2411 ἀποκρύψαι
1781 2357 1974 2409 μολυσμόν.
1990 2360 2069 2397 Οὐκ
2097 2359 2172 2398 ἔστι
2196 2359 2267 2413 γὰρ
2279 2360 2392 2406 κτίσις

1368 2421 1501 2474 ἀφανὴς
1516 2420 1663 2460 ἐνώπιον
1672 2424 1731 2458 τοῦ
1743 2420 1821 2458 τότε
1834 2418 2021 2471 κρίνοντος,
2036 2420 2126 2459 ἀλλὰ
2146 2420 2263 2459 πάντα
2274 2422 2392 2475 γυμνὰ

1368 2483 1426 2521 καὶ
1459 2482 1768 2535 τετραχηλισμένα
1802 2487 1873 2525 τοῖς
1913 2482 2104 2532 ὀφθαλμοῖς
2152 2484 2258 2521 αὐτοῦ
2275 2498 2285 2508 ·
2303 2482 2391 2537 ὅπερ

1367 2544 1426 2582 καὶ
1446 2547 1464 2582 ὁ
1498 2544 1640 2587 Παῦλος
1665 2543 1779 2589 δηλῶν
1813 2542 2005 2593 Κορινθίοις
2035 2541 2151 2595 ἔλεγεν
2171 2558 2179 2567 ·
2207 2542 2321 2582 Ὥστε
2340 2543 2391 2595 μὴ

1368 2605 1436 2657 πρὸ
1457 2609 1580 2656 καιροῦ
1604 2620 1638 2641 τι
1654 2603 1807 2655 κρίνετε,
1823 2603 1889 2646 ἕως
1908 2603 1949 2640 ἂν
1969 2603 2052 2653 ἔλθῃ
2068 2605 2087 2640 ὁ
2105 2602 2251 2655 Κύριος,
2276 2603 2314 2648 ὃς
2331 2604 2392 2643 καὶ

1367 2666 1511 2718 φωτίσει
1530 2665 1573 2702 τὰ
1597 2663 1736 2716 κρυπτὰ
1755 2668 1815 2702 τοῦ
1836 2663 2001 2710 σκότους,
2036 2664 2096 2701 καὶ
2115 2663 2309 2716 φανερώσει
2329 2665 2391 2708 τὰς

1369 2728 1495 2780 βουλὰς
1527 2729 1595 2765 τῶν
1625 2726 1792 2777 καρδιῶν.
1823 2723 1902 2763 Ἵνα
1934 2724 1970 2762 δὲ
1999 2724 2059 2762 καὶ
2092 2723 2171 2767 τοὺς
2200 2726 2392 2778 ὑποκριτὰς

1370 2788 1513 2840 ἀφέντες
1532 2787 1589 2826 ἐπὶ
1615 2786 1693 2830 τοὺς
1724 2787 1834 2838 ὀρθῶς
1860 2788 2019 2835 βιοῦντας
2053 2785 2208 2835 ἔλθωμεν
2240 2788 2291 2839 τῷ
2329 2788 2389 2826 λό-

1370 2867 1441 2903 γῳ,
1458 2850 1562 2888 πόθεν
1584 2848 1708 2894 δῆλον,
1728 2848 1758 2885 εἴ
1779 2846 1823 2883 τὰ
1852 2845 1915 2896 μὲν
1949 2845 2040 2884 ἄλλα
2069 2847 2185 2890 αὐτοῖς
2203 2846 2392 2900 κατώρθω-

1367 2926 1447 2958 ται,
1466 2909 1506 2948 τὸ
1525 2907 1560 2946 δὲ
1575 2908 1763 2958 κεφάλαιον
1782 2906 1959 2956 ἠμέληται
1979 2908 2047 2943 τῶν
2066 2908 2205 2957 ἀγαθῶν
2229 2910 2252 2953 ἡ
2267 2922 2391 2948 ταπει-

1373 2970 1583 3024 νοφροσύνης
1604 2968 1673 3008 Καὶ
1709 2967 1765 3006 διὰ
1794 2971 1896 3006 τοῦτο
1928 2966 2052 3010 αὐτοὺς
2084 2970 2216 3020 ἀφῆκεν
2245 2971 2264 3007 ὁ
2281 2970 2392 3016 Θεὸς,

1366 3033 1424 3070 ἵνα
1455 3030 1611 3081 μάθωσιν
1645 3028 1699 3067 ὅτι
1727 3028 1766 3065 οὗ
1797 3029 1840 3078 τῇ
1878 3027 1989 3077 οἰκεία
2016 3027 2160 3076 δυνάμει
2191 3028 2392 3082 κατώρθουν

338 3089 417 3126 illos
435 3090 551 3130 Deus,
569 3098 606 3125 ut
636 3087 774 3126 discant
794 3086 853 3125 illa
880 3101 916 3125 se
952 3101 1021 3125 non
1043 3089 1186 3140 propria
1209 3089 1289 3128 vir·
1315 3094 1339 3124 Ε
1366 3094 1500 3137 ἐκεῖνα,
1527 3089 1616 3128 ἀλλὰ
1640 3091 1684 3140 τῇ
1713 3088 1833 3140 χάριτι
1867 3090 1927 3125 τοῦ
1955 3091 2061 3126 θεοῦ.
2091 3088 2134 3125 Et
2162 3087 2198 3126 δὲ
2225 3088 2320 3141 λέγοι
2339 3105 2392 3133 τις

335 3157 425 3197 tute,
446 3148 507 3186 scd
541 3148 604 3185 Dei
624 3148 738 3198 gratia
766 3147 986 3200 praestitisse.
1014 3148 1123 3194 Quod
1143 3149 1172 3187 si
1193 3149 1287 3189 (licat

334 3211 415 3261 quis
428 3209 554 3247 melius
569 3208 677 3245 fnisse
696 3208 775 3245 illos
789 3222 869 3246 eum
888 3218 981 3247 recte
996 3219 1140 3260 agerent
1151 3211 1287 3257 extolli,

331 3284 438 3322 quain
458 3279 534 3321 post
565 3268 704 3319 lapsum
739 3268 938 3316 humiliari,
966 3269 996 3306 is
1016 3270 1104 3308 milii
1129 3273 1286 3310 maxime

333 3331 472 3369 videtur
498 3329 678 3381 jactanti-1·
699 3328 908 3366 den-inmuta
943 3339 1049 3380 atque
1071 3328 1283 3372 humilitatis

331 3394 426 3430 lue-r..
449 3393 619 3442 ignorare.
645 3389 742 3427 Nosti
764 3389 854 3426 onim
870 3390 971 3440 plane
987 3391 1164 3430 tunninom
1186 3409 1280 3432 arro-

1366 3154 1503 3204 βέλτιον
1532 3144 1619 3188 εἶναι
1652 3151 1903 3201 κατορθοῦντας
1934 3148 2138 3198 ἰπαίρεσθαι
2164 3148 2187 3194 ἢ
2223 3163 2393 3189 ταπεινω·

1364 3217 1466 3260 θῆναι
1487 3211 1656 3254 πεσόντας
1672 3240 1682 3256 ,
1700 3209 1790 3248 πολὺ
1819 3209 1878 3246 καὶ
1896 3211 1957 3254 τῆς
1975 3209 2176 3253 ἀλαζονείας
2193 3210 2310 3259 ἀγνοεῖ
2327 3210 2390 3257 τὴν

1366 3275 1496 3325 ζημίαν
1526 3273 1585 3310 καὶ
1615 3275 1676 3316 τῆς
1706 3270 2022 3320 ταπεινοφροσύνης
2041 3269 2080 3308 τὸ
2099 3269 2230 3320 κέρδος.
2260 3264 2390 3322 Εῧγὰρ

1364 3337 1431 3375 ἴσθι
1475 3336 1592 3385 σαφῶς
1621 3333 1674 3371 ὅτι
1712 3334 1893 3382 ἅνθριιιπος
1937 3330 2024 3379 μετὰ
2062 3330 2226 3373 ἀπονοίας
2258 3347 2388 3384 κατορ-

1362 3401 1428 3434 θῶν
1446 3427 1453 3437 ,
1470 3397 1500 3433 εἴ
1514 3412 1549 3444 γε
1572 3394 1659 3435 inm:
1680 3396 1779 3430 τοῦτο
1811 3392 1882 3429 ἔστι
1905 3394 2105 3442 κατορθοῦν,
2127 3391 2262 3443 ταχέως
2281 3394 2387 3442 δμπε-
