2513 3871
85 676 147 703 Gen
173 675 268 711 4¹²·

84 1227 157 1254 Cen.
170 1225 212 1264 l,-
237 1236 266 1264 9.

295 207 380 269 198

289 305 471 354 Quiesce,
487 311 676 355 postquam
694 301 829 354 prioris
847 303 962 354 culpae
980 304 1084 343 venia
1104 304 1240 356 potitus

286 372 360 410 est,
379 376 425 401 ex
438 376 508 413 qua
525 361 722 413 ignorantia
741 360 789 400 ad
803 361 1039 415 parricidium
1058 365 1237 418 prorupit,

286 433 486 474 terramque
509 422 654 471 infecit,
682 436 724 460 ac
753 421 848 474 leges
874 432 1009 462 naturae
1036 425 1244 465 subvenit?

287 483 446 522 Videsne
468 492 506 521 ut
523 483 623 536 prior
637 483 746 522 etiam
761 484 866 537 culpa
881 497 951 523 non
967 484 1014 524 de
1026 485 1241 538 ignorantia,

285 544 344 583 sed
356 543 402 582 de
415 544 638 596 malignitate
653 553 689 583 et
711 545 869 596 nequitia
882 575 892 594 ,
910 559 1148 598 supremaque
1165 561 1241 587 sce-

284 605 366 643 leris
385 604 536 643 audacia
555 605 724 644 venerit?
742 605 916 653 Quaenam
942 621 1027 646 vero
1043 607 1113 647 fuit
1131 607 1241 662 hujus

285 666 415 718 poena?
430 667 522 706 Eris
531 680 690 719 gemens
702 681 751 706 ac
769 675 934 707 tremens
949 682 1063 721 super
1077 678 1234 710 terram.

289 726 441 766 Videtur
460 736 575 766 tamen
593 742 667 766 esse
692 741 802 780 grave
827 728 1046 782 supplicium
1057 745 1069 781 3
1085 730 1148 770 sed
1166 744 1236 770 non

278 790 354 841 jam
370 789 416 828 ita
430 788 615 828 videbitur
629 821 637 833 ,
655 790 683 828 si
703 799 891 843 peccatum
907 790 1188 840 consideremus,
1202 802 1235 831 et

283 851 397 902 ipsam
418 864 557 903 poenam
577 850 1011 903 diligentiusintueamur.
1028 854 1120 892 Cum
1140 854 1234 893 enim

283 911 344 949 ille
364 912 457 951 male
474 912 680 960 obtulisset,
695 926 790 964 aegre
805 913 912 960 tulit,
929 913 1028 965 quod
1047 923 1126 967 post
1141 915 1188 967 inj
1196 930 1234 953 u-

283 972 374 1010 riam
394 973 469 1011 Deo
482 972 619 1011 illatam
638 973 833 1012 honoratus
847 973 895 1012 ab
915 974 978 1012 illo
997 989 1066 1014 non
1086 985 1236 1025 est,cor-

283 1033 473 1086 ripieutem
492 1033 655 1087 respuit,
675 1034 983 1086 parricidiumque
1005 1035 1143 1088 primus
1168 1051 1238 1089 pa-

282 1093 411 1142 travit,
427 1094 501 1132 imo
515 1107 600 1133 vero
614 1094 751 1133 facinus
764 1095 957 1147 parricidio
971 1095 1075 1148 longe
1089 1097 1238 1136 scelera-

284 1155 356 1194 tius
374 1172 383 1192 :
407 1166 570 1207 parentes
590 1156 683 1194 enim
701 1155 904 1195 incredibili
926 1157 1051 1196 dolore
1066 1157 1239 1206 confodit,

283 1229 324 1254 ac
343 1216 420 1255 Deo
441 1216 549 1254 etiam
563 1215 733 1254 mentitus
747 1225 809 1254 est.
825 1217 1031 1270 Numquid
1045 1222 1160 1266 enim,
1175 1218 1240 1265 ait,

283 1286 412 1315 custos
436 1278 682 1330 sumsratn's
700 1282 807 1314 mei?
832 1277 879 1315 Et
900 1278 1042 1329 probis
1072 1279 1241 1317 omnibus

281 1337 356 1375 solo
378 1338 504 1375 timore
522 1350 563 1375 ac
591 1346 744 1375 tremore
765 1338 957 1376 cruciatur.
982 1341 1147 1378 Attamen
1174 1340 1240 1379 Dei

279 1398 534 1449 benignitatem
557 1411 626 1436 non
647 1412 691 1436 ex
708 1412 748 1436 eo
763 1399 880 1437 solum
899 1400 1122 1439 manifestari
1141 1400 1241 1440 dixe-

280 1459 368 1503 rim,
388 1458 487 1510 quod
506 1459 685 1498 mitiorem
706 1474 845 1512 poenam
868 1470 966 1500 tanto
984 1462 1107 1500 sceleri
1133 1462 1239 1501 adhi-

279 1520 358 1557 buit
375 1549 386 1569 ,
405 1519 469 1558 sed
486 1519 583 1571 quod
601 1521 636 1558 in
653 1520 729 1573 ipsa
746 1535 849 1573 poena
864 1521 1006 1561 lucrum
1027 1522 1126 1562 baud
1141 1538 1243 1576 sper·

279 1580 439 1619 nendum
461 1581 574 1619 inesse
593 1580 775 1620 videatur.
802 1583 845 1621 ld
869 1596 952 1622 vcro
979 1584 1120 1623 lucrum
1138 1594 1213 1624 erat
1231 1617 1241 1635 ,

280 1641 376 1693 quod
389 1656 435 1680 ex
446 1656 485 1680 ea
495 1641 607 1694 ipsius
621 1642 856 1695 castigatione
872 1647 991 1683 cuncti
1007 1645 1240 1697 postmodum

279 1703 453 1742 admoniti
475 1713 555 1742 sunt
575 1703 784 1756 resipiscere
806 1719 827 1744 a
848 1705 953 1744 malis
966 1736 977 1754 ‚
995 1707 1143 1758 fierique
1162 1721 1238 1747 me-

280 1766 397 1805 liores.
425 1765 565 1804 Idcirco
594 1779 680 1817 ergo
696 1779 764 1804 non
783 1766 916 1805 occidit
936 1767 1059 1815 illum,
1075 1769 1158 1819 quia
1175 1783 1241 1821 par

282 1826 417 1865 utilitas
436 1827 593 1879 profecto
611 1839 680 1865 nou
699 1826 844 1875 suisset,
866 1826 984 1866 audiri
1006 1829 1102 1880 quod
1123 1829 1212 1867 Cain
1228 1859 1239 1878 ‚

279 1888 389 1926 fratre
404 1888 605 1934 interemto,
619 1896 732 1926 morte
743 1888 937 1926 mulctatus
952 1899 1055 1938 essct,
1069 1897 1103 1927 et
1117 1889 1238 1928 videre

281 1947 496 1999 parricidam
519 1948 637 2000 ipsum
657 1962 778 2000 poenas
797 1949 1053 1988 exsolventem.
1077 1951 1238 1990 Fortasse

280 2010 376 2047 euim
395 2007 434 2046 id
453 2008 618 2046 auditum
636 2008 683 2046 ob
704 2009 961 2048 immanitatem
993 2011 1136 2050 sceleris
1155 2025 1236 2050 cre·

282 2069 400 2109 ditum
416 2069 564 2108 minime
581 2069 704 2108 suisset
720 2087 727 2107 ε
748 2085 841 2109 nunc
858 2085 941 2110 vero
959 2071 1048 2110 dum
1066 2072 1210 2112 videtur
1224 2103 1234 2122 ,

282 2130 369 2169 dum
386 2145 504 2170 coram
517 2130 634 2179 adest,
650 2131 827 2184 plurimos
843 2133 1019 2184 longoque
1031 2135 1238 2187 superstites

284 2201 442 2244 tempore
461 2205 572 2243 poenae
592 2206 664 2230 sua:
681 2201 784 2231 testes
805 2193 995 2244 relinquit3
1011 2195 1238 2234 manifestum

283 2261 376 2292 certe
400 2266 441 2291 ac
467 2253 640 2292 credibile
663 2263 696 2292 et
720 2269 792 2292 sua:
817 2255 930 2294 aetatis
953 2256 1178 2306 hominibus,
1205 2266 1240 2295 et

283 2321 402 2365 postea
436 2314 565 2352 suturis
599 2315 767 2354 omnibus
795 2314 829 2353 id
866 2316 1003 2355 facinus
1037 2317 1236 2356 constituit.

284 2373 384 2422 Quid
403 2388 488 2425 ergo
504 2405 515 2419 ,
532 2375 672 2426 inquies
686 2406 697 2423 ,
720 2375 788 2414 hoc
807 2376 860 2414 illi
882 2377 1033 2416 contulit
1045 2378 1063 2415 ἶ)
1080 2379 1241 2417 Maxime

282 2435 427 2485 quidem
451 2435 549 2473 illius
565 2436 670 2474 saluti
689 2437 950 2489 prospiciebat,
975 2453 1058 2477 cum
1084 2439 1161 2491 ejus
1182 2454 1237 2478 ra-

284 2496 574 2548 biem,quantum
588 2498 622 2535 in
637 2511 673 2536 se
688 2498 808 2547 suerit,
823 2510 997 2538 coerceret
1010 2501 1241 2552 castigatione

284 2557 631 2596 verborumXerum
644 2571 686 2597 ne
697 2557 773 2610 ipsa
788 2559 931 2610 quidem
948 2560 1046 2599 illata
1056 2561 1107 2600 illi
1122 2576 1240 2614 poena,

285 2618 311 2654 si
335 2618 414 2669 quis
429 2618 638 2669 diligentius
654 2619 842 2672 inspiciat,
858 2621 1017 2660 maxima
1033 2622 1148 2675 ipsius
1163 2623 1238 2662 uti-

285 2682 383 2720 litate
395 2692 513 2721 vacat.
529 2683 568 2722 Si
583 2683 678 2721 enim
695 2684 815 2724 statim
831 2685 934 2724 illum
949 2685 1151 2734 occidisset,
1162 2686 1240 2725 nul·

286 2743 359 2780 lum
390 2743 457 2795 ipsi
488 2743 702 2795 poenitentiae
723 2753 885 2798 tempus,
906 2761 968 2799 per
985 2762 1092 2798 quam
1114 2748 1240 2787 melior

285 2802 449 2841 evaderet
461 2833 470 2850 ,
491 2803 669 2842 dedisset:
694 2819 786 2844 nunc
802 2820 886 2846 vero
902 2822 984 2846 cum
1001 2817 1097 2847 metu
1111 2823 1153 2848 ac
1169 2817 1239 2848 tre-

287 2878 383 2901 more
403 2865 512 2903 vitam
533 2865 668 2904 ducens
683 2897 692 2913 ,
712 2867 778 2905 nisi
815 2868 922 2907 nimis
955 2870 1153 2910 insensatus
1169 2899 1182 2921 ,
1200 2884 1241 2909 ac

287 2924 404 2962 bellua
436 2925 555 2977 potius
573 2941 682 2977 quam
700 2927 808 2966 homo
826 2938 938 2979 esset,
958 2944 1002 2968 ex
1030 2930 1241 2982 hujusmodi

288 2985 359 3023 vita
387 2986 490 3038 plura
523 3002 647 3039 capere
667 2988 782 3040 potuit
799 2990 1049 3029 emolumenta.
1073 2993 1241 3031 Praeterea

288 3047 445 3084 futurum
466 3049 683 3100 supplicium
714 3050 830 3089 levius
863 3052 1044 3103 prmsentis
1072 3053 1241 3106 temporis

289 3120 389 3157 poena
411 3109 615 3145 constituit:
639 3123 678 3146 ea
695 3110 787 3148 enini
807 3125 886 3161 quie
907 3112 1010 3150 nobis
1028 3113 1063 3151 in
1083 3113 1150 3152 liae
1166 3113 1240 3154 vita

290 3166 490 3204 inseruntur
504 3169 703 3219 supplic-3:13
724 3171 902 3210 divinitus
918 3174 1122 3213 futurorum
1151 3189 1238 3214 cru-

290 3227 446 3263 ciatuum
466 3237 599 3277 partem
615 3229 708 3267 hand
723 3232 889 3279 exiguam
904 3234 1103 3273 succidunt.
1125 3237 1240 3286 Atque

291 3288 415 3325 harum
440 3301 555 3326 ιι-ιίιιιι
589 3290 784 3328 ιι-,κιὶιιιυιιιη
819 3292 862 3330 tle
882 3295 1081 3346 Scripturis
1103 3295 1239 3335 divinis

1260 948 1284 977 l)

1262 2101 1286 2129 A

335 3426 349 3450 ¹¹
373 3426 461 3457 stu-1!
495 3433 505 3452 ν’

656 3442 673 3450 eo

511 3442 545 3469 (εῖν
567 3442 619 3467 γ’,
677 3443 829 3469 ᾐτημμ.
863 3431 947 3462 (asli)
980 3448 1035 3465 r»,

1061 3450 1112 3476 ·,
1136 3449 1291 3480 ’τ”οτιυιμ

703 222 741 251 S.
779 222 966 252 JOANMS
1001 223 1244 255 CHRYSOST.
1283 227 1491 259 Ancmsst’.
1530 229 1888 263 CONSTANTINOP-

1315 306 1392 359 ρίαν
1424 309 1698 363 διασκειμὸμιθα
1725 314 1852 357 καλῶς.
1876 312 1892 334 ‘¹
1909 312 1998 354 Ὅτε
2024 314 2094 368 γὰρ
2123 313 2341 366 προσήνεγκε

1313 377 1455 424 κακῶς,
1470 376 1711 431 ἤλγησεν,ὅτι
1734 380 1880 431 ὑδρίσας
1906 381 1970 419 οὐκ
1991 381 2141 432 ὄτιμήθη
2159 379 2257 434 παρὰ
2281 384 2343 419 τοῦ

1312 436 1533 489 ὓόρισθέντος
1553 441 1672 489 Θεοῦ,
1691 444 1920 480 νουθετοῦντα
1946 442 2047 482 αὐτὸν
2067 442 2232 482 adn-tue«
2244 471 2255 490 ‚
2274 441 2342 495 φό-

1313 519 1370 543 νον
1395 505 1569 557 ἐτόλμησε
1599 509 1754 559 πρῶτος,
1775 508 1910 558 μᾶλλον
1942 507 1979 546 δὲ
2007 507 2068 547 καὶ
2095 507 2200 561 φόνου
2217 509 2340 560 πολλῷ

1313 567 1455 618 μίασμα
1494 567 1740 620 ἔναγέστερον,
1770 567 1924 615 ἐλύπησε
1960 568 2039 612 τοὺς
2069 567 2342 621 γεγεννηκότας,

1313 629 1487 680 ἐψεύσατο
1504 630 1554 681 τῷ
1576 630 1670 681 Θεῷ.
1694 628 1754 674 Μὴ
1774 628 1842 681 γὰρ
1870 629 1979 681 φύλαξ
2007 630 2081 681 εἰμὶ
2108 632 2169 668 τοῦ
2188 629 2338 681 ἀδελφοῦ

1312 706 1397 739 μου;
1414 689 1501 743 φησί
1517 703 1524 710 ·
1547 690 1606 728 καὶ
1627 690 1703 728 ἀντὶ
1721 690 1853 728 τούτων
1882 690 2047 729 ἁπάντων
2068 690 2166 743 ιρόὸῳ
2192 688 2338 734 κολάζε-

1308 766 1367 789 ται
1388 753 1492 802 μόνον
1518 750 1579 789 καὶ
1605 752 1738 803 τρόμῳ.
1768 750 1861 789 Ἀλλ’
1885 750 1981 802 ὅμως
2005 752 2065 790 καὶ
2089 752 2154 799 τὴν
2179 750 2337 805 χρηστό-

1307 831 1396 864 τητα
1427 820 1486 854 τοῦ
1504 819 1598 854 Θεοῦ
1626 818 1688 854 οὐκ
1713 814 1784 854 α’πὸ
1808 819 1870 853 τοῦ
1895 815 2093 868 πραοτέραν
2113 809 2203 854 εἶναι
2229 814 2332 866 μόνον
2358 849 2373 857 -

1307 886 1369 930 τῆς
1400 884 1576 936 ἁμαρτίας
1605 884 1669 931 τὴν
1699 883 1872 934 τιμωρίαν
1902 885 2037 935 εἴποιμι
2068 883 2109 922 ἂν
2129 882 2333 936 φαίνεσθαι,

1308 951 1399 990 ἀλλὰ
1426 951 1485 990 καὶ
1514 950 1584 989 ἀπὸ
1615 955 1674 989 τοῦ
1695 951 1814 1004 κέρδος
1841 951 1950 999 αὐτὴν
1972 951 2065 1004 ἔχειν
2084 952 2123 990 οὖ
2147 950 2188 990 τὸ
2215 950 2331 1004 τυχόν.

1308 1020 1362 1059 Τὸ
1383 1018 1418 1057 δὲ
1448 1018 1567 1072 κέρδος
1596 1013 1638 1066 ἦν
1660 1018 1934 1071 σωφρονίζεσθαι
1951 1018 2031 1062 τοὺς
2052 1018 2130 1066 ἑξῆς
2157 1018 2335 1066 ἅπαντας,

1309 1086 1368 1125 καὶ
1397 1085 1554 1136 γίνεσθαι
1587 1085 1742 1137 βελτίους
1769 1087 1826 1125 διὰ
1851 1088 1914 1133 τῆς
1942 1088 1989 1131 εἰς
2018 1087 2148 1126 ἐκεῖνον
2169 1085 2338 1137 ἐπιτιμή-

1308 1169 1407 1197 σεως.
1445 1153 1515 1192 Διὰ
1553 1156 1655 1191 τοῦτο
1690 1153 1752 1192 οὐκ
1782 1154 1915 1192 ἀνεῖλεν
1945 1154 2064 1194 αὐτόν·
2091 1153 2169 1193 οὐδὲ
2197 1154 2267 1207 γὰρ
2292 1147 2337 1202 ἦν

1311 1219 1386 1257 ἴσον
1406 1219 1544 1258 ἀκούειν
1572 1218 1626 1258 ὅτι
1652 1219 1743 1258 Κάϊν
1763 1235 1814 1262 τις
1840 1219 1972 1259 ἀνελὼν
2000 1219 2146 1272 ἀδελφὸν
2166 1219 2339 1268 ἀπέθανε,

1311 1290 1370 1328 καὶ
1392 1291 1475 1340 &priv
1503 1287 1562 1326 τὸν
1589 1287 1755 1327 ἀνελόντα
1774 1288 1874 1336 δίκην
1905 1289 2056 1328 τίνοντα.
2079 1289 2173 1328 Τότε
2192 1288 2255 1340 μὲν
2271 1289 2341 1342 γὰρ

1311 1355 1375 1393 κᾶν
1409 1354 1588 1401 ἠπιστήθη
1617 1359 1718 1393 τοῦτο
1737 1356 1923 1407 λεγόμενον
1943 1355 2001 1394 διὰ
2030 1356 2095 1403 τὴν
2121 1361 2182 1396 τοῦ
2209 1356 2340 1407 μύσους

1311 1423 1508 1476 ὑπερὸολήν
1524 1438 1532 1446 ·
1555 1422 1630 1461 νυνὶ
1651 1421 1687 1461 δὲ
1708 1422 1912 1475 φαινόμενος
1931 1421 1991 1461 καὶ
2014 1421 2158 1476 παρὼν,
2176 1422 2238 1461 καὶ
2253 1423 2340 1462 πολ-

1312 1489 1391 1534 λοὺς
1411 1489 1471 1528 καὶ
1498 1490 1557 1528 ἐπὶ
1587 1489 1695 1528 πολὺν
1715 1489 1838 1543 χρόνον
1868 1489 2048 1543 μάρτυρας
2071 1493 2134 1536 τῆς
2164 1490 2340 1543 τιμωρίας

1311 1555 1532 1607 ποιούμενος,
1551 1556 1748 1604 κατάδηλον
1779 1556 1838 1594 καὶ
1868 1556 1991 1595 πιστὸν
2010 1556 2069 1595 καὶ
2087 1562 2159 1600 τοῖς
2180 1555 2260 1596 τότε
2278 1555 2340 1595 καὶ

1310 1630 1382 1668 τοῖς
1419 1624 1541 1676 ἐφεξῆς
1570 1623 1766 1671 κατέστησε
1797 1624 1846 1673 Ῐτὸ
1889 1623 2039 1676 γεγονός.
2070 1623 2119 1663 Τι’
2148 1616 2206 1663 οὖν
2232 1626 2337 1663 τοῦτο

1266 1693 1289 1722 Ε
1311 1691 1397 1746 πρὸς
1429 1694 1576 1740 ἐκεῖνον,
1596 1692 1703 1744 <pne-h
1726 1691 1895 1731 Μάλιστα
1922 1691 2003 1743 μὲν,
2032 1691 2092 1729 καὶ
2121 1694 2184 1738 τῆς
2224 1691 2331 1729 αὐτοῦ

1289 1758 1502 1810 ,προενόησε
1530 1759 1731 1811 σωτηρίας,
1756 1758 1812 1797 ὅτε
1846 1757 2121 1812 προανέστελλεν
2140 1759 2246 1797 αὐτοῦ
2273 1757 2338 1805 τὴν

1310 1826 1442 1865 λύσσαν
1461 1827 1500 1864 τό
1520 1841 1558 1878 γε
1581 1828 1686 1865 αὐτοῦ
1704 1825 1807 1880 μέρος
1827 1826 1884 1865 διὰ
1898 1827 1961 1871 τῆς
1984 1827 2053 1863 τῶν
2078 1824 2190 1876 λόγων
2207 1839 2338 1877 παραι-

1311 1893 1447 1938 νέσεως.
1466 1894 1511 1932 Εἰ
1530 1894 1566 1933 δὲ
1586 1893 1646 1931 καὶ
1672 1893 1736 1941 τὴν
1753 1893 1926 1946 τιμωρίαν
1951 1893 2059 1940 αὐτήν
2078 1908 2131 1936 τις
2150 1891 2335 1942 ἐξετάσειε,

1311 1960 1369 1998 καὶ
1389 1962 1429 2000 ἐκ
1452 1959 1584 2007 ταύτης
1612 1961 1746 2012 πολλὴν
1773 1961 1898 2013 ὄψεται
1928 1960 1992 2007 τὴν
2019 1959 2190 2012 ὠφέλειαν
2218 1952 2338 1999 οὖσαν.

1314 2028 1357 2065 Εἰ
1378 2026 1440 2077 μὲν
1460 2027 1528 2079 γὰρ
1547 2027 1648 2066 αὐτὸν
1675 2027 1876 2066 ἀπέκτεινεν
1907 2025 2031 2071 εὐθέως
2046 2029 2065 2066 ὁ
2090 2025 2198 2074 Θεὸς,
2213 2026 2279 2064 οὐκ
2295 2025 2338 2064 ἄν

1314 2109 1392 2132 τινα
1425 2094 1643 2147 προθεσμίαν
1680 2097 1775 2148 αὐτῷ
1814 2094 1998 2146 μετανοίας
2024 2093 2084 2132 καὶ
2121 2092 2338 2144 βελτιώσεως

1314 2160 1441 2199 ἔδωκε·
1459 2161 1536 2200 τότε
1567 2161 1601 2201 δὲ
1630 2162 1751 2215 τρόμῳ
1778 2162 1839 2201 καὶ
1866 2161 1936 2199 δέει
1963 2162 2097 2208 συζῶν,
2124 2161 2155 2198 εί
2187 2159 2236 2211 μὴ
2256 2159 2336 2198 λίαν

1313 2229 1521 2276 ἀναίσθητος
1536 2222 1591 2277 ἦν,
1611 2230 1671 2267 καὶ
1685 2229 1802 2282 Οηρίον
1823 2230 1956 2279 μᾶλλον
1972 2227 1994 2274 ἢ
2009 2231 2205 2279 ἅνθρωπος,
2220 2225 2337 2266 πολλὰ

1315 2294 1355 2331 ἂν
1373 2294 1443 2333 ἀπὸ
1461 2294 1590 2342 ταύτης
1610 2295 1772 2348 ἐκέρδανε
1787 2298 1850 2342 τ’ἧς
1875 2296 1976 2342 ζωῆς.
1997 2294 2115 2346 Χωρὶς
2141 2293 2178 2333 δὲ
2204 2293 2338 2332 τούτων

1314 2360 1484 2399 ἐλάττονα
1511 2363 1606 2415 αὐτῷ
1633 2363 1697 2409 τὴν
1722 2360 1919 2413 μέλλουσαν
1949 2359 2094 2399 κόλασιν
2124 2359 2181 2399 διὰ
2209 2359 2340 2407 ταύτης

1315 2431 1378 2475 τῆς
1396 2427 1569 2482 τιμωρίας
1601 2428 1791 2481 εἰργάζετο.
1816 2428 1874 2468 Τὰ
1901 2429 1964 2480 μὲν
1983 2428 2051 2481 γὰρ
2070 2429 2105 2466 ἐν
2122 2429 2173 2481 τῷ
2190 2425 2340 2480 παρόντι

1317 2494 1383 2548 βίῳ
1398 2496 1614 2547 Ἓπαγόμενα
1636 2500 1721 2548 ἡμῖν
1742 2496 1842 2551 παρὰ
1871 2501 1931 2536 τοῦ
1957 2499 2051 2535 Θεοῦ
2077 2494 2220 2548 λυπηρὰ
2237 2494 2261 2542 ἢ
2280 2508 2341 2534 κο·

1314 2563 1490 2615 λαστ-ν’,ρια
1510 2566 1579 2602 τῶν
1611 2565 1682 2602 ἐκεῖ
1714 2564 1877 2615 βασάνων
1911 2562 2143 2613 ὑποτέμνεται
2164 2561 2269 2614 μέρος
2298 2562 2338 2601 οὗ

1315 2630 1453 2682 μικρόν.
1487 2632 1555 2670 Καὶ
1583 2632 1703 2671 τούτου
1734 2630 1797 2674 τὰς
1828 2629 2022 2684 μαρτυρίας
2041 2627 2112 2667 ἀπὸ
2138 2630 2208 2666 τῶν
2236 2627 2336 2668 Οιίων

1313 2714 1365 2741 τις
1384 2697 1424 2735 ἂν
1442 2697 1567 2749 ἀγάγοι
1586 2699 1748 2750 Γραφῶν.
1767 2697 1814 2736 ‘O
1833 2697 1897 2748 μὲν
1915 2695 1984 2748 γὰρ
2003 2695 2152 2748 Χριστὸς
2170 2700 2242 2739 τοῖς
2259 2711 2335 2747 μα-

1313 2767 1433 2810 θηταῖς
1460 2764 1722 2815 διαλεγόμενος,
1740 2764 1800 2802 καὶ
1826 2763 1871 2802 τὰ
1890 2762 1981 2802 κατὰ
2000 2762 2058 2802 τὸν
2077 2762 2236 2816 Λάζαρον
2258 2763 2337 2811 διη-

1314 2830 1502 2882 γούμενος,
1525 2830 1610 2882 φησὶ
1655 2830 1713 2868 τὸν
1756 2828 1916 2882 Ἀδραὰμ
1956 2827 2196 2879 ίκετευόμενον
2238 2828 2336 2882 παρὰ

1315 2901 1374 2936 τοῦ
1403 2897 1567 2936 πλουσίου
1595 2896 1693 2950 ἄκρῳ
1719 2899 1770 2949 τῷ
1801 2894 1963 2946 δακτύλῳ
1993 2894 2129 2948 μικρὸν·
2152 2893 2336 2940 intudem

1316 2964 1512 3017 φλεγομένῃ
1541 2967 1585 3017 τῇ
1615 2963 1758 3016 γλώσσῃ
1787 2964 1896 3002 εἰπεῖν
1925 2962 2010 3013 πρὸς
2040 2961 2162 3001 αὐτόν·
2183 2960 2336 3011 Τέκνον,

1316 3031 1489 3082 μνήσθητι
1508 3029 1561 3069 ὅτι
1581 3029 1756 3073 ἀπέλαὸες
1775 3028 1817 3068 σὺ
1836 3028 1880 3067 τὰ
1906 3027 2021 3079 ἀγαθὰ
2047 3029 2083 3066 ἐν
2101 3030 2144 3081 τῇ
2169 3030 2241 3081 ζωῇ
2260 3043 2334 3077 σου,

1315 3098 1374 3137 καὶ
1405 3098 1562 3151 Λάζαρος
1592 3096 1636 3137 τὰ
1656 3096 1771 3136 κακά·
1802 3100 1860 3134 νῦν
1887 3094 1922 3134 δὲ
1952 3089 2048 3139 οὗτος
2067 3088 2134 3133 ὧδε
2164 3110 2333 3147 παρακα·

1314 3167 1446 3210 λεῖται,
1467 3163 1508 3204 σὺ
1532 3163 1568 3204 δὲ
1587 3165 1764 3203 ὀδυνᾶσαι.
1785 3162 1832 3202 ‘O
1861 3162 1896 3202 δὲ
1925 3163 2065 3207 Παῦλος
2090 3166 2102 3210 (
2127 3163 2267 3203 Παῧλον
2296 3162 2333 3202 δὶ

1309 3232 1398 3270 ’ὅταν
1434 3231 1600 3278 alm-mv)
1631 3234 1690 3270 τοῦ
1720 3232 1874 3282 Χριστοῦ
1907 3229 1998 3280 λέγω
2036 3230 2141 3268 πάλιν
2169 3230 2330 3282 προστά-

1315 3313 1448 3347 *murs
1470 3298 1569 3339 αὐτὸς
1599 3297 1665 3348 γὰρ
1694 3298 1755 3344 τὴν
1780 3296 1956 3348 μακαρίαν
1977 3296 2111 3343 ἐκείνην
2134 3296 2238 3335 ἐκίνει
2257 3298 2330 3347 ψυ-

1299 3451 1337 3469 7..
